<?xml version="1.0" encoding="UTF-8"?>
<!DOCTYPE html PUBLIC "-//W3C//DTD XHTML 1.0 Transitional//EN"
    "http://www.w3.org/TR/xhtml1/DTD/xhtml1-transitional.dtd">
<html xmlns="http://www.w3.org/1999/xhtml" xml:lang="en" lang="en">
 <head>
  <title>
</title>
<meta http-equiv="Content-Type" content="text/html;charset=utf-8" />
  <meta name='ocr-system' content='tesseract 3.04.00' />
  <meta name='ocr-capabilities' content='ocr_page ocr_carea ocr_par ocr_line ocrx_word'/>
</head>
<body>
  <div class='ocr_page' id='page_1' title='image "./operaomnia01apuluoft/operaomnia01apuluoft_0440.png"; bbox 0 0 2221 3667; ppageno 0'>
   <div class='ocr_carea' id='block_1_1' title="bbox 276 143 1838 196">
    <p class='ocr_par' dir='ltr' id='par_1_1' title="bbox 276 143 1838 196">
     <span class='ocr_line' id='line_1_1' title="bbox 276 143 1838 196; baseline -0.008 0"><span class='ocrx_word' id='word_1_1' title='bbox 276 153 359 196; x_wconf 81' lang='lat'><strong>288</strong></span> <span class='ocrx_word' id='word_1_2' title='bbox 530 151 577 191; x_wconf 88' lang='lat' dir='ltr'><strong>L.</strong></span> <span class='ocrx_word' id='word_1_3' title='bbox 609 150 832 192; x_wconf 87' lang='lat' dir='ltr'><strong>APULEII</strong></span> <span class='ocrx_word' id='word_1_4' title='bbox 861 145 1262 190; x_wconf 86' lang='lat' dir='ltr'><strong>MADAURENSIS</strong></span> <span class='ocrx_word' id='word_1_5' title='bbox 1293 143 1838 184; x_wconf 87' lang='lat' dir='ltr'><strong>METAMORPHOSEON</strong></span> 
     </span>
    </p>
   </div>
   <div class='ocr_carea' id='block_1_2' title="bbox 805 349 1540 404">
    <p class='ocr_par' dir='ltr' id='par_1_2' title="bbox 805 349 1540 404">
     <span class='ocr_line' id='line_1_2' title="bbox 805 349 1540 404; baseline -0.01 0"><span class='ocrx_word' id='word_1_6' title='bbox 805 349 1243 404; x_wconf 88' lang='lat' dir='ltr'>CAPUT</span> <span class='ocrx_word' id='word_1_7' title='bbox 1345 351 1540 398; x_wconf 91' lang='lat' dir='ltr'><strong>XXX.</strong></span> 
     </span>
    </p>
   </div>
   <div class='ocr_carea' id='block_1_3' title="bbox 274 470 2078 701">
    <p class='ocr_par' dir='ltr' id='par_1_3' title="bbox 274 470 2078 701">
     <span class='ocr_line' id='line_1_3' title="bbox 388 470 2076 530; baseline -0.007 -9"><span class='ocrx_word' id='word_1_8' title='bbox 388 478 452 520; x_wconf 90' lang='lat' dir='ltr'><strong>En</strong></span> <span class='ocrx_word' id='word_1_9' title='bbox 486 493 618 520; x_wconf 89' lang='lat' dir='ltr'><strong>rerum</strong></span> <span class='ocrx_word' id='word_1_10' title='bbox 651 486 815 519; x_wconf 78' lang='lat' dir='ltr'><strong>naturae</strong></span> <span class='ocrx_word' id='word_1_11' title='bbox 841 475 970 530; x_wconf 82' lang='lat' dir='ltr'><strong>prisea</strong></span> <span class='ocrx_word' id='word_1_12' title='bbox 994 486 1160 527; x_wconf 83' lang='lat' dir='ltr'><strong>parens,</strong></span> <span class='ocrx_word' id='word_1_13' title='bbox 1194 486 1243 512; x_wconf 90' lang='lat' dir='ltr'><strong>en</strong></span> <span class='ocrx_word' id='word_1_14' title='bbox 1276 472 1560 513; x_wconf 85' lang='lat' dir='ltr'><strong>elementorum</strong></span> <span class='ocrx_word' id='word_1_15' title='bbox 1585 471 1698 525; x_wconf 84' lang='lat' dir='ltr'><strong>origo</strong></span> <span class='ocrx_word' id='word_1_16' title='bbox 1724 470 1909 521; x_wconf 81' lang='lat' dir='ltr'><strong>initialis,</strong></span> <span class='ocrx_word' id='word_1_17' title='bbox 1937 483 1987 510; x_wconf 89' lang='lat' dir='ltr'><strong>en</strong></span> <span class='ocrx_word' id='word_1_18' title='bbox 2012 483 2076 510; x_wconf 90' lang='lat' dir='ltr'><strong>or-</strong></span> 
     </span>
     <span class='ocr_line' id='line_1_4' title="bbox 275 527 2077 584; baseline -0.006 -8"><span class='ocrx_word' id='word_1_19' title='bbox 275 536 335 576; x_wconf 86' lang='lat' dir='ltr'><strong>bis</strong></span> <span class='ocrx_word' id='word_1_20' title='bbox 371 536 491 577; x_wconf 84' lang='lat' dir='ltr'><strong>totius</strong></span> <span class='ocrx_word' id='word_1_21' title='bbox 529 536 630 576; x_wconf 83' lang='lat' dir='ltr'><strong>alma</strong></span> <span class='ocrx_word' id='word_1_22' title='bbox 656 535 814 582; x_wconf 86' lang='lat' dir='ltr'><strong>Venus,</strong></span> <span class='ocrx_word' id='word_1_23' title='bbox 855 544 954 584; x_wconf 84' lang='lat' dir='ltr'><strong>quae</strong></span> <span class='ocrx_word' id='word_1_24' title='bbox 991 543 1078 569; x_wconf 85' lang='lat' dir='ltr'><strong>cum</strong></span> <span class='ocrx_word' id='word_1_25' title='bbox 1115 529 1272 570; x_wconf 85' lang='lat' dir='ltr'>mortali</span> <span class='ocrx_word' id='word_1_26' title='bbox 1303 528 1431 583; x_wconf 84' lang='lat' dir='ltr'><strong>puella</strong></span> <span class='ocrx_word' id='word_1_27' title='bbox 1462 527 1651 583; x_wconf 84' lang='lat' dir='ltr'><strong>partiario</strong></span> <span class='ocrx_word' id='word_1_28' title='bbox 1682 527 1901 568; x_wconf 82' lang='lat' dir='ltr'><strong>maiestatis</strong></span> <span class='ocrx_word' id='word_1_29' title='bbox 1927 527 2077 567; x_wconf 90' lang='lat' dir='ltr'><strong>honore</strong></span> 
     </span>
     <span class='ocr_line' id='line_1_5' title="bbox 274 582 2078 643; baseline -0.006 -9"><span class='ocrx_word' id='word_1_30' title='bbox 274 599 447 643; x_wconf 83' lang='lat' dir='ltr'><strong>tractor,</strong></span> <span class='ocrx_word' id='word_1_31' title='bbox 476 600 516 633; x_wconf 84' lang='lat' dir='ltr'><strong>et</strong></span> <span class='ocrx_word' id='word_1_32' title='bbox 535 606 674 632; x_wconf 87' lang='lat' dir='ltr'><strong>nomen</strong></span> <span class='ocrx_word' id='word_1_33' title='bbox 698 602 823 629; x_wconf 87' lang='lat' dir='ltr'><strong>meum</strong></span> <span class='ocrx_word' id='word_1_34' title='bbox 841 586 950 627; x_wconf 88' lang='lat' dir='ltr'><strong>coelo</strong></span> <span class='ocrx_word' id='word_1_35' title='bbox 965 586 1163 626; x_wconf 90' lang='lat' dir='ltr'><strong>conditum</strong></span> <span class='ocrx_word' id='word_1_36' title='bbox 1182 586 1353 626; x_wconf 80' lang='lat' dir='ltr'><strong>terrenis</strong></span> <span class='ocrx_word' id='word_1_37' title='bbox 1375 585 1556 626; x_wconf 91' lang='lat' dir='ltr'><strong>sordibus</strong></span> <span class='ocrx_word' id='word_1_38' title='bbox 1582 585 1830 639; x_wconf 84' lang='lat' dir='ltr'><strong>profanatur.</strong></span> <span class='ocrx_word' id='word_1_39' title='bbox 1879 582 2078 624; x_wconf 86' lang='lat' dir='ltr'><strong>Nimirum</strong></span> 
     </span>
     <span class='ocr_line' id='line_1_6' title="bbox 275 639 2078 701; baseline -0.006 -11"><span class='ocrx_word' id='word_1_40' title='bbox 275 649 470 690; x_wconf 87' lang='lat' dir='ltr'><strong>communi</strong></span> <span class='ocrx_word' id='word_1_41' title='bbox 486 648 654 690; x_wconf 86' lang='lat' dir='ltr'><strong>numinis</strong></span> <span class='ocrx_word' id='word_1_42' title='bbox 670 647 864 701; x_wconf 83' lang='lat' dir='ltr'><strong>piamento</strong></span> <span class='ocrx_word' id='word_1_43' title='bbox 878 643 1052 683; x_wconf 82' lang='lat' dir='ltr'><strong>vicariae</strong></span> <span class='ocrx_word' id='word_1_44' title='bbox 1063 642 1330 682; x_wconf 83' lang='lat' dir='ltr'><strong>venerationis</strong></span> <span class='ocrx_word' id='word_1_45' title='bbox 1345 642 1536 683; x_wconf 88' lang='lat' dir='ltr'><strong>incertum</strong></span> <span class='ocrx_word' id='word_1_46' title='bbox 1553 641 1771 682; x_wconf 85' lang='lat' dir='ltr'><strong>sustinebo.</strong></span> <span class='ocrx_word' id='word_1_47' title='bbox 1798 639 1854 681; x_wconf 79' lang='lat' dir='ltr'><strong>Et</strong></span> <span class='ocrx_word' id='word_1_48' title='bbox 1866 639 2078 694; x_wconf 85' lang='lat' dir='ltr'><strong>imaginem</strong></span> 
     </span>
    </p>
   </div>
   <div class='ocr_carea' id='block_1_4' title="bbox 186 696 2078 762">
    <p class='ocr_par' dir='ltr' id='par_1_4' title="bbox 186 696 2078 762">
     <span class='ocr_line' id='line_1_7' title="bbox 186 696 2078 762; baseline -0.006 -15"><span class='ocrx_word' id='word_1_49' title='bbox 186 720 252 753; x_wconf 84' lang='lat'><strong>304</strong></span> <span class='ocrx_word' id='word_1_50' title='bbox 275 720 400 747; x_wconf 85' lang='lat' dir='ltr'><strong>meam</strong></span> <span class='ocrx_word' id='word_1_51' title='bbox 423 706 429 762; x_wconf 80' lang='lat' dir='ltr'><strong>l</strong></span> <span class='ocrx_word' id='word_1_52' title='bbox 450 705 702 746; x_wconf 83' lang='lat' dir='ltr'><strong>circumferre</strong></span> <span class='ocrx_word' id='word_1_53' title='bbox 728 700 895 756; x_wconf 84' lang='lat' dir='ltr'><strong>puellam</strong></span> <span class='ocrx_word' id='word_1_54' title='bbox 920 699 1178 740; x_wconf 81' lang='lat' dir='ltr'><strong>morituram?</strong></span> <span class='ocrx_word' id='word_1_55' title='bbox 1203 697 1371 740; x_wconf 81' lang='lat' dir='ltr'><strong>Frustra</strong></span> <span class='ocrx_word' id='word_1_56' title='bbox 1397 711 1457 739; x_wconf 89' lang='lat' dir='ltr'><strong>me</strong></span> <span class='ocrx_word' id='word_1_57' title='bbox 1483 705 1619 753; x_wconf 76' lang='lat' dir='ltr'><strong>pastor</strong></span> <span class='ocrx_word' id='word_1_58' title='bbox 1642 698 1724 750; x_wconf 88' lang='lat' dir='ltr'><strong>ille,</strong></span> <span class='ocrx_word' id='word_1_59' title='bbox 1752 696 1863 738; x_wconf 88' lang='lat' dir='ltr'><strong>cuius</strong></span> <span class='ocrx_word' id='word_1_60' title='bbox 1887 696 2078 738; x_wconf 81' lang='lat' dir='ltr'><strong>iustitiam</strong></span> 
     </span>
    </p>
   </div>
   <div class='ocr_carea' id='block_1_5' title="bbox 273 822 2084 1319">
    <p class='ocr_par' dir='ltr' id='par_1_5' title="bbox 273 822 2084 1319">
     <span class='ocr_line' id='line_1_8' title="bbox 366 822 2078 866; baseline -0.005 -3"><span class='ocrx_word' id='word_1_61' title='bbox 366 838 495 863; x_wconf 79' lang='lat' dir='ltr'><strong>natura</strong></span> <span class='ocrx_word' id='word_1_62' title='bbox 509 836 544 862; x_wconf 88' lang='lat' dir='ltr'><strong>G.</strong></span> <span class='ocrx_word' id='word_1_63' title='bbox 556 835 583 862; x_wconf 87' lang='lat'><strong>1.</strong></span> <span class='ocrx_word' id='word_1_64' title='bbox 598 840 619 861; x_wconf 86' lang='lat' dir='ltr'><strong>a</strong></span> <span class='ocrx_word' id='word_1_65' title='bbox 631 833 670 860; x_wconf 84' lang='lat' dir='ltr'><strong>m.</strong></span> <span class='ocrx_word' id='word_1_66' title='bbox 685 839 715 865; x_wconf 83' lang='lat' dir='ltr'><strong>p.</strong></span> <span class='ocrx_word' id='word_1_67' title='bbox 731 832 766 859; x_wconf 86' lang='lat' dir='ltr'><strong>P.</strong></span> <span class='ocrx_word' id='word_1_68' title='bbox 781 830 907 859; x_wconf 81' lang='lat' dir='ltr'><strong>Vicent.</strong></span> <span class='ocrx_word' id='word_1_69' title='bbox 920 830 1004 858; x_wconf 74' lang='lat' dir='ltr'><strong>lunt.</strong></span> <span class='ocrx_word' id='word_1_70' title='bbox 1017 830 1130 857; x_wconf 84' lang='lat' dir='ltr'><strong>1.Ald.</strong></span> <span class='ocrx_word' id='word_1_71' title='bbox 1155 826 1324 856; x_wconf 76' lang='lat' dir='ltr'><strong>cultorum</strong></span> <span class='ocrx_word' id='word_1_72' title='bbox 1338 836 1394 863; x_wconf 82' lang='lat' dir='ltr'><strong>pro</strong></span> <span class='ocrx_word' id='word_1_73' title='bbox 1408 827 1646 856; x_wconf 76' lang='lat' dir='ltr'><strong>elementorum</strong></span> <span class='ocrx_word' id='word_1_74' title='bbox 1657 829 1692 856; x_wconf 89' lang='lat' dir='ltr'><strong>P.</strong></span> <span class='ocrx_word' id='word_1_75' title='bbox 1707 822 1810 866; x_wconf 85' lang='lat' dir='ltr'><strong>(quae</strong></span> <span class='ocrx_word' id='word_1_76' title='bbox 1823 827 1920 856; x_wconf 83' lang='lat' dir='ltr'><strong>lectio</strong></span> <span class='ocrx_word' id='word_1_77' title='bbox 1935 835 1975 856; x_wconf 89' lang='lat' dir='ltr'><strong>ex</strong></span> <span class='ocrx_word' id='word_1_78' title='bbox 1988 834 2078 855; x_wconf 85' lang='lat' dir='ltr'><strong>com-</strong></span> 
     </span>
     <span class='ocr_line' id='line_1_9' title="bbox 275 871 2079 916; baseline -0.007 -5"><span class='ocrx_word' id='word_1_79' title='bbox 275 881 392 916; x_wconf 84' lang='lat' dir='ltr'><strong>pendio</strong></span> <span class='ocrx_word' id='word_1_80' title='bbox 411 877 571 907; x_wconf 76' lang='lat' dir='ltr'><strong>el’torum</strong></span> <span class='ocrx_word' id='word_1_81' title='bbox 594 878 722 905; x_wconf 78' lang='lat' dir='ltr'><strong>videtur</strong></span> <span class='ocrx_word' id='word_1_82' title='bbox 740 884 814 904; x_wconf 85' lang='lat' dir='ltr'><strong>esse</strong></span> <span class='ocrx_word' id='word_1_83' title='bbox 835 871 930 914; x_wconf 86' lang='lat' dir='ltr'><strong>nata)</strong></span> <span class='ocrx_word' id='word_1_84' title='bbox 956 873 1153 902; x_wconf 77' lang='lat' dir='ltr'><strong>elementum</strong></span> <span class='ocrx_word' id='word_1_85' title='bbox 1167 874 1270 902; x_wconf 80' lang='lat' dir='ltr'><strong>Basil.</strong></span> <span class='ocrx_word' id='word_1_86' title='bbox 1288 875 1315 901; x_wconf 88' lang='lat'><strong>1.</strong></span> <span class='ocrx_word' id='word_1_87' title='bbox 1341 872 1454 901; x_wconf 75' lang='lat' dir='ltr'><strong>unalis</strong></span> <span class='ocrx_word' id='word_1_88' title='bbox 1468 874 1502 902; x_wconf 92' lang='grc' dir='ltr'><strong>Ο.</strong></span> <span class='ocrx_word' id='word_1_89' title='bbox 1517 881 1573 908; x_wconf 83' lang='lat' dir='ltr'><strong>pro</strong></span> <span class='ocrx_word' id='word_1_90' title='bbox 1586 872 1733 900; x_wconf 76' lang='lat' dir='ltr'><strong>initialis</strong></span> <span class='ocrx_word' id='word_1_91' title='bbox 1757 872 1849 911; x_wconf 88' lang='lat' dir='ltr'><strong>(Oud.</strong></span> <span class='ocrx_word' id='word_1_92' title='bbox 1871 875 1978 909; x_wconf 74' lang='lat' dir='ltr'><strong>putat,</strong></span> <span class='ocrx_word' id='word_1_93' title='bbox 2005 872 2079 900; x_wconf 84' lang='lat' dir='ltr'><strong>hinc</strong></span> 
     </span>
     <span class='ocr_line' id='line_1_10' title="bbox 276 916 2081 962; baseline -0.006 -7"><span class='ocrx_word' id='word_1_94' title='bbox 276 927 388 962; x_wconf 83' lang='lat' dir='ltr'><strong>colligi</strong></span> <span class='ocrx_word' id='word_1_95' title='bbox 403 934 509 960; x_wconf 78' lang='lat' dir='ltr'><strong>posse,</strong></span> <span class='ocrx_word' id='word_1_96' title='bbox 525 924 620 951; x_wconf 82' lang='lat' dir='ltr'><strong>etiam</strong></span> <span class='ocrx_word' id='word_1_97' title='bbox 635 922 669 950; x_wconf 87' lang='lat' dir='ltr'><strong>in</strong></span> <span class='ocrx_word' id='word_1_98' title='bbox 684 923 719 950; x_wconf 89' lang='lat' dir='ltr'><strong>G.</strong></span> <span class='ocrx_word' id='word_1_99' title='bbox 730 923 758 949; x_wconf 87' lang='lat'><strong>1.</strong></span> <span class='ocrx_word' id='word_1_100' title='bbox 774 921 821 949; x_wconf 80' lang='lat' dir='ltr'><strong>ita</strong></span> <span class='ocrx_word' id='word_1_101' title='bbox 834 920 909 957; x_wconf 84' lang='lat' dir='ltr'><strong>legi,</strong></span> <span class='ocrx_word' id='word_1_102' title='bbox 925 927 988 954; x_wconf 86' lang='lat' dir='ltr'><strong>qua</strong></span> <span class='ocrx_word' id='word_1_103' title='bbox 1002 927 1037 948; x_wconf 88' lang='lat' dir='ltr'><strong>re</strong></span> <span class='ocrx_word' id='word_1_104' title='bbox 1049 923 1157 948; x_wconf 86' lang='lat' dir='ltr'><strong>tamen</strong></span> <span class='ocrx_word' id='word_1_105' title='bbox 1172 919 1278 947; x_wconf 82' lang='lat' dir='ltr'><strong>falsus</strong></span> <span class='ocrx_word' id='word_1_106' title='bbox 1292 923 1350 947; x_wconf 79' lang='lat' dir='ltr'><strong>est.</strong></span> <span class='ocrx_word' id='word_1_107' title='bbox 1375 919 1422 947; x_wconf 87' lang='lat' dir='ltr'><strong>Ibi</strong></span> <span class='ocrx_word' id='word_1_108' title='bbox 1437 919 1522 948; x_wconf 88' lang='lat' dir='ltr'><strong>enim</strong></span> <span class='ocrx_word' id='word_1_109' title='bbox 1536 921 1647 953; x_wconf 84' lang='lat' dir='ltr'><strong>aperte</strong></span> <span class='ocrx_word' id='word_1_110' title='bbox 1661 917 1814 947; x_wconf 78' lang='lat' dir='ltr'><strong>scribitur</strong></span> <span class='ocrx_word' id='word_1_111' title='bbox 1826 916 1990 954; x_wconf 70' lang='lat' dir='ltr'><strong>initialis,</strong></span> <span class='ocrx_word' id='word_1_112' title='bbox 2017 920 2049 945; x_wconf 86' lang='lat' dir='ltr'><strong>ut</strong></span> <span class='ocrx_word' id='word_1_113' title='bbox 2064 926 2081 945; x_wconf 89' lang='lat' dir='ltr'><strong>e</strong></span> 
     </span>
     <span class='ocr_line' id='line_1_11' title="bbox 275 964 2081 1003; baseline -0.006 -3"><span class='ocrx_word' id='word_1_114' title='bbox 275 971 438 1000; x_wconf 81' lang='lat' dir='ltr'><strong>contrario</strong></span> <span class='ocrx_word' id='word_1_115' title='bbox 452 969 535 998; x_wconf 80' lang='lat' dir='ltr'><strong>effici</strong></span> <span class='ocrx_word' id='word_1_116' title='bbox 548 970 660 1003; x_wconf 79' lang='lat' dir='ltr'><strong>queat,</strong></span> <span class='ocrx_word' id='word_1_117' title='bbox 687 967 712 995; x_wconf 88' lang='lat'>0</span> <span class='ocrx_word' id='word_1_118' title='bbox 725 974 851 1001; x_wconf 79' lang='lat' dir='ltr'><strong>quoque</strong></span> <span class='ocrx_word' id='word_1_119' title='bbox 864 968 949 994; x_wconf 83' lang='lat' dir='ltr'><strong>hanc</strong></span> <span class='ocrx_word' id='word_1_120' title='bbox 962 966 1156 1000; x_wconf 82' lang='lat' dir='ltr'><strong>scripturam</strong></span> <span class='ocrx_word' id='word_1_121' title='bbox 1171 966 1325 998; x_wconf 75' lang='lat' dir='ltr'><strong>praebere</strong></span> <span class='ocrx_word' id='word_1_122' title='bbox 1335 987 1342 1001; x_wconf 89' lang='lat'><strong>‚</strong></span> <span class='ocrx_word' id='word_1_123' title='bbox 1368 971 1453 998; x_wconf 86' lang='lat' dir='ltr'><strong>quae</strong></span> <span class='ocrx_word' id='word_1_124' title='bbox 1466 964 1606 992; x_wconf 79' lang='lat' dir='ltr'><strong>sortasse</strong></span> <span class='ocrx_word' id='word_1_125' title='bbox 1620 971 1661 992; x_wconf 87' lang='lat' dir='ltr'><strong>ex</strong></span> <span class='ocrx_word' id='word_1_126' title='bbox 1673 967 1750 992; x_wconf 83' lang='lat' dir='ltr'><strong>nota</strong></span> <span class='ocrx_word' id='word_1_127' title='bbox 1769 964 1908 997; x_wconf 79' lang='lat' dir='ltr'><strong>quadam</strong></span> <span class='ocrx_word' id='word_1_128' title='bbox 1929 965 2081 996; x_wconf 81' lang='lat' dir='ltr'><strong>corrupta</strong></span> 
     </span>
     <span class='ocr_line' id='line_1_12' title="bbox 275 1007 2083 1055; baseline -0.006 -10"><span class='ocrx_word' id='word_1_129' title='bbox 275 1013 351 1055; x_wconf 82' lang='lat' dir='ltr'><strong>est.)</strong></span> <span class='ocrx_word' id='word_1_130' title='bbox 398 1022 485 1052; x_wconf 80' lang='lat' dir='ltr'><strong>quae</strong></span> <span class='ocrx_word' id='word_1_131' title='bbox 504 1022 587 1042; x_wconf 81' lang='lat' dir='ltr'><strong>cum.</strong></span> <span class='ocrx_word' id='word_1_132' title='bbox 625 1015 728 1041; x_wconf 84' lang='lat' dir='ltr'><strong>Multo</strong></span> <span class='ocrx_word' id='word_1_133' title='bbox 747 1011 930 1041; x_wconf 81' lang='lat' dir='ltr'><strong>efficaciore</strong></span> <span class='ocrx_word' id='word_1_134' title='bbox 951 1010 1116 1039; x_wconf 86' lang='lat' dir='ltr'><strong>sententia</strong></span> <span class='ocrx_word' id='word_1_135' title='bbox 1134 1013 1162 1038; x_wconf 83' lang='lat' dir='ltr'><strong>et</strong></span> <span class='ocrx_word' id='word_1_136' title='bbox 1183 1010 1382 1044; x_wconf 77' lang='lat' dir='ltr'><strong>elegantiore</strong></span> <span class='ocrx_word' id='word_1_137' title='bbox 1400 1009 1564 1038; x_wconf 78' lang='lat' dir='ltr'><strong>locutione</strong></span> <span class='ocrx_word' id='word_1_138' title='bbox 1578 1016 1752 1044; x_wconf 77' lang='lat' dir='ltr'><strong>pronomen</strong></span> <span class='ocrx_word' id='word_1_139' title='bbox 1765 1008 1941 1037; x_wconf 83' lang='lat' dir='ltr'><strong>relativum</strong></span> <span class='ocrx_word' id='word_1_140' title='bbox 1954 1007 2006 1036; x_wconf 83' lang='lat' dir='ltr'><strong>nic</strong></span> <span class='ocrx_word' id='word_1_141' title='bbox 2019 1014 2083 1035; x_wconf 89' lang='lat' dir='ltr'><strong>non</strong></span> 
     </span>
     <span class='ocr_line' id='line_1_13' title="bbox 274 1053 2082 1096; baseline -0.006 -6"><span class='ocrx_word' id='word_1_142' title='bbox 274 1062 337 1096; x_wconf 81' lang='lat' dir='ltr'><strong>legi</strong></span> <span class='ocrx_word' id='word_1_143' title='bbox 358 1068 418 1089; x_wconf 86' lang='lat' dir='ltr'><strong>nec</strong></span> <span class='ocrx_word' id='word_1_144' title='bbox 439 1060 607 1089; x_wconf 76' lang='lat' dir='ltr'><strong>addidisse</strong></span> <span class='ocrx_word' id='word_1_145' title='bbox 625 1066 697 1087; x_wconf 81' lang='lat' dir='ltr'><strong>eam</strong></span> <span class='ocrx_word' id='word_1_146' title='bbox 718 1057 811 1087; x_wconf 84' lang='lat' dir='ltr'><strong>aurei</strong></span> <span class='ocrx_word' id='word_1_147' title='bbox 829 1056 904 1086; x_wconf 85' lang='lat' dir='ltr'><strong>aevi</strong></span> <span class='ocrx_word' id='word_1_148' title='bbox 922 1060 1035 1091; x_wconf 83' lang='lat' dir='ltr'><strong>poetae</strong></span> <span class='ocrx_word' id='word_1_149' title='bbox 1054 1059 1084 1085; x_wconf 87' lang='lat' dir='ltr'><strong>et</strong></span> <span class='ocrx_word' id='word_1_150' title='bbox 1097 1059 1259 1092; x_wconf 82' lang='lat' dir='ltr'><strong>oratores,</strong></span> <span class='ocrx_word' id='word_1_151' title='bbox 1283 1054 1392 1089; x_wconf 78' lang='lat' dir='ltr'><strong>opinio</strong></span> <span class='ocrx_word' id='word_1_152' title='bbox 1406 1058 1454 1084; x_wconf 80' lang='lat' dir='ltr'><strong>est</strong></span> <span class='ocrx_word' id='word_1_153' title='bbox 1469 1055 1548 1083; x_wconf 81' lang='lat' dir='ltr'><strong>oud.</strong></span> <span class='ocrx_word' id='word_1_154' title='bbox 1597 1053 1754 1081; x_wconf 71' lang='lat' dir='ltr'><strong>naortalis</strong></span> <span class='ocrx_word' id='word_1_155' title='bbox 1766 1055 1882 1083; x_wconf 84' lang='lat' dir='ltr'><strong>Venet.</strong></span> <span class='ocrx_word' id='word_1_156' title='bbox 1895 1055 1927 1082; x_wconf 81' lang='lat'><strong>2.</strong></span> <span class='ocrx_word' id='word_1_157' title='bbox 1975 1060 2082 1080; x_wconf 82' lang='lat' dir='ltr'><strong>meum</strong></span> 
     </span>
     <span class='ocr_line' id='line_1_14' title="bbox 275 1098 2082 1141; baseline -0.006 -7"><span class='ocrx_word' id='word_1_158' title='bbox 275 1109 364 1135; x_wconf 83' lang='lat' dir='ltr'><strong>abest</strong></span> <span class='ocrx_word' id='word_1_159' title='bbox 379 1114 398 1134; x_wconf 88' lang='lat' dir='ltr'><strong>a</strong></span> <span class='ocrx_word' id='word_1_160' title='bbox 412 1103 440 1135; x_wconf 78' lang='grc' dir='ltr'><strong>ὃ.</strong></span> <span class='ocrx_word' id='word_1_161' title='bbox 490 1105 613 1132; x_wconf 71' lang='lat' dir='ltr'><strong>terreis</strong></span> <span class='ocrx_word' id='word_1_162' title='bbox 627 1106 663 1133; x_wconf 88' lang='lat' dir='ltr'><strong>G.</strong></span> <span class='ocrx_word' id='word_1_163' title='bbox 680 1105 707 1132; x_wconf 87' lang='lat'><strong>1.</strong></span> <span class='ocrx_word' id='word_1_164' title='bbox 750 1103 980 1141; x_wconf 78' lang='lat' dir='ltr'><strong>prnsaumtnr</strong></span> <span class='ocrx_word' id='word_1_165' title='bbox 995 1102 1015 1131; x_wconf 85' lang='lat' dir='ltr'><strong>f.</strong></span> <span class='ocrx_word' id='word_1_166' title='bbox 1063 1100 1192 1129; x_wconf 73' lang='lat' dir='ltr'><strong>numini</strong></span> <span class='ocrx_word' id='word_1_167' title='bbox 1209 1102 1245 1129; x_wconf 88' lang='lat' dir='ltr'><strong>G.</strong></span> <span class='ocrx_word' id='word_1_168' title='bbox 1262 1102 1290 1129; x_wconf 87' lang='lat'><strong>1.</strong></span> <span class='ocrx_word' id='word_1_169' title='bbox 1305 1104 1333 1129; x_wconf 77' lang='lat' dir='ltr'><strong>et</strong></span> <span class='ocrx_word' id='word_1_170' title='bbox 1348 1101 1388 1128; x_wconf 91' lang='lat' dir='ltr'><strong>D.</strong></span> <span class='ocrx_word' id='word_1_171' title='bbox 1419 1099 1548 1127; x_wconf 74' lang='lat' dir='ltr'><strong>ramim·</strong></span> <span class='ocrx_word' id='word_1_172' title='bbox 1559 1101 1594 1128; x_wconf 87' lang='lat' dir='ltr'><strong>P.</strong></span> <span class='ocrx_word' id='word_1_173' title='bbox 1625 1098 1764 1127; x_wconf 82' lang='lat' dir='ltr'><strong>ranmm&#39;</strong></span> <span class='ocrx_word' id='word_1_174' title='bbox 1781 1100 1817 1127; x_wconf 88' lang='lat' dir='ltr'><strong>G.</strong></span> <span class='ocrx_word' id='word_1_175' title='bbox 1830 1101 1862 1128; x_wconf 77' lang='lat'><strong>2.</strong></span> <span class='ocrx_word' id='word_1_176' title='bbox 1903 1098 2082 1136; x_wconf 74' lang='lat' dir='ltr'><strong>piamenta</strong></span> 
     </span>
     <span class='ocr_line' id='line_1_15' title="bbox 273 1143 2083 1184; baseline -0.005 -4"><span class='ocrx_word' id='word_1_177' title='bbox 273 1153 312 1180; x_wconf 89' lang='lat' dir='ltr'><strong>D.</strong></span> <span class='ocrx_word' id='word_1_178' title='bbox 326 1159 346 1180; x_wconf 87' lang='lat' dir='ltr'><strong>a</strong></span> <span class='ocrx_word' id='word_1_179' title='bbox 360 1159 399 1180; x_wconf 90' lang='lat' dir='ltr'><strong>m.</strong></span> <span class='ocrx_word' id='word_1_180' title='bbox 414 1160 441 1180; x_wconf 85' lang='lat' dir='ltr'><strong>s.</strong></span> <span class='ocrx_word' id='word_1_181' title='bbox 488 1149 652 1177; x_wconf 67' lang='lat' dir='ltr'><strong>intertum</strong></span> <span class='ocrx_word' id='word_1_182' title='bbox 673 1157 729 1184; x_wconf 79' lang='lat' dir='ltr'><strong>pro</strong></span> <span class='ocrx_word' id='word_1_183' title='bbox 747 1148 913 1176; x_wconf 76' lang='lat' dir='ltr'><strong>incertum</strong></span> <span class='ocrx_word' id='word_1_184' title='bbox 927 1149 965 1176; x_wconf 93' lang='lat' dir='ltr'><strong>D.</strong></span> <span class='ocrx_word' id='word_1_185' title='bbox 980 1154 1001 1176; x_wconf 86' lang='lat' dir='ltr'><strong>a</strong></span> <span class='ocrx_word' id='word_1_186' title='bbox 1013 1155 1053 1175; x_wconf 92' lang='lat' dir='ltr'><strong>m.</strong></span> <span class='ocrx_word' id='word_1_187' title='bbox 1069 1155 1116 1183; x_wconf 58' lang='grc' dir='ltr'><strong>ιι,</strong></span> <span class='ocrx_word' id='word_1_188' title='bbox 1143 1147 1225 1180; x_wconf 86' lang='lat' dir='ltr'><strong>quod</strong></span> <span class='ocrx_word' id='word_1_189' title='bbox 1241 1145 1357 1174; x_wconf 84' lang='lat' dir='ltr'><strong>deinde</strong></span> <span class='ocrx_word' id='word_1_190' title='bbox 1370 1152 1390 1174; x_wconf 84' lang='lat' dir='ltr'><strong>a</strong></span> <span class='ocrx_word' id='word_1_191' title='bbox 1404 1154 1442 1174; x_wconf 90' lang='lat' dir='ltr'><strong>m.</strong></span> <span class='ocrx_word' id='word_1_192' title='bbox 1457 1154 1484 1174; x_wconf 86' lang='lat' dir='ltr'><strong>s.</strong></span> <span class='ocrx_word' id='word_1_193' title='bbox 1510 1152 1678 1180; x_wconf 84' lang='lat' dir='ltr'><strong>perperam</strong></span> <span class='ocrx_word' id='word_1_194' title='bbox 1696 1145 1730 1174; x_wconf 87' lang='lat' dir='ltr'><strong>in</strong></span> <span class='ocrx_word' id='word_1_195' title='bbox 1744 1143 1911 1172; x_wconf 76' lang='lat' dir='ltr'><strong>interdum</strong></span> <span class='ocrx_word' id='word_1_196' title='bbox 1925 1147 2083 1173; x_wconf 81' lang='lat' dir='ltr'><strong>mutatum</strong></span> 
     </span>
     <span class='ocr_line' id='line_1_16' title="bbox 273 1189 2082 1230; baseline -0.005 -5"><span class='ocrx_word' id='word_1_197' title='bbox 273 1201 332 1225; x_wconf 87' lang='lat' dir='ltr'><strong>est.</strong></span> <span class='ocrx_word' id='word_1_198' title='bbox 380 1196 547 1224; x_wconf 71' lang='lat' dir='ltr'><strong>sustineto</strong></span> <span class='ocrx_word' id='word_1_199' title='bbox 562 1198 597 1224; x_wconf 86' lang='lat' dir='ltr'><strong>G.</strong></span> <span class='ocrx_word' id='word_1_200' title='bbox 612 1197 643 1225; x_wconf 74' lang='lat'><strong>2.</strong></span> <span class='ocrx_word' id='word_1_201' title='bbox 659 1197 693 1223; x_wconf 90' lang='lat' dir='ltr'><strong>P.</strong></span> <span class='ocrx_word' id='word_1_202' title='bbox 707 1196 744 1222; x_wconf 88' lang='lat' dir='ltr'><strong>D.</strong></span> <span class='ocrx_word' id='word_1_203' title='bbox 759 1201 779 1222; x_wconf 85' lang='lat' dir='ltr'><strong>a</strong></span> <span class='ocrx_word' id='word_1_204' title='bbox 791 1202 832 1222; x_wconf 91' lang='lat' dir='ltr'><strong>m.</strong></span> <span class='ocrx_word' id='word_1_205' title='bbox 848 1202 877 1228; x_wconf 84' lang='lat' dir='ltr'><strong>p.</strong></span> <span class='ocrx_word' id='word_1_206' title='bbox 904 1191 1095 1220; x_wconf 75' lang='lat' dir='ltr'><strong>substinebo</strong></span> <span class='ocrx_word' id='word_1_207' title='bbox 1110 1193 1146 1220; x_wconf 89' lang='lat' dir='ltr'><strong>G.</strong></span> <span class='ocrx_word' id='word_1_208' title='bbox 1163 1194 1192 1220; x_wconf 86' lang='lat'><strong>1.</strong></span> <span class='ocrx_word' id='word_1_209' title='bbox 1240 1190 1464 1230; x_wconf 75' lang='lat' dir='ltr'><strong>circumferre</strong></span> <span class='ocrx_word' id='word_1_210' title='bbox 1478 1191 1513 1219; x_wconf 77' lang='lat' dir='ltr'><strong>F.</strong></span> <span class='ocrx_word' id='word_1_211' title='bbox 1529 1192 1560 1219; x_wconf 84' lang='lat'><strong>3.</strong></span> <span class='ocrx_word' id='word_1_212' title='bbox 1574 1192 1610 1219; x_wconf 88' lang='lat' dir='ltr'><strong>G.</strong></span> <span class='ocrx_word' id='word_1_213' title='bbox 1626 1192 1655 1219; x_wconf 80' lang='lat'><strong>2.</strong></span> <span class='ocrx_word' id='word_1_214' title='bbox 1670 1191 1709 1219; x_wconf 84' lang='lat' dir='ltr'><strong>D.</strong></span> <span class='ocrx_word' id='word_1_215' title='bbox 1735 1189 1940 1229; x_wconf 65' lang='lat' dir='ltr'><strong>circumfert:</strong></span> <span class='ocrx_word' id='word_1_216' title='bbox 1956 1189 2031 1218; x_wconf 67' lang='lat' dir='ltr'><strong>Et.</strong></span> <span class='ocrx_word' id='word_1_217' title='bbox 2047 1190 2082 1217; x_wconf 90' lang='lat' dir='ltr'><strong>P.</strong></span> 
     </span>
     <span class='ocr_line' id='line_1_17' title="bbox 274 1234 2084 1280; baseline -0.005 -10"><span class='ocrx_word' id='word_1_218' title='bbox 274 1242 384 1271; x_wconf 79' lang='lat' dir='ltr'><strong>0.R.f.</strong></span> <span class='ocrx_word' id='word_1_219' title='bbox 411 1241 633 1280; x_wconf 67' lang='lat' dir='ltr'><strong>circumferte</strong></span> <span class='ocrx_word' id='word_1_220' title='bbox 647 1239 722 1269; x_wconf 53' lang='lat' dir='ltr'><strong>Ga.</strong></span> <span class='ocrx_word' id='word_1_221' title='bbox 749 1239 854 1268; x_wconf 73' lang='lat' dir='ltr'><strong>Ceteri</strong></span> <span class='ocrx_word' id='word_1_222' title='bbox 868 1239 1282 1267; x_wconf 79' lang='lat' dir='ltr'><strong>codd.etedd.vett.omnes</strong></span> <span class='ocrx_word' id='word_1_223' title='bbox 1298 1239 1451 1271; x_wconf 83' lang='lat' dir='ltr'><strong>praebent</strong></span> <span class='ocrx_word' id='word_1_224' title='bbox 1465 1235 1696 1276; x_wconf 60' lang='lat' dir='ltr'><strong>c·1‘r62171{feret.</strong></span> <span class='ocrx_word' id='word_1_225' title='bbox 1715 1234 1866 1272; x_wconf 81' lang='lat' dir='ltr'><strong>puellam</strong></span> <span class='ocrx_word' id='word_1_226' title='bbox 1880 1234 2084 1262; x_wconf 77' lang='lat' dir='ltr'><strong>morituram</strong></span> 
     </span>
     <span class='ocr_line' id='line_1_18' title="bbox 274 1280 2082 1319; baseline -0.004 -3"><span class='ocrx_word' id='word_1_227' title='bbox 274 1288 310 1316; x_wconf 78' lang='lat' dir='ltr'><strong>F.</strong></span> <span class='ocrx_word' id='word_1_228' title='bbox 323 1288 355 1316; x_wconf 83' lang='lat'><strong>3.</strong></span> <span class='ocrx_word' id='word_1_229' title='bbox 370 1289 407 1316; x_wconf 89' lang='lat' dir='ltr'><strong>G.</strong></span> <span class='ocrx_word' id='word_1_230' title='bbox 423 1287 452 1316; x_wconf 88' lang='lat'><strong>1.</strong></span> <span class='ocrx_word' id='word_1_231' title='bbox 467 1289 497 1316; x_wconf 74' lang='lat'><strong>2.</strong></span> <span class='ocrx_word' id='word_1_232' title='bbox 512 1288 550 1316; x_wconf 94' lang='lat' dir='ltr'><strong>D.</strong></span> <span class='ocrx_word' id='word_1_233' title='bbox 577 1286 683 1317; x_wconf 87' lang='lat' dir='ltr'><strong>Ceteri</strong></span> <span class='ocrx_word' id='word_1_234' title='bbox 698 1286 786 1314; x_wconf 88' lang='lat' dir='ltr'><strong>codd.</strong></span> <span class='ocrx_word' id='word_1_235' title='bbox 801 1288 830 1313; x_wconf 87' lang='lat' dir='ltr'><strong>et</strong></span> <span class='ocrx_word' id='word_1_236' title='bbox 845 1285 914 1313; x_wconf 86' lang='lat' dir='ltr'><strong>edd.</strong></span> <span class='ocrx_word' id='word_1_237' title='bbox 930 1291 1041 1313; x_wconf 80' lang='lat' dir='ltr'><strong>omnes</strong></span> <span class='ocrx_word' id='word_1_238' title='bbox 1055 1287 1132 1312; x_wconf 78' lang='lat' dir='ltr'><strong>vett.</strong></span> <span class='ocrx_word' id='word_1_239' title='bbox 1153 1281 1271 1319; x_wconf 78' lang='lat' dir='ltr'><strong>puella</strong></span> <span class='ocrx_word' id='word_1_240' title='bbox 1285 1281 1455 1310; x_wconf 73' lang='lat' dir='ltr'><strong>moritura</strong></span> <span class='ocrx_word' id='word_1_241' title='bbox 1467 1284 1591 1318; x_wconf 83' lang='lat' dir='ltr'><strong>legunt.</strong></span> <span class='ocrx_word' id='word_1_242' title='bbox 1622 1281 1776 1309; x_wconf 70' lang='lat' dir='ltr'><strong>marcian</strong></span> <span class='ocrx_word' id='word_1_243' title='bbox 1790 1289 1847 1316; x_wconf 86' lang='lat' dir='ltr'><strong>pro</strong></span> <span class='ocrx_word' id='word_1_244' title='bbox 1861 1280 2032 1308; x_wconf 75' lang='lat' dir='ltr'><strong>moritura</strong></span> <span class='ocrx_word' id='word_1_245' title='bbox 2045 1280 2082 1308; x_wconf 90' lang='lat' dir='ltr'><strong>B.</strong></span> 
     </span>
    </p>
   </div>
   <div class='ocr_carea' id='block_1_6' title="bbox 333 1389 2083 1447">
    <p class='ocr_par' dir='ltr' id='par_1_6' title="bbox 333 1389 2083 1447">
     <span class='ocr_line' id='line_1_19' title="bbox 333 1389 2083 1447; baseline -0.005 -11"><span class='ocrx_word' id='word_1_246' title='bbox 333 1397 421 1437; x_wconf 73' lang='lat' dir='ltr'><strong>CAP.</strong></span> <span class='ocrx_word' id='word_1_247' title='bbox 457 1396 591 1436; x_wconf 91' lang='lat' dir='ltr'><strong>XXX.</strong></span> <span class='ocrx_word' id='word_1_248' title='bbox 644 1409 779 1436; x_wconf 74' lang='lat' dir='ltr'><strong>rerum</strong></span> <span class='ocrx_word' id='word_1_249' title='bbox 811 1396 954 1447; x_wconf 81' lang='lat' dir='ltr'><strong>prisca</strong></span> <span class='ocrx_word' id='word_1_250' title='bbox 986 1408 1151 1447; x_wconf 81' lang='lat' dir='ltr'><strong>parens.</strong></span> <span class='ocrx_word' id='word_1_251' title='bbox 1206 1394 1389 1446; x_wconf 80' lang='lat' dir='ltr'><strong>puellam</strong></span> <span class='ocrx_word' id='word_1_252' title='bbox 1402 1394 1651 1432; x_wconf 76' lang='lat' dir='ltr'><strong>morituram.</strong></span> <span class='ocrx_word' id='word_1_253' title='bbox 1668 1391 1797 1444; x_wconf 85' lang='lat' dir='ltr'><strong>[Hanc</strong></span> <span class='ocrx_word' id='word_1_254' title='bbox 1812 1389 2021 1430; x_wconf 87' lang='lat' dir='ltr'><strong>lectionem</strong></span> <span class='ocrx_word' id='word_1_255' title='bbox 2034 1403 2083 1428; x_wconf 85' lang='lat' dir='ltr'><strong>ex</strong></span> 
     </span>
    </p>
   </div>
   <div class='ocr_carea' id='block_1_7' title="bbox 277 1451 1158 3212">
    <p class='ocr_par' dir='ltr' id='par_1_7' title="bbox 277 1451 1153 1791">
     <span class='ocr_line' id='line_1_20' title="bbox 277 1451 1153 1508; baseline -0.006 -14"><span class='ocrx_word' id='word_1_256' title='bbox 277 1454 403 1508; x_wconf 86' lang='lat' dir='ltr'><strong>[Idem</strong></span> <span class='ocrx_word' id='word_1_257' title='bbox 428 1455 609 1506; x_wconf 84' lang='lat' dir='ltr'><strong>exprimit</strong></span> <span class='ocrx_word' id='word_1_258' title='bbox 633 1453 788 1492; x_wconf 88' lang='lat' dir='ltr'><strong>Lucret.</strong></span> <span class='ocrx_word' id='word_1_259' title='bbox 814 1451 840 1490; x_wconf 86' lang='grc' dir='ltr'><strong>Ι.</strong></span> <span class='ocrx_word' id='word_1_260' title='bbox 868 1457 893 1492; x_wconf 86' lang='grc'>4</span> <span class='ocrx_word' id='word_1_261' title='bbox 918 1464 1006 1502; x_wconf 86' lang='lat' dir='ltr'><strong>sqq.</strong></span> <span class='ocrx_word' id='word_1_262' title='bbox 1034 1451 1153 1491; x_wconf 79' lang='lat' dir='ltr'><strong>Alma</strong></span> 
     </span>
     <span class='ocr_line' id='line_1_21' title="bbox 285 1510 1152 1563; baseline -0.009 -10"><span class='ocrx_word' id='word_1_263' title='bbox 285 1513 413 1553; x_wconf 81' lang='lat' dir='ltr'><strong>Venus</strong></span> <span class='ocrx_word' id='word_1_264' title='bbox 533 1525 613 1563; x_wconf 79' lang='lat' dir='ltr'><strong>per</strong></span> <span class='ocrx_word' id='word_1_265' title='bbox 635 1515 673 1549; x_wconf 79' lang='lat' dir='ltr'><strong>te</strong></span> <span class='ocrx_word' id='word_1_266' title='bbox 688 1510 882 1563; x_wconf 77' lang='lat' dir='ltr'><strong>quoniam</strong></span> <span class='ocrx_word' id='word_1_267' title='bbox 894 1522 1024 1561; x_wconf 66' lang='lat' dir='ltr'><strong>yemis</strong></span> <span class='ocrx_word' id='word_1_268' title='bbox 1040 1521 1152 1546; x_wconf 80' lang='lat' dir='ltr'><strong>omne</strong></span> 
     </span>
     <span class='ocr_line' id='line_1_22' title="bbox 277 1564 1151 1619; baseline -0.007 -11"><span class='ocrx_word' id='word_1_269' title='bbox 277 1571 525 1609; x_wconf 77' lang='lat' dir='ltr'><strong>animantum</strong></span> <span class='ocrx_word' id='word_1_270' title='bbox 551 1568 787 1619; x_wconf 56' lang='lat' dir='ltr'><strong>concipitur</strong></span> <span class='ocrx_word' id='word_1_271' title='bbox 808 1570 849 1603; x_wconf 82' lang='lat' dir='ltr'><strong>et</strong></span> <span class='ocrx_word' id='word_1_272' title='bbox 868 1565 1017 1604; x_wconf 86' lang='lat' dir='ltr'><strong>Lucan.</strong></span> <span class='ocrx_word' id='word_1_273' title='bbox 1032 1564 1151 1603; x_wconf 86' lang='lat' dir='ltr'><strong>Phar-</strong></span> 
     </span>
     <span class='ocr_line' id='line_1_23' title="bbox 277 1623 1151 1675; baseline -0.006 -11"><span class='ocrx_word' id='word_1_274' title='bbox 277 1624 414 1664; x_wconf 87' lang='lat' dir='ltr'><strong>sal.X.</strong></span> <span class='ocrx_word' id='word_1_275' title='bbox 436 1628 528 1666; x_wconf 79' lang='lat'><strong>208.</strong></span> <span class='ocrx_word' id='word_1_276' title='bbox 556 1624 611 1663; x_wconf 80' lang='lat' dir='ltr'><strong>At</strong></span> <span class='ocrx_word' id='word_1_277' title='bbox 632 1623 819 1675; x_wconf 72' lang='lat' dir='ltr'><strong>fecunda</strong></span> <span class='ocrx_word' id='word_1_278' title='bbox 835 1623 966 1662; x_wconf 74' lang='lat' dir='ltr'><strong>Venas</strong></span> <span class='ocrx_word' id='word_1_279' title='bbox 992 1626 1151 1661; x_wconf 71' lang='lat' dir='ltr'><strong>cancta-</strong></span> 
     </span>
     <span class='ocr_line' id='line_1_24' title="bbox 277 1677 1151 1733; baseline -0.009 -11"><span class='ocrx_word' id='word_1_280' title='bbox 277 1696 366 1722; x_wconf 76' lang='lat' dir='ltr'><strong>rum</strong></span> <span class='ocrx_word' id='word_1_281' title='bbox 380 1683 529 1721; x_wconf 76' lang='lat' dir='ltr'><strong>semina</strong></span> <span class='ocrx_word' id='word_1_282' title='bbox 548 1695 681 1720; x_wconf 81' lang='lat' dir='ltr'><strong>rerum</strong></span> <span class='ocrx_word' id='word_1_283' title='bbox 696 1680 897 1733; x_wconf 74' lang='lat' dir='ltr'><strong>possidet.</strong></span> <span class='ocrx_word' id='word_1_284' title='bbox 922 1678 1040 1729; x_wconf 78' lang='lat' dir='ltr'><strong>Apul.</strong></span> <span class='ocrx_word' id='word_1_285' title='bbox 1056 1677 1151 1715; x_wconf 86' lang='lat' dir='ltr'><strong>Met.</strong></span> 
     </span>
     <span class='ocr_line' id='line_1_25' title="bbox 277 1738 547 1791; baseline -0.007 -13"><span class='ocrx_word' id='word_1_286' title='bbox 277 1738 346 1778; x_wconf 90' lang='lat' dir='ltr'><strong>XI.</strong></span> <span class='ocrx_word' id='word_1_287' title='bbox 371 1753 409 1791; x_wconf 88' lang='lat' dir='ltr'><strong>p.</strong></span> <span class='ocrx_word' id='word_1_288' title='bbox 436 1743 460 1779; x_wconf 95' lang='lat'><strong>7</strong></span> <span class='ocrx_word' id='word_1_289' title='bbox 466 1739 547 1791; x_wconf 65' lang='lat'><strong>54]</strong></span> 
     </span>
    </p>

    <p class='ocr_par' dir='ltr' id='par_1_8' title="bbox 277 1792 1158 3156">
     <span class='ocr_line' id='line_1_26' title="bbox 335 1792 1153 1838; baseline -0.007 -3"><span class='ocrx_word' id='word_1_290' title='bbox 335 1797 443 1835; x_wconf 85' lang='lat' dir='ltr'><strong>alma</strong></span> <span class='ocrx_word' id='word_1_291' title='bbox 455 1796 593 1834; x_wconf 71' lang='lat' dir='ltr'><strong>Venus.</strong></span> <span class='ocrx_word' id='word_1_292' title='bbox 610 1793 834 1832; x_wconf 81' lang='lat' dir='ltr'><strong>Notandum</strong></span> <span class='ocrx_word' id='word_1_293' title='bbox 844 1794 1007 1838; x_wconf 85' lang='lat' dir='ltr'><strong>est,voci</strong></span> <span class='ocrx_word' id='word_1_294' title='bbox 1021 1792 1153 1830; x_wconf 81' lang='lat' dir='ltr'><strong>almae</strong></span> 
     </span>
     <span class='ocr_line' id='line_1_27' title="bbox 279 1848 1150 1901; baseline -0.006 -10"><span class='ocrx_word' id='word_1_295' title='bbox 279 1852 500 1892; x_wconf 85' lang='lat' dir='ltr'><strong>Genitivum</strong></span> <span class='ocrx_word' id='word_1_296' title='bbox 516 1853 683 1890; x_wconf 91' lang='lat' dir='ltr'><strong>iunctum</strong></span> <span class='ocrx_word' id='word_1_297' title='bbox 698 1863 805 1896; x_wconf 82' lang='lat' dir='ltr'><strong>esse,</strong></span> <span class='ocrx_word' id='word_1_298' title='bbox 826 1850 915 1901; x_wconf 87' lang='lat' dir='ltr'><strong>quia</strong></span> <span class='ocrx_word' id='word_1_299' title='bbox 929 1852 992 1887; x_wconf 85' lang='lat' dir='ltr'><strong>est</strong></span> <span class='ocrx_word' id='word_1_300' title='bbox 1005 1861 1078 1900; x_wconf 87' lang='lat' dir='ltr'><strong>pro</strong></span> <span class='ocrx_word' id='word_1_301' title='bbox 1094 1848 1150 1887; x_wconf 77' lang='lat' dir='ltr'><strong>al-</strong></span> 
     </span>
     <span class='ocr_line' id='line_1_28' title="bbox 279 1905 1151 1957; baseline -0.007 -9"><span class='ocrx_word' id='word_1_302' title='bbox 279 1912 397 1954; x_wconf 76' lang='lat' dir='ltr'><strong>trice,</strong></span> <span class='ocrx_word' id='word_1_303' title='bbox 425 1909 706 1949; x_wconf 75' lang='lat' dir='ltr'><strong>alumnatrt&#39;ce.</strong></span> <span class='ocrx_word' id='word_1_304' title='bbox 732 1907 820 1946; x_wconf 89' lang='lat' dir='ltr'><strong>Hoc</strong></span> <span class='ocrx_word' id='word_1_305' title='bbox 839 1905 1052 1957; x_wconf 88' lang='lat' dir='ltr'><strong>igiturloco</strong></span> <span class='ocrx_word' id='word_1_306' title='bbox 1066 1919 1151 1956; x_wconf 87' lang='lat' dir='ltr'><strong>pro-</strong></span> 
     </span>
     <span class='ocr_line' id='line_1_29' title="bbox 279 1963 1153 2017; baseline -0.007 -12"><span class='ocrx_word' id='word_1_307' title='bbox 279 1967 359 2005; x_wconf 86' lang='lat' dir='ltr'><strong>bari</strong></span> <span class='ocrx_word' id='word_1_308' title='bbox 390 1970 524 2017; x_wconf 87' lang='lat' dir='ltr'><strong>potest</strong></span> <span class='ocrx_word' id='word_1_309' title='bbox 555 1965 700 2016; x_wconf 84' lang='lat' dir='ltr'><strong>optima</strong></span> <span class='ocrx_word' id='word_1_310' title='bbox 731 1963 900 2003; x_wconf 85' lang='lat' dir='ltr'><strong>Bentleii</strong></span> <span class='ocrx_word' id='word_1_311' title='bbox 931 1963 1153 2002; x_wconf 87' lang='lat' dir='ltr'><strong>coniectura</strong></span> 
     </span>
     <span class='ocr_line' id='line_1_30' title="bbox 279 2019 1152 2062; baseline -0.006 0"><span class='ocrx_word' id='word_1_312' title='bbox 279 2023 412 2062; x_wconf 79' lang='lat' dir='ltr'><strong>Horat.</strong></span> <span class='ocrx_word' id='word_1_313' title='bbox 438 2024 521 2061; x_wconf 76' lang='lat' dir='ltr'><strong>Sat.</strong></span> <span class='ocrx_word' id='word_1_314' title='bbox 547 2021 594 2061; x_wconf 89' lang='lat' dir='ltr'><strong>ll.</strong></span> <span class='ocrx_word' id='word_1_315' title='bbox 620 2026 655 2062; x_wconf 78' lang='lat'><strong>4.</strong></span> <span class='ocrx_word' id='word_1_316' title='bbox 685 2025 748 2062; x_wconf 86' lang='lat'><strong>13.</strong></span> <span class='ocrx_word' id='word_1_317' title='bbox 774 2025 818 2061; x_wconf 80' lang='lat' dir='ltr'><strong>ul</strong></span> <span class='ocrx_word' id='word_1_318' title='bbox 841 2021 953 2061; x_wconf 78' lang='lat' dir='ltr'><strong>succi</strong></span> <span class='ocrx_word' id='word_1_319' title='bbox 977 2019 1152 2059; x_wconf 75' lang='lat' dir='ltr'><strong>melioris</strong></span> 
     </span>
     <span class='ocr_line' id='line_1_31' title="bbox 281 2077 1152 2132; baseline -0.007 -12"><span class='ocrx_word' id='word_1_320' title='bbox 281 2085 319 2120; x_wconf 75' lang='lat' dir='ltr'><strong>et</strong></span> <span class='ocrx_word' id='word_1_321' title='bbox 348 2086 393 2120; x_wconf 80' lang='lat' dir='ltr'><strong>ut</strong></span> <span class='ocrx_word' id='word_1_322' title='bbox 428 2081 559 2132; x_wconf 55' lang='lat' dir='ltr'><strong>maffia·</strong></span> <span class='ocrx_word' id='word_1_323' title='bbox 596 2079 720 2118; x_wconf 79' lang='lat' dir='ltr'><strong>alma</strong></span> <span class='ocrx_word' id='word_1_324' title='bbox 756 2077 948 2117; x_wconf 71' lang='lat' dir='ltr'><strong>rotandis</strong></span> <span class='ocrx_word' id='word_1_325' title='bbox 979 2090 1152 2129; x_wconf 72' lang='lat' dir='ltr'><strong>ponere,</strong></span> 
     </span>
     <span class='ocr_line' id='line_1_32' title="bbox 282 2135 1154 2188; baseline -0.008 -12"><span class='ocrx_word' id='word_1_326' title='bbox 282 2151 396 2188; x_wconf 87' lang='lat' dir='ltr'><strong>quam</strong></span> <span class='ocrx_word' id='word_1_327' title='bbox 423 2137 564 2174; x_wconf 79' lang='lat' dir='ltr'><strong>deinde</strong></span> <span class='ocrx_word' id='word_1_328' title='bbox 590 2137 625 2174; x_wconf 90' lang='lat' dir='ltr'><strong>in</strong></span> <span class='ocrx_word' id='word_1_329' title='bbox 654 2135 754 2173; x_wconf 76' lang='lat' dir='ltr'><strong>curis</strong></span> <span class='ocrx_word' id='word_1_330' title='bbox 780 2135 974 2186; x_wconf 83' lang='lat' dir='ltr'><strong>postumis</strong></span> <span class='ocrx_word' id='word_1_331' title='bbox 1006 2138 1154 2171; x_wconf 82' lang='lat' dir='ltr'><strong>temere</strong></span> 
     </span>
     <span class='ocr_line' id='line_1_33' title="bbox 279 2190 1154 2245; baseline -0.008 -12"><span class='ocrx_word' id='word_1_332' title='bbox 279 2195 449 2240; x_wconf 79' lang='lat' dir='ltr'><strong>retraxit,</strong></span> <span class='ocrx_word' id='word_1_333' title='bbox 476 2194 566 2245; x_wconf 83' lang='lat' dir='ltr'><strong>quia</strong></span> <span class='ocrx_word' id='word_1_334' title='bbox 592 2194 640 2231; x_wconf 84' lang='lat' dir='ltr'><strong>ab</strong></span> <span class='ocrx_word' id='word_1_335' title='bbox 661 2204 736 2230; x_wconf 68' lang='lat' dir='ltr'><strong>usu</strong></span> <span class='ocrx_word' id='word_1_336' title='bbox 763 2191 986 2243; x_wconf 82' lang='lat' dir='ltr'><strong>quotidiano</strong></span> <span class='ocrx_word' id='word_1_337' title='bbox 1012 2190 1154 2241; x_wconf 85' lang='lat' dir='ltr'><strong>signifi-</strong></span> 
     </span>
     <span class='ocr_line' id='line_1_34' title="bbox 280 2247 1154 2290; baseline -0.005 0"><span class='ocrx_word' id='word_1_338' title='bbox 280 2252 379 2290; x_wconf 82' lang='lat' dir='ltr'><strong>catio</strong></span> <span class='ocrx_word' id='word_1_339' title='bbox 407 2248 583 2290; x_wconf 75' lang='lat' dir='ltr'><strong>vocabuli</strong></span> <span class='ocrx_word' id='word_1_340' title='bbox 616 2249 725 2289; x_wconf 80' lang='lat' dir='ltr'><strong>alma</strong></span> <span class='ocrx_word' id='word_1_341' title='bbox 755 2248 968 2287; x_wconf 78' lang='lat' dir='ltr'><strong>recederet.</strong></span> <span class='ocrx_word' id='word_1_342' title='bbox 1025 2247 1154 2287; x_wconf 71' lang='lat' dir='ltr'><strong>Venus</strong></span> 
     </span>
     <span class='ocr_line' id='line_1_35' title="bbox 281 2305 1154 2355; baseline -0.007 -8"><span class='ocrx_word' id='word_1_343' title='bbox 281 2310 382 2347; x_wconf 87' lang='lat' dir='ltr'><strong>enim</strong></span> <span class='ocrx_word' id='word_1_344' title='bbox 408 2308 515 2347; x_wconf 80' lang='lat' dir='ltr'><strong>alma</strong></span> <span class='ocrx_word' id='word_1_345' title='bbox 542 2308 666 2346; x_wconf 68' lang='lat' dir='ltr'><strong>totins</strong></span> <span class='ocrx_word' id='word_1_346' title='bbox 695 2306 802 2345; x_wconf 76' lang='lat' dir='ltr'><strong>orbis</strong></span> <span class='ocrx_word' id='word_1_347' title='bbox 817 2308 896 2351; x_wconf 75' lang='lat' dir='ltr'><strong>est,</strong></span> <span class='ocrx_word' id='word_1_348' title='bbox 924 2318 1024 2355; x_wconf 88' lang='lat' dir='ltr'><strong>quae</strong></span> <span class='ocrx_word' id='word_1_349' title='bbox 1037 2305 1154 2342; x_wconf 81' lang='lat' dir='ltr'><strong>vitam</strong></span> 
     </span>
     <span class='ocr_line' id='line_1_36' title="bbox 280 2361 1154 2416; baseline -0.007 -13"><span class='ocrx_word' id='word_1_350' title='bbox 280 2367 462 2416; x_wconf 81' lang='lat' dir='ltr'><strong>viresque</strong></span> <span class='ocrx_word' id='word_1_351' title='bbox 488 2364 649 2415; x_wconf 85' lang='lat' dir='ltr'><strong>praebet</strong></span> <span class='ocrx_word' id='word_1_352' title='bbox 674 2366 835 2401; x_wconf 80' lang='lat' dir='ltr'><strong>naturae</strong></span> <span class='ocrx_word' id='word_1_353' title='bbox 860 2375 985 2400; x_wconf 91' lang='lat' dir='ltr'><strong>rerum</strong></span> <span class='ocrx_word' id='word_1_354' title='bbox 1009 2361 1154 2399; x_wconf 74' lang='lat' dir='ltr'><strong>¹omnia-</strong></span> 
     </span>
     <span class='ocr_line' id='line_1_37' title="bbox 281 2418 1153 2475; baseline -0.007 -14"><span class='ocrx_word' id='word_1_355' title='bbox 281 2436 357 2475; x_wconf 89' lang='lat' dir='ltr'><strong>que</strong></span> <span class='ocrx_word' id='word_1_356' title='bbox 372 2422 495 2460; x_wconf 83' lang='lat' dir='ltr'><strong>nutrit.</strong></span> <span class='ocrx_word' id='word_1_357' title='bbox 538 2419 601 2459; x_wconf 81' lang='lat' dir='ltr'><strong>Ex</strong></span> <span class='ocrx_word' id='word_1_358' title='bbox 620 2419 777 2459; x_wconf 83' lang='lat' dir='ltr'><strong>insolita</strong></span> <span class='ocrx_word' id='word_1_359' title='bbox 796 2418 871 2457; x_wconf 80' lang='lat' dir='ltr'><strong>hac</strong></span> <span class='ocrx_word' id='word_1_360' title='bbox 891 2419 1073 2463; x_wconf 84' lang='lat' dir='ltr'><strong>dictione,</strong></span> <span class='ocrx_word' id='word_1_361' title='bbox 1088 2431 1153 2456; x_wconf 88' lang='lat' dir='ltr'><strong>cur</strong></span> 
     </span>
     <span class='ocr_line' id='line_1_38' title="bbox 280 2475 1153 2530; baseline -0.007 -12"><span class='ocrx_word' id='word_1_362' title='bbox 280 2479 405 2518; x_wconf 85' lang='lat' dir='ltr'><strong>Basil.</strong></span> <span class='ocrx_word' id='word_1_363' title='bbox 430 2483 462 2518; x_wconf 84' lang='lat' dir='ltr'><strong>l.</strong></span> <span class='ocrx_word' id='word_1_364' title='bbox 490 2480 626 2517; x_wconf 77' lang='lat' dir='ltr'><strong>anima</strong></span> <span class='ocrx_word' id='word_1_365' title='bbox 647 2490 715 2530; x_wconf 85' lang='lat' dir='ltr'><strong>pro</strong></span> <span class='ocrx_word' id='word_1_366' title='bbox 737 2476 845 2515; x_wconf 80' lang='lat' dir='ltr'><strong>alma</strong></span> <span class='ocrx_word' id='word_1_367' title='bbox 864 2475 1027 2520; x_wconf 88' lang='lat' dir='ltr'><strong>habeat,</strong></span> <span class='ocrx_word' id='word_1_368' title='bbox 1052 2476 1153 2513; x_wconf 83' lang='lat' dir='ltr'><strong>hene</strong></span> 
     </span>
     <span class='ocr_line' id='line_1_39' title="bbox 281 2529 1155 2588; baseline -0.006 -14"><span class='ocrx_word' id='word_1_369' title='bbox 281 2539 414 2588; x_wconf 81' lang='lat' dir='ltr'><strong>potest</strong></span> <span class='ocrx_word' id='word_1_370' title='bbox 439 2535 610 2585; x_wconf 83' lang='lat' dir='ltr'><strong>intelligi.</strong></span> <span class='ocrx_word' id='word_1_371' title='bbox 645 2533 728 2572; x_wconf 84' lang='lat' dir='ltr'><strong>Sed</strong></span> <span class='ocrx_word' id='word_1_372' title='bbox 752 2533 786 2571; x_wconf 81' lang='lat' dir='ltr'><strong>si</strong></span> <span class='ocrx_word' id='word_1_373' title='bbox 814 2532 903 2583; x_wconf 89' lang='lat' dir='ltr'><strong>quid</strong></span> <span class='ocrx_word' id='word_1_374' title='bbox 931 2529 1155 2570; x_wconf 88' lang='lat' dir='ltr'><strong>mutandum</strong></span> 
     </span>
     <span class='ocr_line' id='line_1_40' title="bbox 281 2585 1156 2640; baseline -0.006 -10"><span class='ocrx_word' id='word_1_375' title='bbox 281 2597 363 2640; x_wconf 81' lang='lat' dir='ltr'><strong>est,</strong></span> <span class='ocrx_word' id='word_1_376' title='bbox 389 2593 547 2631; x_wconf 80' lang='lat' dir='ltr'><strong>conii&#39;cio</strong></span> <span class='ocrx_word' id='word_1_377' title='bbox 574 2591 741 2630; x_wconf 78' lang='grc' dir='ltr'><em>(Ιοηιίηα</em></span> <span class='ocrx_word' id='word_1_378' title='bbox 768 2602 815 2627; x_wconf 84' lang='lat' dir='ltr'><strong>ex</strong></span> <span class='ocrx_word' id='word_1_379' title='bbox 849 2589 934 2627; x_wconf 86' lang='lat' dir='ltr'><strong>loco</strong></span> <span class='ocrx_word' id='word_1_380' title='bbox 959 2586 1056 2627; x_wconf 79' lang='lat' dir='ltr'><strong>Met.</strong></span> <span class='ocrx_word' id='word_1_381' title='bbox 1081 2585 1156 2627; x_wconf 80' lang='grc' dir='ltr'><strong>ΧῙ.</strong></span> 
     </span>
     <span class='ocr_line' id='line_1_41' title="bbox 281 2648 1155 2701; baseline -0.005 -14"><span class='ocrx_word' id='word_1_382' title='bbox 281 2664 317 2701; x_wconf 85' lang='lat' dir='ltr'><strong>p.</strong></span> <span class='ocrx_word' id='word_1_383' title='bbox 333 2650 425 2690; x_wconf 81' lang='lat'><strong>768.</strong></span> <span class='ocrx_word' id='word_1_384' title='bbox 441 2654 605 2688; x_wconf 76' lang='lat' dir='ltr'><strong>matrem</strong></span> <span class='ocrx_word' id='word_1_385' title='bbox 619 2648 817 2691; x_wconf 70' lang='lat' dir='ltr'><strong>siderum,</strong></span> <span class='ocrx_word' id='word_1_386' title='bbox 838 2650 1052 2697; x_wconf 72' lang='lat' dir='ltr'><strong>parentem</strong></span> <span class='ocrx_word' id='word_1_387' title='bbox 1065 2651 1155 2684; x_wconf 73' lang='lat' dir='ltr'><strong>tcm-</strong></span> 
     </span>
     <span class='ocr_line' id='line_1_42' title="bbox 277 2702 1153 2759; baseline -0.007 -14"><span class='ocrx_word' id='word_1_388' title='bbox 277 2721 448 2759; x_wconf 78' lang='lat' dir='ltr'><strong>porum,</strong></span> <span class='ocrx_word' id='word_1_389' title='bbox 494 2706 685 2757; x_wconf 79' lang='lat' dir='ltr'><strong>orbisque</strong></span> <span class='ocrx_word' id='word_1_390' title='bbox 725 2706 851 2743; x_wconf 70' lang='lat' dir='ltr'><strong>totius</strong></span> <span class='ocrx_word' id='word_1_391' title='bbox 900 2702 1153 2747; x_wconf 74' lang='lat' dir='ltr'><strong>dominam,</strong></span> 
     </span>
     <span class='ocr_line' id='line_1_43' title="bbox 284 2758 1154 2814; baseline -0.007 -12"><span class='ocrx_word' id='word_1_392' title='bbox 284 2777 384 2814; x_wconf 82' lang='lat' dir='ltr'><strong>quae</strong></span> <span class='ocrx_word' id='word_1_393' title='bbox 422 2763 535 2801; x_wconf 87' lang='lat' dir='ltr'><strong>lectio</strong></span> <span class='ocrx_word' id='word_1_394' title='bbox 572 2775 623 2800; x_wconf 83' lang='lat' dir='ltr'><strong>ex</strong></span> <span class='ocrx_word' id='word_1_395' title='bbox 661 2759 889 2812; x_wconf 90' lang='lat' dir='ltr'><strong>compendio</strong></span> <span class='ocrx_word' id='word_1_396' title='bbox 917 2758 1003 2798; x_wconf 73' lang='grc' dir='ltr'><strong>ιῖῆα</strong></span> <span class='ocrx_word' id='word_1_397' title='bbox 1040 2758 1154 2797; x_wconf 83' lang='lat' dir='ltr'><strong>facile</strong></span> 
     </span>
     <span class='ocr_line' id='line_1_44' title="bbox 283 2815 1154 2871; baseline -0.006 -13"><span class='ocrx_word' id='word_1_398' title='bbox 283 2824 435 2871; x_wconf 86' lang='lat' dir='ltr'><strong>poterat</strong></span> <span class='ocrx_word' id='word_1_399' title='bbox 460 2819 660 2870; x_wconf 86' lang='lat' dir='ltr'><strong>corrumpi.</strong></span> <span class='ocrx_word' id='word_1_400' title='bbox 710 2816 810 2856; x_wconf 85' lang='lat' dir='ltr'><strong>Tale</strong></span> <span class='ocrx_word' id='word_1_401' title='bbox 842 2815 934 2867; x_wconf 92' lang='lat' dir='ltr'><strong>quid</strong></span> <span class='ocrx_word' id='word_1_402' title='bbox 966 2815 1154 2854; x_wconf 85' lang='lat' dir='ltr'><strong>editorem</strong></span> 
     </span>
     <span class='ocr_line' id='line_1_45' title="bbox 283 2874 1152 2925; baseline -0.005 -10"><span class='ocrx_word' id='word_1_403' title='bbox 283 2875 406 2915; x_wconf 83' lang='lat' dir='ltr'><strong>Basil.</strong></span> <span class='ocrx_word' id='word_1_404' title='bbox 421 2876 610 2921; x_wconf 81' lang='lat' dir='ltr'><strong>voluisse,</strong></span> <span class='ocrx_word' id='word_1_405' title='bbox 623 2878 789 2913; x_wconf 85' lang='lat' dir='ltr'><strong>testatur</strong></span> <span class='ocrx_word' id='word_1_406' title='bbox 801 2874 993 2925; x_wconf 85' lang='lat' dir='ltr'><strong>scriptura</strong></span> <span class='ocrx_word' id='word_1_407' title='bbox 1005 2874 1152 2918; x_wconf 76' lang='lat' dir='ltr'><strong>anima,</strong></span> 
     </span>
     <span class='ocr_line' id='line_1_46' title="bbox 286 2931 1152 2983; baseline -0.005 -13"><span class='ocrx_word' id='word_1_408' title='bbox 286 2933 389 2983; x_wconf 85' lang='lat' dir='ltr'><strong>quod</strong></span> <span class='ocrx_word' id='word_1_409' title='bbox 421 2934 555 2972; x_wconf 84' lang='lat' dir='ltr'><strong>vocab.</strong></span> <span class='ocrx_word' id='word_1_410' title='bbox 588 2946 674 2971; x_wconf 90' lang='lat' dir='ltr'><strong>cum</strong></span> <span class='ocrx_word' id='word_1_411' title='bbox 698 2945 782 2970; x_wconf 73' lang='lat' dir='ltr'><strong>voe.</strong></span> <span class='ocrx_word' id='word_1_412' title='bbox 810 2931 977 2969; x_wconf 75' lang='lat' dir='ltr'><strong>domina</strong></span> <span class='ocrx_word' id='word_1_413' title='bbox 1002 2931 1152 2980; x_wconf 83' lang='lat' dir='ltr'><strong>saepis-</strong></span> 
     </span>
     <span class='ocr_line' id='line_1_47' title="bbox 285 2986 1157 3028; baseline -0.006 -1"><span class='ocrx_word' id='word_1_414' title='bbox 285 2990 384 3027; x_wconf 82' lang='lat' dir='ltr'><strong>sime</strong></span> <span class='ocrx_word' id='word_1_415' title='bbox 399 2990 652 3028; x_wconf 82' lang='lat' dir='ltr'><strong>consunditur.</strong></span> <span class='ocrx_word' id='word_1_416' title='bbox 680 2988 923 3027; x_wconf 82' lang='lat' dir='ltr'><strong>Adiectivum</strong></span> <span class='ocrx_word' id='word_1_417' title='bbox 939 2986 1067 3025; x_wconf 78' lang='lat' dir='ltr'><strong>almus</strong></span> <span class='ocrx_word' id='word_1_418' title='bbox 1082 2986 1157 3023; x_wconf 69' lang='lat' dir='ltr'><strong>Ve-</strong></span> 
     </span>
     <span class='ocr_line' id='line_1_48' title="bbox 285 3042 1158 3097; baseline -0.003 -12"><span class='ocrx_word' id='word_1_419' title='bbox 285 3047 388 3085; x_wconf 71' lang='lat' dir='ltr'><strong>neris</strong></span> <span class='ocrx_word' id='word_1_420' title='bbox 413 3051 475 3085; x_wconf 86' lang='lat' dir='ltr'><strong>est</strong></span> <span class='ocrx_word' id='word_1_421' title='bbox 498 3047 692 3097; x_wconf 82' lang='lat' dir='ltr'><strong>proprium</strong></span> <span class='ocrx_word' id='word_1_422' title='bbox 718 3045 873 3083; x_wconf 88' lang='lat' dir='ltr'><strong>Lucret.</strong></span> <span class='ocrx_word' id='word_1_423' title='bbox 899 3042 926 3082; x_wconf 88' lang='lat' dir='ltr'><strong>I.</strong></span> <span class='ocrx_word' id='word_1_424' title='bbox 955 3048 992 3083; x_wconf 84' lang='lat'><strong>4.</strong></span> <span class='ocrx_word' id='word_1_425' title='bbox 1023 3042 1158 3082; x_wconf 79' lang='lat' dir='ltr'><strong>Horat.</strong></span> 
     </span>
     <span class='ocr_line' id='line_1_49' title="bbox 287 3103 654 3156; baseline 0.005 -17"><span class='ocrx_word' id='word_1_426' title='bbox 287 3104 362 3141; x_wconf 66' lang='lat' dir='ltr'><strong>oa.</strong></span> <span class='ocrx_word' id='word_1_427' title='bbox 389 3103 452 3141; x_wconf 72' lang='lat' dir='ltr'><strong>tv.</strong></span> <span class='ocrx_word' id='word_1_428' title='bbox 486 3109 543 3143; x_wconf 84' lang='lat'><strong>15.</strong></span> <span class='ocrx_word' id='word_1_429' title='bbox 571 3103 654 3156; x_wconf 70' lang='lat' dir='ltr'><strong>ar]</strong></span> 
     </span>
    </p>

    <p class='ocr_par' dir='ltr' id='par_1_9' title="bbox 345 3158 1157 3212">
     <span class='ocr_line' id='line_1_50' title="bbox 345 3158 1157 3212; baseline -0.004 -14"><span class='ocrx_word' id='word_1_430' title='bbox 345 3160 399 3198; x_wconf 72' lang='lat' dir='ltr'><strong>EC</strong></span> <span class='ocrx_word' id='word_1_431' title='bbox 448 3161 665 3212; x_wconf 68' lang='lat' dir='ltr'><strong>imctyt&#39;lwm</strong></span> <span class='ocrx_word' id='word_1_432' title='bbox 712 3173 837 3198; x_wconf 70' lang='lat' dir='ltr'><strong>meam</strong></span> <span class='ocrx_word' id='word_1_433' title='bbox 887 3158 1157 3208; x_wconf 69' lang='lat' dir='ltr'><strong>clrcemrsi·7·)·e</strong></span> 
     </span>
    </p>
   </div>
   <div class='ocr_carea' id='block_1_8' title="bbox 1210 1449 2089 3202">
    <p class='ocr_par' dir='ltr' id='par_1_10' title="bbox 1210 1449 2089 3202">
     <span class='ocr_line' id='line_1_51' title="bbox 1211 1449 2083 1501; baseline -0.001 -14"><span class='ocrx_word' id='word_1_434' title='bbox 1211 1450 1367 1501; x_wconf 82' lang='lat' dir='ltr'><strong>optimis</strong></span> <span class='ocrx_word' id='word_1_435' title='bbox 1395 1449 1501 1488; x_wconf 81' lang='lat' dir='ltr'><strong>libris</strong></span> <span class='ocrx_word' id='word_1_436' title='bbox 1525 1450 1702 1500; x_wconf 86' lang='lat' dir='ltr'><strong>reposui,</strong></span> <span class='ocrx_word' id='word_1_437' title='bbox 1728 1461 1830 1500; x_wconf 85' lang='lat' dir='ltr'><strong>quae</strong></span> <span class='ocrx_word' id='word_1_438' title='bbox 1853 1451 1996 1500; x_wconf 84' lang='lat' dir='ltr'><strong>postea</strong></span> <span class='ocrx_word' id='word_1_439' title='bbox 2020 1461 2083 1486; x_wconf 80' lang='lat' dir='ltr'><strong>va-</strong></span> 
     </span>
     <span class='ocr_line' id='line_1_52' title="bbox 1210 1503 2083 1557; baseline -0.003 -13"><span class='ocrx_word' id='word_1_440' title='bbox 1210 1508 1263 1544; x_wconf 89' lang='lat' dir='ltr'><strong>rie</strong></span> <span class='ocrx_word' id='word_1_441' title='bbox 1289 1510 1468 1557; x_wconf 88' lang='lat' dir='ltr'><strong>corrupta</strong></span> <span class='ocrx_word' id='word_1_442' title='bbox 1491 1510 1570 1552; x_wconf 76' lang='lat' dir='ltr'><strong>est,</strong></span> <span class='ocrx_word' id='word_1_443' title='bbox 1605 1519 1722 1556; x_wconf 91' lang='lat' dir='ltr'><strong>quum</strong></span> <span class='ocrx_word' id='word_1_444' title='bbox 1749 1506 1888 1543; x_wconf 82' lang='lat' dir='ltr'><strong>librarii</strong></span> <span class='ocrx_word' id='word_1_445' title='bbox 1914 1503 2007 1555; x_wconf 83' lang='lat' dir='ltr'><strong>quid</strong></span> <span class='ocrx_word' id='word_1_446' title='bbox 2032 1505 2083 1541; x_wconf 92' lang='lat' dir='ltr'><strong>in-</strong></span> 
     </span>
     <span class='ocr_line' id='line_1_53' title="bbox 1210 1561 2083 1607; baseline -0.001 -7"><span class='ocrx_word' id='word_1_447' title='bbox 1210 1563 1377 1602; x_wconf 78' lang='lat' dir='ltr'><strong>finitivus</strong></span> <span class='ocrx_word' id='word_1_448' title='bbox 1420 1563 1494 1601; x_wconf 86' lang='lat' dir='ltr'><strong>sibi</strong></span> <span class='ocrx_word' id='word_1_449' title='bbox 1538 1562 1650 1607; x_wconf 84' lang='lat' dir='ltr'><strong>velit,</strong></span> <span class='ocrx_word' id='word_1_450' title='bbox 1693 1574 1766 1600; x_wconf 91' lang='lat' dir='ltr'><strong>non</strong></span> <span class='ocrx_word' id='word_1_451' title='bbox 1810 1561 2083 1600; x_wconf 79' lang='lat' dir='ltr'><strong>intellexerint.</strong></span> 
     </span>
     <span class='ocr_line' id='line_1_54' title="bbox 1211 1618 2084 1671; baseline -0.003 -13"><span class='ocrx_word' id='word_1_452' title='bbox 1211 1620 1313 1658; x_wconf 85' lang='lat' dir='ltr'><strong>Oud.</strong></span> <span class='ocrx_word' id='word_1_453' title='bbox 1341 1619 1404 1671; x_wconf 90' lang='lat' dir='ltr'><strong>qui</strong></span> <span class='ocrx_word' id='word_1_454' title='bbox 1430 1631 1523 1657; x_wconf 87' lang='lat' dir='ltr'><strong>vera</strong></span> <span class='ocrx_word' id='word_1_455' title='bbox 1547 1622 1823 1670; x_wconf 81' lang='lat' dir='ltr'><strong>perspexerat,</strong></span> <span class='ocrx_word' id='word_1_456' title='bbox 1849 1618 1982 1656; x_wconf 85' lang='lat' dir='ltr'><strong>nescio</strong></span> <span class='ocrx_word' id='word_1_457' title='bbox 2008 1631 2084 1667; x_wconf 90' lang='lat' dir='ltr'><strong>quo</strong></span> 
     </span>
     <span class='ocr_line' id='line_1_55' title="bbox 1212 1673 2085 1728; baseline -0.003 -14"><span class='ocrx_word' id='word_1_458' title='bbox 1212 1690 1341 1715; x_wconf 86' lang='lat' dir='ltr'><strong>errore</strong></span> <span class='ocrx_word' id='word_1_459' title='bbox 1367 1676 1558 1728; x_wconf 86' lang='lat' dir='ltr'><strong>deceptus</strong></span> <span class='ocrx_word' id='word_1_460' title='bbox 1583 1675 1633 1713; x_wconf 88' lang='lat' dir='ltr'><strong>ad</strong></span> <span class='ocrx_word' id='word_1_461' title='bbox 1660 1675 1776 1726; x_wconf 85' lang='lat' dir='ltr'><strong>longe</strong></span> <span class='ocrx_word' id='word_1_462' title='bbox 1801 1675 1938 1727; x_wconf 79' lang='lat' dir='ltr'><strong>peiora</strong></span> <span class='ocrx_word' id='word_1_463' title='bbox 1960 1673 2085 1719; x_wconf 80' lang='lat' dir='ltr'><strong>rediit,</strong></span> 
     </span>
     <span class='ocr_line' id='line_1_56' title="bbox 1212 1731 2084 1783; baseline -0.005 -11"><span class='ocrx_word' id='word_1_464' title='bbox 1212 1734 1247 1772; x_wconf 91' lang='lat' dir='ltr'><strong>in</strong></span> <span class='ocrx_word' id='word_1_465' title='bbox 1283 1747 1330 1771; x_wconf 89' lang='lat' dir='ltr'><strong>eo</strong></span> <span class='ocrx_word' id='word_1_466' title='bbox 1362 1733 1479 1772; x_wconf 88' lang='lat' dir='ltr'><strong>etiam</strong></span> <span class='ocrx_word' id='word_1_467' title='bbox 1509 1745 1661 1778; x_wconf 77' lang='lat' dir='ltr'><strong>errans,</strong></span> <span class='ocrx_word' id='word_1_468' title='bbox 1693 1731 1798 1783; x_wconf 86' lang='lat' dir='ltr'><strong>quod</strong></span> <span class='ocrx_word' id='word_1_469' title='bbox 1823 1735 1944 1770; x_wconf 86' lang='lat' dir='ltr'><strong>totam</strong></span> <span class='ocrx_word' id='word_1_470' title='bbox 1968 1742 2084 1769; x_wconf 88' lang='lat' dir='ltr'><strong>enun-</strong></span> 
     </span>
     <span class='ocr_line' id='line_1_57' title="bbox 1212 1787 2084 1842; baseline -0.005 -13"><span class='ocrx_word' id='word_1_471' title='bbox 1212 1791 1416 1829; x_wconf 86' lang='lat' dir='ltr'><strong>ciationem</strong></span> <span class='ocrx_word' id='word_1_472' title='bbox 1436 1803 1507 1842; x_wconf 88' lang='lat' dir='ltr'><strong>per</strong></span> <span class='ocrx_word' id='word_1_473' title='bbox 1525 1789 1747 1828; x_wconf 87' lang='lat' dir='ltr'><strong>infinitivum</strong></span> <span class='ocrx_word' id='word_1_474' title='bbox 1768 1788 1894 1826; x_wconf 79' lang='lat' dir='ltr'><strong>efferri</strong></span> <span class='ocrx_word' id='word_1_475' title='bbox 1910 1787 2084 1826; x_wconf 81' lang='lat' dir='ltr'><strong>volebat:</strong></span> 
     </span>
     <span class='ocr_line' id='line_1_58' title="bbox 1210 1845 2085 1891; baseline -0.003 -6"><span class='ocrx_word' id='word_1_476' title='bbox 1210 1849 1406 1887; x_wconf 73' lang='lat' dir='ltr'><strong>incertum</strong></span> <span class='ocrx_word' id='word_1_477' title='bbox 1435 1860 1495 1885; x_wconf 79' lang='lat' dir='ltr'><strong>me</strong></span> <span class='ocrx_word' id='word_1_478' title='bbox 1526 1847 1737 1891; x_wconf 73' lang='lat' dir='ltr'><strong>sustinere,</strong></span> <span class='ocrx_word' id='word_1_479' title='bbox 1770 1849 1808 1884; x_wconf 84' lang='lat' dir='ltr'><strong>et</strong></span> <span class='ocrx_word' id='word_1_480' title='bbox 1837 1846 1899 1883; x_wconf 73' lang='lat' dir='ltr'><strong>im.</strong></span> <span class='ocrx_word' id='word_1_481' title='bbox 1923 1858 1984 1883; x_wconf 83' lang='lat' dir='ltr'><strong>me</strong></span> <span class='ocrx_word' id='word_1_482' title='bbox 2009 1845 2085 1883; x_wconf 80' lang='lat' dir='ltr'><strong>cir-</strong></span> 
     </span>
     <span class='ocr_line' id='line_1_59' title="bbox 1211 1901 2086 1956; baseline -0.008 -12"><span class='ocrx_word' id='word_1_483' title='bbox 1211 1907 1412 1956; x_wconf 76' lang='lat' dir='ltr'><strong>cumferre</strong></span> <span class='ocrx_word' id='word_1_484' title='bbox 1438 1902 1623 1955; x_wconf 80' lang='lat' dir='ltr'><strong>puellam</strong></span> <span class='ocrx_word' id='word_1_485' title='bbox 1652 1903 1902 1941; x_wconf 74' lang='lat' dir='ltr'><strong>morituram.</strong></span> <span class='ocrx_word' id='word_1_486' title='bbox 1951 1903 2004 1939; x_wconf 89' lang='lat' dir='ltr'><strong>At</strong></span> <span class='ocrx_word' id='word_1_487' title='bbox 2034 1901 2086 1938; x_wconf 83' lang='lat' dir='ltr'><strong>ita</strong></span> 
     </span>
     <span class='ocr_line' id='line_1_60' title="bbox 1211 1957 2084 2009; baseline -0.006 -10"><span class='ocrx_word' id='word_1_488' title='bbox 1211 1960 1319 1999; x_wconf 87' lang='lat' dir='ltr'><strong>nullo</strong></span> <span class='ocrx_word' id='word_1_489' title='bbox 1334 1960 1451 1998; x_wconf 89' lang='lat' dir='ltr'><strong>modo</strong></span> <span class='ocrx_word' id='word_1_490' title='bbox 1467 1959 1545 1997; x_wconf 84' lang='lat' dir='ltr'><strong>fieri</strong></span> <span class='ocrx_word' id='word_1_491' title='bbox 1566 1962 1729 2009; x_wconf 84' lang='lat' dir='ltr'><strong>poterat.</strong></span> <span class='ocrx_word' id='word_1_492' title='bbox 1755 1957 1981 1997; x_wconf 85' lang='lat' dir='ltr'><strong>Infinitivum</strong></span> <span class='ocrx_word' id='word_1_493' title='bbox 1997 1971 2084 1995; x_wconf 86' lang='lat' dir='ltr'><strong>con-</strong></span> 
     </span>
     <span class='ocr_line' id='line_1_61' title="bbox 1211 2015 2087 2068; baseline -0.006 -12"><span class='ocrx_word' id='word_1_494' title='bbox 1211 2021 1290 2056; x_wconf 83' lang='lat' dir='ltr'><strong>stat</strong></span> <span class='ocrx_word' id='word_1_495' title='bbox 1313 2018 1403 2068; x_wconf 89' lang='lat' dir='ltr'><strong>poni</strong></span> <span class='ocrx_word' id='word_1_496' title='bbox 1428 2016 1578 2061; x_wconf 85' lang='lat' dir='ltr'><strong>solere,</strong></span> <span class='ocrx_word' id='word_1_497' title='bbox 1608 2016 1672 2054; x_wconf 88' lang='lat' dir='ltr'><strong>ubi</strong></span> <span class='ocrx_word' id='word_1_498' title='bbox 1697 2015 1949 2053; x_wconf 80' lang='lat' dir='ltr'><strong>vehementer</strong></span> <span class='ocrx_word' id='word_1_499' title='bbox 1979 2017 2087 2065; x_wconf 56' lang='lat' dir='ltr'><strong>opteq</strong></span> 
     </span>
     <span class='ocr_line' id='line_1_62' title="bbox 1211 2071 2086 2125; baseline -0.005 -13"><span class='ocrx_word' id='word_1_500' title='bbox 1211 2088 1297 2113; x_wconf 88' lang='lat' dir='ltr'><strong>mus</strong></span> <span class='ocrx_word' id='word_1_501' title='bbox 1328 2087 1398 2125; x_wconf 83' lang='lat' dir='ltr'><strong>per</strong></span> <span class='ocrx_word' id='word_1_502' title='bbox 1428 2073 1770 2123; x_wconf 81' lang='lat' dir='ltr'><strong>interrogationem</strong></span> <span class='ocrx_word' id='word_1_503' title='bbox 1807 2075 1873 2110; x_wconf 83' lang='lat' dir='ltr'><strong>aut</strong></span> <span class='ocrx_word' id='word_1_504' title='bbox 1906 2071 2086 2108; x_wconf 87' lang='lat' dir='ltr'><strong>miremur</strong></span> 
     </span>
     <span class='ocr_line' id='line_1_63' title="bbox 1213 2127 2085 2181; baseline -0.005 -12"><span class='ocrx_word' id='word_1_505' title='bbox 1213 2135 1279 2170; x_wconf 83' lang='lat' dir='ltr'><strong>aut</strong></span> <span class='ocrx_word' id='word_1_506' title='bbox 1316 2133 1432 2169; x_wconf 78' lang='lat' dir='ltr'><strong>ettam</strong></span> <span class='ocrx_word' id='word_1_507' title='bbox 1469 2130 1720 2181; x_wconf 82' lang='lat' dir='ltr'><strong>indignemur.</strong></span> <span class='ocrx_word' id='word_1_508' title='bbox 1769 2128 1817 2167; x_wconf 86' lang='lat' dir='ltr'><strong>cf.</strong></span> <span class='ocrx_word' id='word_1_509' title='bbox 1853 2127 1998 2167; x_wconf 84' lang='lat' dir='ltr'><strong>Heind.</strong></span> <span class='ocrx_word' id='word_1_510' title='bbox 2035 2127 2085 2165; x_wconf 82' lang='lat' dir='ltr'><strong>ad</strong></span> 
     </span>
     <span class='ocr_line' id='line_1_64' title="bbox 1212 2183 2086 2227; baseline -0.005 0"><span class='ocrx_word' id='word_1_511' title='bbox 1212 2188 1347 2227; x_wconf 89' lang='lat' dir='ltr'><strong>Horat.</strong></span> <span class='ocrx_word' id='word_1_512' title='bbox 1375 2187 1457 2226; x_wconf 87' lang='lat' dir='ltr'><strong>Sat.</strong></span> <span class='ocrx_word' id='word_1_513' title='bbox 1474 2186 1500 2225; x_wconf 89' lang='grc' dir='ltr'><strong>Ι.</strong></span> <span class='ocrx_word' id='word_1_514' title='bbox 1515 2190 1552 2227; x_wconf 97' lang='grc'><strong>9.</strong></span> <span class='ocrx_word' id='word_1_515' title='bbox 1581 2190 1644 2226; x_wconf 90' lang='lat'><strong>73.</strong></span> <span class='ocrx_word' id='word_1_516' title='bbox 1672 2184 1773 2224; x_wconf 86' lang='lat' dir='ltr'><strong>Cort.</strong></span> <span class='ocrx_word' id='word_1_517' title='bbox 1798 2184 1849 2223; x_wconf 85' lang='lat' dir='ltr'><strong>ad</strong></span> <span class='ocrx_word' id='word_1_518' title='bbox 1872 2183 2020 2223; x_wconf 83' lang='lat' dir='ltr'><strong>Lucan.</strong></span> <span class='ocrx_word' id='word_1_519' title='bbox 2035 2183 2086 2223; x_wconf 80' lang='lat' dir='ltr'><strong>V.</strong></span> 
     </span>
     <span class='ocr_line' id='line_1_65' title="bbox 1215 2240 2084 2292; baseline -0.009 -6"><span class='ocrx_word' id='word_1_520' title='bbox 1215 2249 1307 2286; x_wconf 83' lang='lat'><strong>695.</strong></span> <span class='ocrx_word' id='word_1_521' title='bbox 1334 2241 1466 2283; x_wconf 82' lang='lat' dir='ltr'><strong>Burin.</strong></span> <span class='ocrx_word' id='word_1_522' title='bbox 1491 2243 1539 2281; x_wconf 87' lang='lat' dir='ltr'><strong>ad</strong></span> <span class='ocrx_word' id='word_1_523' title='bbox 1555 2241 1717 2281; x_wconf 80' lang='lat' dir='ltr'><strong>Anthol.</strong></span> <span class='ocrx_word' id='word_1_524' title='bbox 1731 2241 1821 2280; x_wconf 85' lang='lat' dir='ltr'><strong>Lat.</strong></span> <span class='ocrx_word' id='word_1_525' title='bbox 1836 2240 1881 2280; x_wconf 90' lang='grc' dir='ltr'><strong>Τ.</strong></span> <span class='ocrx_word' id='word_1_526' title='bbox 1896 2240 1922 2280; x_wconf 87' lang='lat'><strong>1.</strong></span> <span class='ocrx_word' id='word_1_527' title='bbox 1938 2253 1975 2292; x_wconf 90' lang='lat' dir='ltr'><strong>p.</strong></span> <span class='ocrx_word' id='word_1_528' title='bbox 1992 2244 2084 2281; x_wconf 80' lang='lat'><strong>288.</strong></span> 
     </span>
     <span class='ocr_line' id='line_1_66' title="bbox 1214 2295 2083 2354; baseline -0.008 -13"><span class='ocrx_word' id='word_1_529' title='bbox 1214 2302 1384 2354; x_wconf 71' lang='lat' dir='ltr'><strong>Kriiyer</strong></span> <span class='ocrx_word' id='word_1_530' title='bbox 1422 2300 1662 2340; x_wconf 72' lang='lat' dir='ltr'><strong>Untersuclc.</strong></span> <span class='ocrx_word' id='word_1_531' title='bbox 1693 2310 1729 2338; x_wconf 85' lang='lat' dir='ltr'><strong>a.</strong></span> <span class='ocrx_word' id='word_1_532' title='bbox 1767 2299 1810 2338; x_wconf 78' lang='lat' dir='ltr'><strong>d.</strong></span> <span class='ocrx_word' id='word_1_533' title='bbox 1845 2295 2012 2337; x_wconf 71' lang='lat' dir='ltr'><strong>Gebiete</strong></span> <span class='ocrx_word' id='word_1_534' title='bbox 2042 2297 2083 2335; x_wconf 65' lang='lat' dir='ltr'><strong>«l.</strong></span> 
     </span>
     <span class='ocr_line' id='line_1_67' title="bbox 1216 2353 2084 2410; baseline -0.008 -13"><span class='ocrx_word' id='word_1_535' title='bbox 1216 2360 1286 2398; x_wconf 75' lang='lat' dir='ltr'><strong>lat.</strong></span> <span class='ocrx_word' id='word_1_536' title='bbox 1313 2357 1593 2410; x_wconf 76' lang='lat' dir='ltr'><strong>Sprachlelzre</strong></span> <span class='ocrx_word' id='word_1_537' title='bbox 1618 2356 1715 2395; x_wconf 80' lang='lat' dir='ltr'><strong>fasc.</strong></span> <span class='ocrx_word' id='word_1_538' title='bbox 1730 2353 1756 2393; x_wconf 82' lang='lat' dir='ltr'><strong>I.</strong></span> <span class='ocrx_word' id='word_1_539' title='bbox 1777 2369 1815 2406; x_wconf 88' lang='lat' dir='ltr'><strong>p.</strong></span> <span class='ocrx_word' id='word_1_540' title='bbox 1834 2359 1895 2396; x_wconf 88' lang='grc'><strong>17.</strong></span> <span class='ocrx_word' id='word_1_541' title='bbox 1923 2354 1980 2393; x_wconf 85' lang='lat' dir='ltr'><strong>Et</strong></span> <span class='ocrx_word' id='word_1_542' title='bbox 1993 2367 2084 2391; x_wconf 83' lang='lat' dir='ltr'><strong>vero</strong></span> 
     </span>
     <span class='ocr_line' id='line_1_68' title="bbox 1212 2410 2088 2467; baseline -0.007 -13"><span class='ocrx_word' id='word_1_543' title='bbox 1212 2415 1399 2467; x_wconf 83' lang='lat' dir='ltr'><strong>particula</strong></span> <span class='ocrx_word' id='word_1_544' title='bbox 1413 2416 1447 2452; x_wconf 92' lang='lat' dir='ltr'><strong>in</strong></span> <span class='ocrx_word' id='word_1_545' title='bbox 1467 2413 1749 2452; x_wconf 82' lang='lat' dir='ltr'><strong>exclamatione</strong></span> <span class='ocrx_word' id='word_1_546' title='bbox 1764 2412 1838 2449; x_wconf 87' lang='lat' dir='ltr'><strong>vim</strong></span> <span class='ocrx_word' id='word_1_547' title='bbox 1858 2410 1983 2457; x_wconf 78' lang='lat' dir='ltr'><strong>addit,</strong></span> <span class='ocrx_word' id='word_1_548' title='bbox 2009 2423 2088 2448; x_wconf 82' lang='lat' dir='ltr'><strong>ma—</strong></span> 
     </span>
     <span class='ocr_line' id='line_1_69' title="bbox 1212 2469 2086 2521; baseline -0.008 -10"><span class='ocrx_word' id='word_1_549' title='bbox 1212 2474 1315 2511; x_wconf 84' lang='lat' dir='ltr'><strong>xime</strong></span> <span class='ocrx_word' id='word_1_550' title='bbox 1345 2472 1408 2509; x_wconf 82' lang='lat' dir='ltr'><strong>ubi</strong></span> <span class='ocrx_word' id='word_1_551' title='bbox 1441 2470 1651 2521; x_wconf 83' lang='lat' dir='ltr'><strong>indignatio</strong></span> <span class='ocrx_word' id='word_1_552' title='bbox 1681 2469 1885 2508; x_wconf 81' lang='lat' dir='ltr'><strong>coniuncta</strong></span> <span class='ocrx_word' id='word_1_553' title='bbox 1915 2470 1976 2505; x_wconf 84' lang='lat' dir='ltr'><strong>est</strong></span> <span class='ocrx_word' id='word_1_554' title='bbox 2000 2479 2086 2505; x_wconf 87' lang='lat' dir='ltr'><strong>cum</strong></span> 
     </span>
     <span class='ocr_line' id='line_1_70' title="bbox 1214 2522 2086 2578; baseline -0.009 -10"><span class='ocrx_word' id='word_1_555' title='bbox 1214 2529 1482 2568; x_wconf 84' lang='lat' dir='ltr'><strong>admiratione:</strong></span> <span class='ocrx_word' id='word_1_556' title='bbox 1509 2527 1613 2578; x_wconf 85' lang='lat' dir='ltr'><strong>quod</strong></span> <span class='ocrx_word' id='word_1_557' title='bbox 1627 2526 1786 2578; x_wconf 84' lang='lat' dir='ltr'><strong>exponit</strong></span> <span class='ocrx_word' id='word_1_558' title='bbox 1799 2523 1977 2562; x_wconf 84' lang='lat' dir='ltr'><strong>Handius</strong></span> <span class='ocrx_word' id='word_1_559' title='bbox 1992 2522 2086 2561; x_wconf 82' lang='lat' dir='ltr'><strong>Tur-</strong></span> 
     </span>
     <span class='ocr_line' id='line_1_71' title="bbox 1214 2581 2086 2637; baseline -0.008 -13"><span class='ocrx_word' id='word_1_560' title='bbox 1214 2586 1302 2624; x_wconf 87' lang='lat' dir='ltr'><strong>sell.</strong></span> <span class='ocrx_word' id='word_1_561' title='bbox 1319 2585 1361 2623; x_wconf 88' lang='lat' dir='ltr'><strong>ll.</strong></span> <span class='ocrx_word' id='word_1_562' title='bbox 1377 2599 1413 2637; x_wconf 88' lang='lat' dir='ltr'><strong>p.</strong></span> <span class='ocrx_word' id='word_1_563' title='bbox 1429 2587 1521 2625; x_wconf 76' lang='lat'><strong>493.</strong></span> <span class='ocrx_word' id='word_1_564' title='bbox 1548 2582 1669 2622; x_wconf 85' lang='lat' dir='ltr'><strong>multa</strong></span> <span class='ocrx_word' id='word_1_565' title='bbox 1688 2581 1870 2632; x_wconf 82' lang='lat' dir='ltr'><strong>exempla</strong></span> <span class='ocrx_word' id='word_1_566' title='bbox 1890 2581 1974 2618; x_wconf 88' lang='lat' dir='ltr'><strong>eius</strong></span> <span class='ocrx_word' id='word_1_567' title='bbox 1989 2592 2086 2618; x_wconf 82' lang='lat' dir='ltr'><strong>usus</strong></span> 
     </span>
     <span class='ocr_line' id='line_1_72' title="bbox 1215 2636 2086 2695; baseline -0.008 -14"><span class='ocrx_word' id='word_1_568' title='bbox 1215 2642 1437 2695; x_wconf 83' lang='lat' dir='ltr'><strong>proferens,</strong></span> <span class='ocrx_word' id='word_1_569' title='bbox 1468 2644 1510 2678; x_wconf 85' lang='lat' dir='ltr'><strong>ut</strong></span> <span class='ocrx_word' id='word_1_570' title='bbox 1540 2639 1617 2678; x_wconf 78' lang='lat' dir='ltr'><strong>Cic.</strong></span> <span class='ocrx_word' id='word_1_571' title='bbox 1649 2651 1719 2690; x_wconf 87' lang='lat' dir='ltr'><strong>pro</strong></span> <span class='ocrx_word' id='word_1_572' title='bbox 1750 2637 1833 2676; x_wconf 80' lang='lat' dir='ltr'><strong>Mil.</strong></span> <span class='ocrx_word' id='word_1_573' title='bbox 1864 2639 1925 2678; x_wconf 83' lang='lat'><strong>12.</strong></span> <span class='ocrx_word' id='word_1_574' title='bbox 1958 2636 1987 2686; x_wconf 83' lang='lat'><strong>§.</strong></span> <span class='ocrx_word' id='word_1_575' title='bbox 2021 2640 2086 2677; x_wconf 87' lang='lat'><strong>33.</strong></span> 
     </span>
     <span class='ocr_line' id='line_1_73' title="bbox 1214 2691 2086 2746; baseline -0.008 -8"><span class='ocrx_word' id='word_1_576' title='bbox 1214 2702 1249 2738; x_wconf 89' lang='lat' dir='ltr'><strong>in</strong></span> <span class='ocrx_word' id='word_1_577' title='bbox 1277 2698 1450 2737; x_wconf 62' lang='lat' dir='ltr'><strong>ven-N.</strong></span> <span class='ocrx_word' id='word_1_578' title='bbox 1480 2701 1540 2738; x_wconf 82' lang='lat'><strong>16.</strong></span> <span class='ocrx_word' id='word_1_579' title='bbox 1568 2695 1677 2746; x_wconf 78' lang='lat'><strong>§.41.</strong></span> <span class='ocrx_word' id='word_1_580' title='bbox 1704 2695 1754 2734; x_wconf 85' lang='lat' dir='ltr'><strong>al.</strong></span> <span class='ocrx_word' id='word_1_581' title='bbox 1781 2693 1830 2734; x_wconf 89' lang='lat' dir='ltr'><strong>cf.</strong></span> <span class='ocrx_word' id='word_1_582' title='bbox 1855 2694 1905 2734; x_wconf 90' lang='lat' dir='ltr'><strong>ad</strong></span> <span class='ocrx_word' id='word_1_583' title='bbox 1929 2693 2026 2731; x_wconf 82' lang='lat' dir='ltr'><strong>Met.</strong></span> <span class='ocrx_word' id='word_1_584' title='bbox 2041 2691 2086 2731; x_wconf 86' lang='lat' dir='ltr'><strong>ll.</strong></span> 
     </span>
     <span class='ocr_line' id='line_1_74' title="bbox 1213 2749 2086 2809; baseline -0.009 -16"><span class='ocrx_word' id='word_1_585' title='bbox 1213 2771 1250 2809; x_wconf 86' lang='lat' dir='ltr'><strong>p.</strong></span> <span class='ocrx_word' id='word_1_586' title='bbox 1273 2760 1337 2797; x_wconf 82' lang='lat'><strong>76.</strong></span> <span class='ocrx_word' id='word_1_587' title='bbox 1363 2755 1477 2794; x_wconf 85' lang='lat' dir='ltr'><strong>Hunc</strong></span> <span class='ocrx_word' id='word_1_588' title='bbox 1503 2757 1631 2792; x_wconf 88' lang='lat' dir='ltr'><strong>autem</strong></span> <span class='ocrx_word' id='word_1_589' title='bbox 1656 2751 1879 2790; x_wconf 82' lang='lat' dir='ltr'><strong>infinitivum</strong></span> <span class='ocrx_word' id='word_1_590' title='bbox 1904 2751 1953 2789; x_wconf 88' lang='lat' dir='ltr'><strong>ab</strong></span> <span class='ocrx_word' id='word_1_591' title='bbox 1979 2749 2086 2800; x_wconf 87' lang='lat' dir='ltr'><strong>Apu·</strong></span> 
     </span>
     <span class='ocr_line' id='line_1_75' title="bbox 1213 2805 2086 2862; baseline -0.013 -9"><span class='ocrx_word' id='word_1_592' title='bbox 1213 2814 1290 2853; x_wconf 91' lang='lat' dir='ltr'><strong>leio</strong></span> <span class='ocrx_word' id='word_1_593' title='bbox 1323 2813 1386 2851; x_wconf 88' lang='lat' dir='ltr'><strong>hic</strong></span> <span class='ocrx_word' id='word_1_594' title='bbox 1416 2813 1640 2862; x_wconf 87' lang='lat' dir='ltr'><strong>usurpatum</strong></span> <span class='ocrx_word' id='word_1_595' title='bbox 1672 2808 1817 2854; x_wconf 83' lang='lat' dir='ltr'><strong>fuisse,</strong></span> <span class='ocrx_word' id='word_1_596' title='bbox 1849 2821 1923 2845; x_wconf 88' lang='lat' dir='ltr'><strong>non</strong></span> <span class='ocrx_word' id='word_1_597' title='bbox 1957 2805 2086 2844; x_wconf 88' lang='lat' dir='ltr'><strong>solum</strong></span> 
     </span>
     <span class='ocr_line' id='line_1_76' title="bbox 1214 2861 2084 2916; baseline -0.013 -7"><span class='ocrx_word' id='word_1_598' title='bbox 1214 2874 1400 2909; x_wconf 83' lang='lat' dir='ltr'><strong>constans</strong></span> <span class='ocrx_word' id='word_1_599' title='bbox 1438 2867 1540 2906; x_wconf 81' lang='lat' dir='ltr'><strong>Mss.</strong></span> <span class='ocrx_word' id='word_1_600' title='bbox 1579 2867 1692 2904; x_wconf 83' lang='lat' dir='ltr'><strong>lectio</strong></span> <span class='ocrx_word' id='word_1_601' title='bbox 1730 2865 1998 2916; x_wconf 76' lang='lat' dir='ltr'><strong>circumferre</strong></span> <span class='ocrx_word' id='word_1_602' title='bbox 2023 2861 2084 2899; x_wconf 88' lang='lat' dir='ltr'><strong>vel</strong></span> 
     </span>
     <span class='ocr_line' id='line_1_77' title="bbox 1213 2918 2087 2978; baseline -0.013 -11"><span class='ocrx_word' id='word_1_603' title='bbox 1213 2929 1368 2967; x_wconf 73' lang='lat' dir='ltr'><strong>cz&#39;rcetm</strong></span> <span class='ocrx_word' id='word_1_604' title='bbox 1387 2928 1501 2978; x_wconf 77' lang='lat' dir='ltr'><strong>serre</strong></span> <span class='ocrx_word' id='word_1_605' title='bbox 1525 2926 1703 2968; x_wconf 79' lang='lat' dir='ltr'><strong>testatur,</strong></span> <span class='ocrx_word' id='word_1_606' title='bbox 1730 2921 1804 2960; x_wconf 88' lang='lat' dir='ltr'><strong>sed</strong></span> <span class='ocrx_word' id='word_1_607' title='bbox 1829 2919 1933 2972; x_wconf 88' lang='lat' dir='ltr'><strong>quod</strong></span> <span class='ocrx_word' id='word_1_608' title='bbox 1953 2918 2087 2971; x_wconf 89' lang='lat' dir='ltr'><strong>optimi</strong></span> 
     </span>
     <span class='ocr_line' id='line_1_78' title="bbox 1219 2976 2087 3036; baseline -0.012 -14"><span class='ocrx_word' id='word_1_609' title='bbox 1219 2986 1362 3036; x_wconf 87' lang='lat' dir='ltr'><strong>quique</strong></span> <span class='ocrx_word' id='word_1_610' title='bbox 1388 2981 1500 3021; x_wconf 86' lang='lat' dir='ltr'><strong>codd.</strong></span> <span class='ocrx_word' id='word_1_611' title='bbox 1532 2979 1793 3019; x_wconf 78' lang='lat' dir='ltr'><strong>accusativum</strong></span> <span class='ocrx_word' id='word_1_612' title='bbox 1822 2976 2008 3029; x_wconf 78' lang='lat' dir='ltr'><strong>puellam</strong></span> <span class='ocrx_word' id='word_1_613' title='bbox 2031 2989 2087 3013; x_wconf 90' lang='lat' dir='ltr'><strong>re-</strong></span> 
     </span>
     <span class='ocr_line' id='line_1_79' title="bbox 1217 3032 2089 3090; baseline -0.01 -11"><span class='ocrx_word' id='word_1_614' title='bbox 1217 3042 1357 3086; x_wconf 82' lang='lat' dir='ltr'><strong>tinent,</strong></span> <span class='ocrx_word' id='word_1_615' title='bbox 1383 3039 1447 3090; x_wconf 89' lang='lat' dir='ltr'><strong>qui</strong></span> <span class='ocrx_word' id='word_1_616' title='bbox 1462 3041 1601 3090; x_wconf 84' lang='lat' dir='ltr'><strong>postea</strong></span> <span class='ocrx_word' id='word_1_617' title='bbox 1619 3034 1855 3074; x_wconf 85' lang='lat' dir='ltr'><strong>librariormn</strong></span> <span class='ocrx_word' id='word_1_618' title='bbox 1875 3032 2089 3084; x_wconf 81' lang='lat' dir='ltr'><strong>ignorantia</strong></span> 
     </span>
     <span class='ocr_line' id='line_1_80' title="bbox 1218 3089 2089 3139; baseline -0.013 -3"><span class='ocrx_word' id='word_1_619' title='bbox 1218 3099 1253 3136; x_wconf 81' lang='lat' dir='ltr'><strong>in</strong></span> <span class='ocrx_word' id='word_1_620' title='bbox 1280 3096 1555 3135; x_wconf 75' lang='lat' dir='ltr'><strong>nominativum</strong></span> <span class='ocrx_word' id='word_1_621' title='bbox 1587 3091 1901 3131; x_wconf 77' lang='lat' dir='ltr'><strong>commutabatur.</strong></span> <span class='ocrx_word' id='word_1_622' title='bbox 1953 3089 2089 3139; x_wconf 74' lang='lat' dir='ltr'><strong>Saepe</strong></span> 
     </span>
     <span class='ocr_line' id='line_1_81' title="bbox 1218 3144 2088 3202; baseline -0.011 -9"><span class='ocrx_word' id='word_1_623' title='bbox 1218 3156 1293 3194; x_wconf 87' lang='lat' dir='ltr'><strong>hoc</strong></span> <span class='ocrx_word' id='word_1_624' title='bbox 1307 3153 1488 3192; x_wconf 79' lang='lat' dir='ltr'><strong>infinitivo</strong></span> <span class='ocrx_word' id='word_1_625' title='bbox 1502 3148 1696 3202; x_wconf 76' lang='lat' dir='ltr'><strong>Apuleius</strong></span> <span class='ocrx_word' id='word_1_626' title='bbox 1710 3162 1805 3186; x_wconf 83' lang='lat' dir='ltr'><strong>usus</strong></span> <span class='ocrx_word' id='word_1_627' title='bbox 1820 3150 1899 3192; x_wconf 68' lang='lat' dir='ltr'><strong>est,</strong></span> <span class='ocrx_word' id='word_1_628' title='bbox 1913 3151 1955 3184; x_wconf 91' lang='lat' dir='ltr'><strong>ut</strong></span> <span class='ocrx_word' id='word_1_629' title='bbox 1968 3144 2088 3196; x_wconf 76' lang='lat' dir='ltr'><strong>Apol.</strong></span> 
     </span>
    </p>
   </div>
   <div class='ocr_carea' id='block_1_9' title="bbox 2198 0 2221 87">
    <p class='ocr_par' dir='ltr' id='par_1_11' title="bbox 2198 0 2221 87">
     <span class='ocr_line' id='line_1_82' title="bbox 2198 0 2221 87; baseline 0.087 -2"><span class='ocrx_word' id='word_1_630' title='bbox 2198 0 2221 87; x_wconf 72' lang='lat' dir='ltr'><strong>ll</strong></span> 
     </span>
    </p>
   </div>
  </div>
 </body>
</html>
