2155 3590
651 138 838 180 LIBER
867 139 919 180 11.
979 138 1107 179 CAP.
1138 138 1201 178 111.
1232 138 1299 178 lV.
1818 138 1874 180 79

81 250 191 307 illla,
236 251 345 291 euius
382 251 485 292 forte
508 250 703 305 saepicule
728 266 870 293 nomen
893 252 999 293 inter
1021 258 1110 292 tuos
1135 251 1366 292 educatores
1392 250 1681 302 frequentatum
1705 248 1868 290 retines.
1897 253 1939 286 90

80 307 237 348 Accede
266 307 397 360 itaque
427 307 635 361 hospitium
666 308 821 359 fiducia,
854 309 971 349 immo
1002 322 1098 349 vero
1122 307 1199 348 iam
1225 314 1332 347 tuum
1364 305 1561 359 proprium
1585 304 1747 346 Larem.
1809 304 1873 345 Ad

81 364 176 404 haec
202 377 275 417 ego
300 363 377 403 iam
402 363 594 404 sermonis
620 364 741 417 ipsius
767 378 878 405 mora
896 365 1041 405 rubore
1061 364 1230 418 digesto:
1266 362 1405 417 Absit,
1432 362 1611 415 inquam,
1639 375 1803 415 parens,
1832 368 1875 401 ut

80 418 271 460 Milonem
300 420 491 474 hospitem
522 420 608 460 sine
638 420 717 460 ulla
745 422 907 474 querela
937 422 1137 471 deseram,
1172 420 1240 460 sed
1270 409 1384 474 plane
1416 418 1518 471 quod
1543 418 1683 458 officiis
1708 418 1874 472 integris

81 482 209 530 potest
243 476 347 516 effici
378 476 523 517 curabo
548 477 698 517 sedulo.
762 477 955 530 Quotiens
980 477 1134 519 itineris
1160 476 1273 516 huius
1297 475 1400 516 ratio
1425 481 1631 525 nascetur,
1667 488 1875 528 numquam

80 532 177 582 erit,
224 539 267 573 ut
302 546 381 572 non
417 533 517 586 apud
552 539 590 573 te
627 533 825 574 devertar.
892 532 998 574 Dum
1034 534 1135 574 hunc
1172 539 1212 573 et
1246 531 1464 572 huiusmodi
1500 544 1720 571 sermonem
1758 531 1876 571 alter-

81 601 236 640 camur,
269 589 402 643 paucis
427 589 631 629 admodum
656 589 846 631 confectis
871 591 1050 644 passibus
1075 590 1124 630 ad
1148 589 1301 630 domum
1321 587 1581 644 Byrrhaenae
1606 587 1873 640 pervenimus.

659 739 1101 787 CAPUT
1205 739 1305 786 IV.

193 859 309 900 Atria
328 858 334 916 Ι
356 860 472 914 longe
499 860 734 914 pulcerrima
759 861 949 901 columnis
975 857 1255 914 quadrifariam
1282 873 1351 914 per
1374 859 1553 914 singulos
1577 859 1745 914 angulos
1770 867 1876 900 stan·
1893 872 1991 920 [115]

80 916 181 956 tibus
219 917 484 957 attolerabant
519 916 693 973 staltuas
733 917 915 972 palmaris
955 918 1064 957 deae.
1127 916 1268 957 Facies
1299 923 1464 970 utraque
1502 916 1630 971 pinnis
1662 917 1874 971 explicitis,
1904 933 1942 965 91

79 1022 171 1050 inter
185 1025 260 1051 taos
279 1021 411 1051 educat.
423 1022 602 1062 frequent.
622 1024 659 1052 F.
673 1025 704 1052 3.
719 1024 754 1051 G.
774 1024 812 1052 D.
828 1021 1132 1062 educ.f1·equenler
1144 1022 1279 1050 retines.
1293 1024 1330 1051 R.
1346 1022 1368 1051 f.
1381 1025 1445 1050 ret.
1450 1021 1547 1062 freq.
1561 1020 1694 1050 educat.
1707 1020 1736 1052 ὃ.
1755 1025 1791 1052 In
1806 1027 1878 1053 cett.

79 1068 170 1095 inter
197 1070 219 1095 t.
236 1068 333 1108 freq.
359 1067 450 1096 educ.
496 1069 614 1106 itaque
639 1070 749 1097 exulat
769 1076 790 1097 a
807 1070 846 1097 D.
865 1068 919 1096 ita
933 1071 969 1097 L.
1018 1068 1115 1095 immo
1140 1068 1208 1095 iam
1233 1075 1311 1095 vero
1335 1067 1402 1095 iam
1417 1069 1453 1096 P.
1503 1070 1594 1096 tuum
1609 1071 1710 1098 abest.
1725 1070 1788 1098 aB.
1835 1067 1879 1097 At

80 1110 165 1140 haec
183 1113 310 1142 Vicent.
334 1115 448 1142 venet.
474 1115 504 1142 2.
529 1115 612 1142 lunt.
640 1115 668 1141 1.
716 1113 854 1150 taquam
879 1121 940 1142 non
965 1117 1125 1147 comparet
1150 1114 1182 1142 in
1208 1114 1244 1141 P.
1275 1113 1414 1150 inquam
1439 1112 1485 1139 mi
1502 1120 1632 1150 parens
1657 1115 1773 1143 maluit
1795 1115 1880 1143 Prie.

80 1160 209 1185 remoto
233 1158 370 1196 inquam
389 1159 472 1194 ioco,
487 1165 616 1195 parens
635 1158 772 1195 optima,
793 1157 856 1186 dic.
876 1159 898 1187 f.
946 1156 987 1193 a]
1003 1157 1074 1185 ‘ciis
1095 1156 1202 1194 officii
1220 1158 1240 1186 f.
1289 1157 1418 1194 quoties
1438 1159 1486 1186 ed.
1508 1166 1553 1193 pr.
1567 1159 1650 1187 Iuni.
1665 1161 1695 1188 2.
1709 1160 1784 1188 Ala.
1799 1163 1827 1188 ei
1842 1161 1881 1189 Ι).

83 1201 174 1239 apud
191 1203 394 1232 desideratur
412 1203 445 1231 in
458 1205 540 1232 lunt.
557 1205 571 1231 1
595 1206 624 1232 et
643 1205 756 1232 Vener.
772 1205 801 1231 2.
850 1201 1011 1230 devertar
1023 1204 1059 1231 F.
1075 1204 1104 1231 3.
1121 1206 1156 1232 G.
1173 1203 1194 1232 f.
1209 1201 1364 1230 divertar
1376 1204 1413 1231 D.
1429 1200 1458 1231 δ.
1473 1201 1633 1231 (Ιιϊηνίαν
1644 1205 1729 1232 Iuni.
1743 1206 1773 1233 2.
1789 1208 1819 1234 et
1831 1206 1881 1234 ed.

80 1249 192 1276 5Vow.
216 1250 254 1276 In
268 1251 342 1277 cett.
356 1252 403 1276 est
417 1246 590 1276 devortor.
643 1246 719 1275 dum
732 1246 817 1275 lutee
830 1250 862 1275 et
877 1246 975 1275 huius
990 1246 1116 1275 similia
1128 1250 1167 1277 D.
1215 1246 1305 1274 mode·
1316 1250 1405 1276 anes!
1421 1255 1441 1276 a
1455 1245 1484 1277 ὸ“.
1498 1251 1531 1277 ut
1544 1249 1695 1286 saepius;
1709 1249 1881 1279 cf.Met.II.

80 1301 112 1328 1).
129 1294 202 1322 127.
215 1294 269 1321 ΙΠ.
285 1301 314 1327 p.
332 1294 404 1321 180.
420 1292 627 1320 ultricamnr
647 1293 668 1321 f.
683 1296 837 1327 perpetua
849 1293 1064 1321 aberratione.

170 1345 277 1365 annos
291 1336 433 1375 angulos
452 1339 489 1366 D.
505 1345 525 1366 a
537 1346 576 1366 m.
593 1347 621 1373 p.
669 1336 907 1365 attolerabant
918 1338 953 1365 F.
971 1339 999 1365 l.
1014 1339 1050 1365 L.
1064 1336 1110 1373 [et
1124 1338 1156 1366 in
1171 1345 1270 1373 marg.
1287 1346 1329 1365 ac
1345 1334 1555 1378 tolerabant]
1577 1339 1598 1367 f.
1614 1335 1641 1367 δ.
1657 1341 1691 1368 Ο.
1706 1348 1742 1368 π.
1757 1343 1785 1369 et
1801 1343 1880 1369 Mss.

80 1382 371 1417 Becich.cf.1‹:pist.
382 1384 433 1411 73.
449 1390 490 1409 ac
505 1381 699 1410 tolerabant
713 1383 747 1410 F.
758 1384 788 1410 3.
803 1384 837 1411 G.
852 1383 890 1410 D.
904 1383 942 1411 Β.
958 1391 986 1417 p.
1011 1384 1047 1411 In
1063 1383 1200 1417 reliquis
1213 1386 1259 1412 est
1274 1381 1476 1410 ‹teloletumt-
1492 1383 1604 1412 Heius.
1619 1385 1757 1413 coniecit
1771 1384 1880 1413 alter-

79 1426 220 1455 nubant.
258 1427 377 1467 facies
396 1435 482 1465 quae
499 1429 535 1456 F.
549 1427 775 1467 &faciesque
793 1429 828 1455 G.
846 1429 884 1456 D.
895 1427 1096 1466 faciemque
1115 1435 1151 1456 π.
1172 1435 1305 1465 quaque
1326 1436 1355 1462 p.
1376 1428 1408 1456 in
1427 1431 1507 1457 Mss.
1529 1429 1693 1463 plerisque
1708 1433 1788 1459 leste
1802 1431 1881 1460 Oud.

81 1481 219 1510 quaqua
226 1473 403 1503 invenitur.
439 1474 508 1509 Ego
518 1473 715 1502 inveniinF.
729 1474 800 1502 l.B.
810 1474 846 1502 P.
861 1480 1014 1511 quaeque
1027 1474 1061 1502 in
1068 1474 1222 1502 edd.velt.
1255 1472 1376 1510 primis
1385 1481 1441 1508 pro
1450 1473 1565 1510 pinnis
1580 1474 1693 1503 Venet.
1703 1476 1734 1503 2.
1744 1475 1837 1511 pinis
1845 1483 1881 1504 π.

138 1560 389 1600 educatores.
414 1559 515 1599 Hinc
534 1574 609 1599 non
629 1559 757 1599 solum
771 1559 954 1599 mulieres

80 1630 214 1655 verum
257 1617 373 1655 etiam
413 1617 519 1655 viros
561 1617 692 1669 pueris
741 1617 955 1656 educandis

83 1673 174 1711 olim
226 1673 423 1712 adhibitos
477 1686 572 1712 esse
626 1673 786 1725 collegit
845 1673 953 1712 Colv.

83 1733 287 1781 praeterea
316 1729 428 1768 locos
441 1728 492 1768 X..
518 1744 554 1781 p.
571 1734 660 1771 685.
688 1734 727 1768 et
746 1729 867 1769 Instit.
887 1729 952 1769 LI.

83 1785 158 1824 Tit.
185 1787 255 1839 qai
284 1791 323 1826 et
352 1801 404 1826 ea:
438 1788 581 1840 quibus
612 1801 697 1826 cav.
726 1801 830 1827 mam
861 1801 956 1827 non.

78 1857 152 1895 po.
182 1842 370 1881 excitans.
397 1842 463 1895 [cs.
478 1856 579 1894 quae
592 1842 823 1895 Bernhardy
836 1844 884 1882 V.
905 1843 954 1882 D.

81 1899 119 1937 in
144 1898 236 1937 Litt.
262 1898 375 1938 Rom.
401 1912 438 1950 p.
454 1903 517 1940 22.
543 1904 669 1939 annot.
696 1903 748 1941 43
774 1904 814 1938 et
837 1913 873 1951 p.
889 1904 953 1941 32.

83 1955 282 2006 exposuit3
319 1954 411 1994 Tae.
438 1955 487 1994 dc
513 1960 606 1995 orat.
633 1970 663 1994 c.
679 1956 762 2009 29.]

140 2013 339 2064 quotiens.
377 2011 639 2064 [Scripturam
676 2012 858 2051 librorum
889 2026 951 2051 se-

84 2071 195 2106 cutus
232 2066 413 2114 formam,
450 2081 550 2119 quae
585 2069 634 2107 ab
671 2068 772 2108 Oud.
808 2069 954 2108 reiecta

84 2127 159 2170 est,
184 2124 346 2170 restitui,
378 2124 575 2175 antiquam
599 2124 704 2163 illam
730 2129 769 2163 et
794 2124 950 2164 obsole-

82 2184 162 2218 tam
209 2193 304 2218 esse
349 2193 500 2232 negans
541 2185 674 2220 contra
713 2181 859 2220 Deder.
899 2182 951 2220 ad

82 2236 185 2275 Dict.
223 2235 323 2275 Cret.
349 2236 397 2275 V.
434 2250 466 2276 c.
487 2241 522 2278 2.
548 2237 622 2275 sed
658 2250 758 2289 quae
795 2238 952 2290 optimis

85 2292 303 2344 quibusque
344 2293 598 2344 scriptoribus
640 2294 868 2346 perplaceat
902 2294 950 2333 cs.

85 2348 253 2400 Canneg.
290 2348 340 2387 ad
370 2349 509 2388 Avien.
541 2363 577 2401 p.
601 2354 690 2391 173.
722 2350 869 2389 Osann.
900 2351 951 2389 ad

85 2403 178 2444 Tac.
210 2404 277 2443 Or.
300 2409 364 2446 25.
389 2404 423 2444 F
426 2406 546 2457 orbig.
573 2406 694 2457 praef.
719 2407 770 2445 ad
794 2407 949 2446 Lucret.

81 2475 119 2514 p.
136 2460 249 2499 XXI.
271 2461 374 2513 Rup.
400 2466 439 2500 et
452 2462 598 2502 Dronk.
624 2463 675 2501 ad
689 2462 780 2501 Tac.
797 2463 891 2516 Agr.
917 2477 949 2504 c.

83 2521 148 2559 30.
180 2517 285 2569 Rup.
317 2518 368 2557 ad
392 2517 470 2557 Iuv.
491 2518 518 2557 l.
545 2523 580 2560 2.
607 2523 682 2557 not.
707 2520 786 2558 crit.
813 2519 949 2559 Tross.

82 2573 133 2613 ad
162 2574 312 2613 Auson.
345 2573 505 2615 Mosell.
531 2589 568 2627 p.
592 2580 681 2617 140.
714 2580 753 2614 et
782 2575 949 2616 Freund.

83 2629 134 2669 ad
165 2629 241 2669 Cic.
278 2644 348 2682 pro
380 2630 464 2671 Mil.
497 2646 534 2683 p.
556 2636 620 2674 23.
658 2632 820 2671 Videtur
850 2633 950 2673 haec

83 2685 210 2725 forma
240 2700 288 2725 ea
312 2700 423 2734 esse,
461 2701 562 2740 quae
586 2689 636 2727 ab
661 2690 817 2740 optimis
842 2693 881 2728 et
904 2690 955 2729 ad

83 2743 397 2795 orthographiam
422 2746 722 2784 accuratissimis
742 2745 855 2785 codd.
874 2760 954 2785 ser-

83 2802 203 2838 vatur.
251 2799 308 2839 lta
339 2801 424 2840 cod.
458 2799 632 2840 Florent.
666 2801 791 2840 Taciti
821 2802 953 2855 longo-

81 2855 253 2894 bardicis
284 2855 422 2895 litteris
458 2858 627 2909 scriptus
659 2857 726 2910 [cs.
760 2858 952 2900 Walther.

82 2911 134 2950 ad
159 2911 251 2951 Tac.
275 2913 377 2952 Ann.
398 2913 424 2953 l.
452 2914 534 2967 26.]
564 2915 707 2966 ubique
732 2928 818 2953 eam
842 2929 952 2967 prae·

81 2967 150 3006 bet
179 2981 251 3007 nec
280 2970 406 3009 minus
439 2973 786 3024 quotienscunque
817 2971 954 3024 legitur

83 3023 121 3062 in
153 3023 367 3065 Comment.
398 3027 449 3065 ad
480 3027 636 3066 Terent.
669 3041 718 3066 ex
750 3028 835 3067 cod.
860 3029 952 3068 Am-

83 3079 188 3119 bros.
214 3081 275 3121 ed.
300 3082 393 3121 Mai.
421 3096 456 3134 p.
473 3087 536 3125 63.
586 3084 831 3136 Quamquam
857 3085 952 3123 disfi-

86 3135 265 3177 cillimum
299 3152 347 3178 ea
379 3139 428 3178 dc
458 3154 499 3178 re
531 3141 709 3180 iudicium
735 3146 808 3188 est,
836 3156 952 3193 quum

1012 1561 1174 1612 saepius
1194 1560 1256 1599 his
1282 1561 1317 1599 in
1345 1573 1450 1599 vocc.
1477 1560 1617 1600 librarii
1636 1574 1705 1612 pro
1725 1562 1881 1601 arbitrio

1014 1617 1179 1656 litteram
1203 1632 1230 1656 n
1255 1617 1457 1656 addidisse
1482 1617 1711 1671 videantur]

1069 1675 1326 1714 altercamur.
1363 1673 1474 1712 Haec
1492 1679 1682 1727 perpetua
1694 1680 1757 1715 est
1769 1675 1882 1715 libro-

1012 1744 1094 1770 rum
1119 1731 1319 1782 scriptura.
1346 1729 1448 1770 Oud.
1470 1744 1550 1770 voc.
1572 1731 1759 1780 defendit,
1779 1734 1883 1784 quod

1014 1788 1218 1828 altercare
1253 1801 1284 1826 s.
1321 1787 1517 1827 altercari
1556 1801 1633 1827 non
1668 1787 1796 1828 solum
1832 1790 1884 1828 sit

1012 1845 1150 1884 rixari
1173 1844 1247 1883 sed
1267 1845 1381 1882 etiam
1403 1844 1603 1896 fabulari,
1624 1845 1884 1899 rerbiyerare

1013 1904 1052 1939 et
1076 1901 1256 1940 alternos
1280 1914 1478 1939 sermones
1502 1902 1636 1940 iacere
1655 1905 1695 1939 et
1712 1903 1881 1953 quando-

1013 1970 1088 2008 que
1113 1957 1216 1995 idem
1241 1955 1347 2008 quod
1372 1957 1589 2003 alternare,
1614 1958 1663 1996 ab
1684 1958 1881 1998 Stewech.

1011 2013 1093 2051 sere
1116 2014 1261 2064 ubique
1287 2016 1511 2052 correctum.
1544 2013 1698 2066 [Gloss.
1722 2013 1880 2054 Philox.

1008 2083 1045 2121 p.
1064 2074 1125 2110 14.
1147 2070 1374 2110 altercatur
1393 2067 1705 2124 ἀνταποκρίνεται
1723 2074 1881 2123 φιλονει-

1008 2134 1070 2165 κεῖ
1094 2129 1321 2178 διαλέγεται,
1355 2126 1572 2167 altercatio
1596 2126 1789 2182 ἁψιμαχίαι
1814 2127 1881 2181 ἀμ-

1007 2184 1161 2235 φιβολία
1203 2181 1415 2235 ἀντίῤῥησις
1456 2182 1643 2237 ἀμοιβοῖοι
1678 2181 1795 2237 λόγοι.
1832 2185 1880 2224 cs.

1010 2239 1131 2278 Voss.
1156 2239 1284 2291 Etym.
1310 2252 1342 2278 s.
1368 2253 1403 2278 v.
1429 2240 1564 2293 alteru]

1066 2294 1164 2334 CAP.
1182 2295 1248 2335 IV.
1274 2296 1565 2336 attolerabant.
1581 2298 1776 2338 Tolerare
1790 2312 1878 2350 pas-

1008 2352 1081 2391 sim
1094 2365 1165 2404 pro
1175 2355 1300 2405 ferre,
1326 2367 1481 2407 ρετ-ονε,
1509 2358 1643 2394 tenere
1655 2355 1759 2406 apud
1772 2355 1880 2407 Apu-

1010 2408 1126 2448 leium
1158 2409 1318 2448 inveniri
1349 2409 1491 2448 docent
1516 2411 1699 2462 exempla
1723 2411 1819 2450 Met.
1834 2410 1879 2450 ΙΙ.

1007 2479 1043 2517 p.
1063 2470 1152 2507 125.
1180 2465 1242 2505 111.
1269 2479 1305 2517 p.
1324 2470 1413 2507 185.
1439 2465 1505 2506 lv.
1531 2480 1567 2518 p.
1583 2471 1675 2509 294.

1065 2523 1269 2575 palmaris
1290 2522 1391 2562 (leae
1411 2522 1476 2575 [ef.
1496 2522 1580 2562 lntt.
1599 2525 1649 2563 ad
1669 2523 1753 2562 Tib.
1769 2523 1793 2562 Ι.
1818 2529 1880 2566 10.

1009 2580 1081 2628 (9.)
1103 2583 1166 2620 82.
1188 2578 1357 2619 Panvin.
1379 2579 1428 2618 de
1446 2579 1582 2619 Ludis.
1604 2579 1630 2619 1.
1652 2595 1683 2619 c.
1704 2581 1767 2622 16.
1782 2594 1812 2619 s.
1832 2581 1880 2619 in.

1007 2635 1147 2674 Graev.
1173 2635 1300 2675 Thes.
1324 2635 1391 2675 lX.
1417 2650 1454 2688 p.
1477 2639 1566 2678 199.
1593 2637 1682 2689 ibiq.
1710 2640 1786 2676 not.
1808 2637 1879 2676 Ar-

1012 2691 1090 2743 gol.

1064 2751 1198 2802 facies
1217 2754 1393 2803 utraque
1406 2750 1549 2801 pinnis
1569 2749 1682 2803 expl.
1703 2748 1804 2789 Oud.
1826 2749 1879 2788 le-

1010 2806 1180 2857 gendum
1199 2819 1292 2845 esse
1311 2810 1443 2844 monet
1462 2806 1549 2845 adt.
1563 2811 1608 2846 st.
1618 2807 1749 2858 palm.
1763 2806 1802 2846 cl.
1815 2809 1882 2859 sa·

1011 2864 1111 2903 ciem
1131 2877 1236 2916 qaae
1252 2863 1392 2915 pinnis
1412 2865 1500 2900 cett.
1523 2863 1561 2912 (i.
1577 2875 1610 2901 e.
1627 2864 1742 2915 facie
1761 2863 1824 2902 vel
1839 2866 1882 2903 in

1007 2921 1174 2971 faciem)
1191 2932 1259 2971 per
1273 2922 1403 2957 notum
1417 2917 1522 2957 illum
1535 2919 1806 2973 graecismum,
1821 2919 1882 2959 cui

1010 2978 1139 3014 tamen
1154 2975 1217 3014 hic
1231 2975 1359 3014 nullus
1373 2973 1483 3014 locus
1497 2988 1590 3014 esse
1604 2979 1746 3027 potest.
1794 2975 1882 3015 Nec

1010 3032 1137 3071 minus
1152 3031 1333 3083 displicet
1348 3045 1525 3085 quaqua,
1541 3031 1645 3084 quod
1659 3032 1765 3084 prius
1780 3033 1881 3072 idem

1011 3089 1177 3127 coniecit
1207 3093 1247 3127 et
1277 3088 1382 3140 quod
1412 3089 1455 3127 in
1482 3102 1763 3142 qztamcunque
1783 3104 1881 3142 par-

1010 3149 1086 3185 tem
1121 3145 1322 3196 significat.
1354 3144 1400 3183 cs.
1433 3144 1484 3184 ad
1514 3144 1610 3184 Met.
1629 3143 1698 3185 Xl.
1729 3160 1765 3198 p.
1788 3150 1880 3188 819.
