2155 3590
732 130 921 172 LIBER
949 129 976 172 I.
1038 128 1168 172 CAP.
1196 128 1265 170 XI.

682 339 1120 389 CAPUT
1211 338 1321 386 XI.

217 473 341 525 Mira,
372 473 552 528 inquam,
586 487 658 514 nee
683 474 811 515 minus
837 487 977 524 saeva,
1011 473 1063 513 mi
1089 471 1298 523 Socrates,
1325 484 1536 512 memoraS.
1598 469 1779 524 Denique
1810 470 1903 511 mihi

106 546 259 587 quoque
280 545 356 571 non
384 544 543 586 parvam
568 530 769 571 incussisti
795 530 1094 571 sollicitudinem
1120 529 1238 570 immo
1256 543 1352 570 vero
1374 527 1639 577 formidinem,
1660 526 1804 567 iniecto
1825 541 1904 567 non

104 588 287 643 scrupulo
319 588 386 628 sed
417 587 576 638 lancea,
617 601 666 628 ne
698 601 773 641 quo
804 586 975 627 numinis
1006 586 1226 627 ministerio
1257 586 1438 627 similiter
1468 598 1540 625 usa
1571 597 1776 625 sermones
1806 583 1904 624 istos

105 651 262 687 nostros
293 657 392 684 anus
423 643 490 684 illa
522 650 751 698 cognoscat.
813 641 949 697 Itaque
976 643 1167 684 maturius
1193 642 1312 707 quieti
1338 655 1409 683 nos
1434 654 1672 696 reponamus
1704 647 1744 680 et
1767 653 1905 680 somno

103 702 235 742 levata
270 699 500 741 lassitudine
537 700 664 741 noctis
700 700 896 741 antelucio
935 700 1186 753 aufugiamus
1224 699 1341 740 istinc
1377 712 1490 752 quain
1530 705 1619 753 pote
1657 696 1902 751 longissime.

104 757 214 799 Haec
238 757 362 797 adhuc
384 755 390 813 Ι
410 770 471 797 me
497 758 707 808 suadente,
740 756 899 797 insolita
926 757 1139 798 vinolentia
1167 770 1213 797 ac
1239 756 1421 796 diuturna
1450 754 1682 809 fatigatione.
1707 760 1905 806 pertenta-

103 821 166 855 tus
196 814 321 854 bonus
354 811 541 855 Socrates
572 813 648 854 iam
681 813 830 868 sopitus
862 813 1055 854 stertebat
1083 813 1216 854 altius.
1277 812 1367 867 Ego
1392 826 1488 852 vero
1513 811 1678 852 adducta
1706 810 1793 850 iore
1819 823 1904 864 pes-

103 871 276 925 sulisque
307 869 493 921 firmatis,
527 870 733 924 grabatulo
766 870 882 910 etiam
918 884 1016 924 pone
1048 870 1229 910 cardines
1261 869 1460 924 supposito
1497 875 1536 909 et
1566 867 1687 922 probe
1717 873 1903 921 aggesto,

103 941 221 991 super
245 940 332 967 eum
358 940 419 967 me
444 926 606 980 recipio.
662 927 724 968 Ac
749 927 912 981 primum
941 940 1034 981 prae
1059 933 1165 967 metu
1191 926 1474 980 aliquantisper
1496 924 1640 979 vigilo,
1679 923 1768 964 dein
1800 922 1905 963 circa

101 983 256 1025 tertiam
290 983 412 1024 ferme
443 982 617 1038 vigiliam
649 983 846 1038 paululum
873 983 1082 1024 conniveo.
1145 981 1400 1024 Commodum
1429 982 1664 1045 quieveram
1680 988 1720 1021 et
1742 985 1906 1035 repente

101 1040 270 1095 impulsu
300 1040 471 1091 maior‚e
510 1053 623 1094 quam
661 1045 703 1080 ut
733 1040 909 1081 latrones
940 1040 1145 1088 crederes,
1184 1039 1326 1080 ianuae
1362 1045 1614 1089 reserantur,
1654 1037 1771 1078 immo
1810 1049 1906 1079 vero

191 1142 334 1172 namque
352 1141 407 1170 pro
426 1133 564 1174 inquam
582 1136 621 1164 D.
640 1141 661 1164 a
678 1142 720 1164 m.
738 1143 767 1170 p.
782 1141 906 1163 scaeva
919 1137 964 1164 Μ.
1012 1134 1066 1162 τὴ·
1080 1132 1173 1161 socr.
1188 1134 1208 1163 f.
1258 1132 1397 1171 demque
1414 1136 1506 1163 abest
1525 1135 1594 1162 aD.
1610 1140 1671 1168 ap.
1686 1141 1727 1162 m.
1776 1139 1908 1170 qnoque

101 1182 231 1210 exsulat
251 1187 272 1209 a
290 1180 312 1209 f.
332 1183 361 1209 et
378 1181 413 1208 Ρ.
460 1187 549 1208 nunc
566 1187 622 1215 pro
641 1188 706 1208 nnn
721 1187 757 1209 π.
805 1187 844 1207 ne
860 1188 923 1218 qun
938 1182 1029 1209 abest
1045 1187 1065 1207 a
1077 1181 1114 1208 D.
1129 1187 1150 1208 a
1162 1188 1192 1214 p.
1207 1187 1248 1208 m.
1295 1179 1410 1216 mr'qun
1423 1187 1480 1213 pro
1493 1187 1533 1206 ne
1547 1187 1610 1216 quo
1624 1178 1906 1214 Bas-⁸2.et1.ugd.

101 1225 210 1254 minuc
226 1232 290 1262 pro
310 1223 455 1254 numinis
468 1227 506 1254 R.
552 1224 715 1262 mysterio
734 1227 812 1255 BaS.
828 1226 857 1254 1.
905 1223 1080 1253 sae'mnlusa
1094 1234 1123 1260 p.
1172 1232 1232 1253 uso
1247 1226 1283 1253 G.
1330 1223 1501 1252 antelucio
1516 1226 1553 1253 R.
1568 1224 1589 1253 f.
1603 1226 1684 1251 ante
1696 1222 1803 1252 lucios
1817 1224 1852 1252 G.
1868 1223 1905 1252 P.

102 1273 183 1298 ante
195 1269 301 1298 lucem
314 1270 348 1299 in
357 1271 394 1299 D.
402 1271 531 1299 videtur
545 1270 649 1300 fuisse
662 1277 682 1299 a
697 1279 726 1305 p.
736 1271 899 1299 m.Venet.
910 1272 940 1299 2.
953 1271 1035 1298 lunt.
1047 1271 1076 1298 1.
1090 1271 1166 1298 Ald.
1179 1273 1277 1297 nocte
1290 1273 1372 1297 ante
1386 1268 1489 1297 luz-em
1505 1270 1641 1298 coniecit
1651 1271 1756 1298 Grosl.
1804 1276 1906 1306 qnam

95 1319 185 1354 puta
197 1316 234 1344 F.
248 1317 329 1344 3.1..
344 1316 380 1344 P.
394 1317 431 1344 G.
444 1317 481 1344 D.
497 1317 531 1344 Ο.
544 1323 580 1344 π.
594 1315 616 1344 f.
631 1319 661 1344 (a
675 1324 714 1345 m.
729 1324 756 1344 s.
770 1316 826 1343 sed
841 1322 862 1344 a
874 1323 914 1344 m.
930 1322 958 1350 p.
970 1318 1053 1351 pule
1065 1323 1165 1352 quam
1177 1318 1282 1351 pulos
1297 1322 1325 1349 p.
1340 1318 1369 1344 et
1384 1316 1453 1344 edd.
1468 1318 1544 1343 ante
1558 1315 1649 1344 c01v.
1696 1312 1861 1342 violentia
1869 1315 1906 1342 G.

100 1363 137 1391 P.
155 1362 190 1391 0.
206 1360 228 1390 f.
240 1362 278 1390 1..
326 1358 490 1388 diuturna
502 1361 538 1389 F.
554 1362 583 1389 1.
597 1362 633 1389 G.
647 1362 685 1390 D.
700 1361 735 1390 0.
749 1361 785 1390 P.
801 1360 821 1389 f.
836 1369 865 1395 p.
881 1364 909 1389 et
924 1368 1037 1389 omnes
1050 1361 1121 1389 edd.
1134 1364 1211 1389 vett.
1234 1362 1271 1388 ln
1285 1360 1404 1389 ceteris
1417 1364 1465 1388 est
1479 1358 1613 1387 de’urna.
1659 1362 1906 1395 perrunetatus

100 1406 173 1436 bon.
193 1405 216 1435 s.
263 1405 392 1443 sopitus
409 1404 478 1433 iam
497 1406 568 1434 edd.
588 1406 662 1434 inde
680 1409 721 1435 ab
739 1406 823 1434 Elin.
870 1403 998 1433 aduc-ea
1018 1407 1056 1434 D.
1071 1412 1091 1434 a
1112 1413 1151 1434 m.
1167 1414 1196 1440 p.
1211 1403 1370 1433 <abducta
1384 1413 1405 1434 a
1417 1413 1457 1434 m.
1472 1410 1510 1436 s.)
1524 1406 1678 1433 Venet.2.
1691 1407 1775 1433 lunt.
1787 1406 1816 1433 1.
1829 1405 1905 1434 ΑΜ.

91 1452 196 1492 forle
209 1459 240 1487 p.
288 1449 427 1479 cardine
439 1452 476 1480 F.
489 1451 520 1480 3.
534 1452 570 1479 L.
584 1452 620 1480 B.
635 1451 670 1480 0.
685 1451 705 1480 f.
719 1452 768 1479 ed.
782 1458 828 1485 pr.
840 1455 871 1479 et
884 1452 1012 1480 Vicent.
1028 1449 1199 1478 cardinem
1213 1451 1248 1479 P.
1264 1451 1340 1484 p.D.
1351 1452 1386 1479 G.
1434 1451 1550 1479 Venet.
1565 1451 1595 1477 4.
1611 1453 1639 1478 et
1650 1451 1723 1478 Bas.
1773 1448 1905 1476 adiecto

100 1498 137 1526 Β.
155 1496 267 1525 aiecto
286 1497 325 1525 D.
345 1504 366 1525 a
382 1504 422 1525 m.
442 1504 471 1531 p.
491 1494 642 1534 (adgesto
655 1504 676 1525 a
688 1504 728 1525 m.
743 1503 782 1527 s.)
797 1494 928 1524 adtexta
944 1497 979 1524 P.
995 1504 1037 1523 ac
1059 1499 1217 1533 congesto
1232 1496 1273 1524 cf.
1295 1498 1428 1533 aggesto
1443 1497 1481 1524 1..
1529 1493 1645 1522 deinde
1660 1497 1697 1523 D.
1715 1495 1750 1523 G.
1791 1494 1907 1532 ferme

100 1545 192 1571 abest
206 1548 227 1570 a
238 1542 353 1570 Venet.
367 1543 397 1571 4.
413 1543 490 1570 Bas.
505 1542 535 1570 1.
580 1540 719 1578 paulum
735 1543 770 1570 P.
819 1539 989 1569 mammen
1003 1542 1040 1570 F.
1057 1543 1085 1570 1.
1102 1543 1132 1569 3.
1147 1539 1305 1568 conhiben
1319 1542 1355 1570 P.
1368 1542 1402 1569 0.
1418 1539 1552 1568 conibet»
1567 1542 1602 1569 G.
1616 1541 1654 1568 D.
1674 1539 1731 1575 [ex
1743 1539 1908 1569 constanti

99 1588 267 1617 literarum
279 1585 298 1614 b
311 1590 374 1616 etv
387 1587 622 1621 permutatione
635 1587 676 1616 cf.
691 1588 745 1616 Dr.
761 1588 801 1616 ad
815 1588 887 1616 Liv.
900 1589 940 1616 11.
956 1588 1008 1615 29.
1023 1587 1055 1621 S.
1071 1588 1122 1615 12.
1137 1588 1258 1622 Spanh.
1272 1587 1312 1616 de
1326 1594 1385 1615 usu
1401 1590 1429 1616 et
1445 1590 1564 1621 praest.
1578 1587 1615 1614 N.
1628 1586 1766 1615 Diss.11.
1787 1593 1816 1619 p.
1832 1586 1906 1613 120.

100 1634 205 1662 Pium.
220 1633 261 1661 ad
275 1633 366 1662 Pers.
379 1634 446 1662 Sat.
461 1640 490 1668 p.
505 1634 581 1661 448.
595 1634 697 1667 Kopp.
713 1633 753 1661 ad
768 1635 863 1662 Mart.
879 1633 956 1667 cap.
970 1634 994 1661 1.
1011 1632 1041 1665 S.
1056 1634 1110 1661 25.
1131 1640 1160 1667 p.
1174 1633 1227 1661 67.
1252 1633 1302 1661 lta
1316 1633 1423 1661 Gloss.
1435 1632 1514 1661 isid.
1528 1631 1642 1666 2692,
1657 1632 1827 1666 legendum
1842 1633 1907 1659 est:

101 1675 497 1714 reduvias—reliquias.
529 1676 695 1704 cnummdo
705 1676 779 1705 dnm
789 1679 824 1706 F.
833 1679 864 1706 3.
873 1687 901 1713 p.
912 1679 941 1705 7.
952 1676 1051 1712 [quod
1061 1686 1123 1706 non
1134 1678 1177 1706 ita
1186 1681 1232 1707 est
1244 1677 1467 1712 improbabile.
1484 1674 1751 1705 Cmmnnduenim
1761 1679 1808 1705 est
1817 1683 1906 1702 cnm-

100 1721 230 1751 modum
243 1723 285 1752 cf.
298 1724 406 1752 Plaut.
421 1723 553 1752 Mitw.
567 1725 597 1752 4.
612 1725 665 1752 61.
679 1724 804 1752 Charis.
814 1725 854 1752 11.
865 1724 1045 1758 p.274.Sed
1055 1723 1087 1751 in
1100 1724 1263 1758 particula
1271 1725 1303 1748 et
1313 1724 1409 1751 valde
1417 1722 1639 1756 offendo,quin
1650 1722 1682 1750 in
1692 1725 1779 1750 textu
1790 1728 1909 1756 posue-

100 1766 449 1806 rim.]impropulsu1).
475 1770 676 1797 resecantur
684 1770 760 1797 Bas.
772 1770 799 1797 1.
825 1767 1019 1797 env'eoulsus
1027 1769 1065 1797 D.
1075 1775 1182 1803 anm.
1205 1767 1373 1805 grabatus
1382 1767 1648 1805 alz'nq.edd.vett.
1658 1768 1907 1802 praeterlunt.2.

156 1833 216 1874 ad
239 1846 370 1887 aquas
392 1833 582 1880 sterilem,
615 1833 666 1873 de
695 1834 975 1885 significatione

99 1889 214 1930 huius
249 1891 561 1943 praepositionis,
599 1890 836 1930 Graecorum
878 1888 976 1929 κατὰ

99 1947 163 1985 vel
190 1945 284 2000 πρὸς
308 1948 597 1986 accuratissime
627 1947 899 1999 respondentis
926 1947 978 1986 cf.

100 2003 229 2043 Hand.
245 2001 458 2043 Tursell.l.
478 2006 545 2044 92.
563 2018 602 2056 p.
626 2008 718 2045 104.
742 2007 832 2045 113.
854 2003 975 2043 Drak.

100 2060 150 2099 ad
175 2058 263 2099 Liv.
289 2063 361 2105 37,
387 2064 431 2105 7,
460 2064 525 2100 15.
562 2059 623 2100 Ab
648 2062 767 2114 aquis
791 2061 974 2099 damnan-

101 2116 192 2155 dum
216 2129 291 2155 non
317 2117 404 2162 erit,
435 2129 552 2167 quum
579 2131 604 2155 a
624 2122 748 2169 parte
772 2118 973 2168 significet,

100 2173 152 2212 de
183 2185 259 2223 quo
290 2174 505 2212 accuratius
541 2173 666 2212 dicam
703 2173 752 2213 ad
783 2170 882 2214 Met.
908 2173 972 2213 Vl.

100 2243 127 2283 p
160 2229 358 2326 CAP.]XI.
416 2286 613 2338 scrupulo
650 2288 820 2332 iniecto,
871 2287 975 2337 quod

101 2341 215 2395 Lips.
245 2343 440 2393 sagaciter
470 2344 504 2381 in
531 2343 692 2395 spiculo
718 2345 974 2389 eommutavit,

101 2403 259 2453 propter
282 2412 456 2450 sequens
483 2399 627 2439 lancea
651 2399 872 2438 mutandum
900 2414 973 2438 non

101 2459 197 2495 erat.
237 2456 489 2508 Scrupulum
520 2456 690 2495 iniicere
726 2456 868 2495 locutio
909 2471 973 2495 no-

101 2513 254 2552 tissima
278 2515 352 2553 est.
377 2512 427 2553 cs.
447 2511 526 2552 Cic.
551 2525 621 2564 pro
641 2510 763 2552 Rosc.
783 2513 916 2552 Amer.
936 2517 975 2555 2.

102 2567 250 2622 [Doed.
275 2569 372 2620 Syn.
396 2567 460 2607 ΙΙΙ.
483 2582 522 2621 p.
547 2568 659 2621 208]

155 2626 288 2665 noctis
300 2626 518 2665 antelucio.
542 2625 654 2663 Bene
668 2626 861 2673 coniungit
873 2625 976 2667 Oud.

100 2679 202 2721 haec
231 2683 352 2721 verba
381 2686 421 2720 et
452 2682 502 2720 de
534 2681 762 2721 antelucano
800 2683 977 2734 intelligit

100 2741 276 2790 tempore
299 2737 419 2791 [Nox
437 2738 476 2778 h.
496 2738 520 2778 l.
539 2739 690 2778 videtur
708 2739 846 2777 eodem
861 2740 976 2778 modo

100 2794 313 2840 abundare,
338 2799 386 2834 ut.
401 2792 502 2836 Met.
526 2794 596 2836 lv.
621 2799 715 2836 403.
745 2797 838 2835 solis
861 2798 974 2836 meri-

100 2850 200 2891 dies.
222 2847 322 2891 Met.
346 2851 398 2892 V.
421 2865 461 2904 p.
487 2856 582 2893 371.
606 2853 748 2892 mortis
772 2853 971 2906 exitium]

152 2911 255 2960 pote
269 2906 375 2960 [Hoc
388 2910 501 2947 unice
514 2909 708 2961 probatur.
716 2908 764 2948 ef.
775 2908 912 2949 Heins.
921 2910 972 2949 ad

99 2960 192 3003 val.
216 2962 352 3004 Flacc.
376 2964 445 3005 IV.
470 2969 565 3007 680.
590 2965 723 3003 Burm.
748 2965 798 3004 ad
816 2965 979 3008 Anthol.

100 3016 334 3072 11.p..499
363 3018 463 3061 Met.
487 3021 558 3062 XI.
587 3035 628 3074 p.
652 3024 748 3064 792.
778 3026 818 3061 et
841 3021 978 3064 Eckst.

100 3075 153 3116 ad
177 3077 297 3117 Arist.
321 3075 369 3118 ΙΙ.
394 3092 435 3130 p.
459 3078 571 3132 667.]

157 3132 370 3175 diuturna.
393 3133 555 3189 [Contra
579 3134 684 3177 Oud.
713 3135 771 3175 sic
803 3149 851 3174 ex
873 3133 979 3178 MSS.

1033 1834 1177 1885 recepi.
1209 1832 1312 1879 Quid
1339 1833 1439 1871 enim
1463 1833 1536 1870 sibi
1557 1833 1650 1870 velit
1669 1832 1820 1872 diurna
1842 1833 1908 1884 fa-

1035 1891 1186 1942 tiqatio
1206 1904 1279 1928 non
1294 1891 1419 1942 capio,
1439 1902 1555 1940 quum
1568 1889 1773 1927 sedentem
1786 1892 1825 1926 et
1845 1889 1909 1927 lue

1033 1959 1203 1985 venerea
1226 1950 1459 1985 maceratum
1492 1945 1694 1985 Socratem
1725 1946 1910 1984 inveniret

1033 2002 1329 2048 Aristomenes,
1378 2006 1417 2041 et
1466 2003 1500 2040 in
1549 2002 1719 2055 hospitio
1768 2001 1909 2040 deinde

1033 2061 1135 2098 bene
1172 2064 1332 2099 curaret.
1399 2060 1441 2098 si
1484 2072 1575 2097 vero
1617 2059 1666 2098 ad
1697 2057 1909 2098 Aristome-

1033 2130 1120 2155 nem
1135 2116 1347 2162 referretur,
1367 2116 1517 2168 probari
1537 2116 1575 2154 id
1593 2120 1743 2168 posset,
1764 2117 1909 2168 quippe

1035 2175 1098 2223 qui
1131 2175 1262 2212 itinere
1300 2176 1410 2212 esset
1441 2172 1635 2224 fatigatus,
1684 2172 1766 2211 Sed
1793 2186 1910 2224 quum

1034 2228 1132 2270 Met.
1158 2229 1187 2270 Ι.
1218 2243 1256 2281 p.
1282 2233 1347 2270 31.
1385 2230 1587 2268 Socratem
1620 2229 1818 2279 fatigatum
1846 2243 1910 2268 au-

1035 2290 1115 2325 ctor
1140 2288 1414 2332 nominaverit,
1447 2285 1629 2331 efficitur,
1665 2287 1838 2326 morbum
1865 2300 1910 2324 ac

1034 2344 1198 2382 miseriis
1231 2357 1318 2382 euin
1349 2345 1401 2382 ita
1432 2343 1555 2382 fuisse
1580 2343 1774 2388 affectum,
1811 2355 1910 2393 quas

1035 2401 1177 2438 diutins
1212 2414 1431 2453 perpessus
1468 2404 1561 2441 erat.
1607 2399 1764 2438 Lassus
1800 2400 1912 2451 igitur

1034 2456 1189 2496 diutinis
1204 2458 1367 2496 miseriis
1382 2471 1430 2495 eo
1451 2457 1566 2496 altius
1585 2457 1787 2501 stertebat,
1807 2454 1912 2506 quod

1033 2513 1150 2565 longo
1176 2518 1350 2566 tempore
1368 2515 1588 2553 intermisso
1600 2517 1679 2552 tam
1697 2515 1799 2553 bene
1814 2526 1912 2551 nunc

1033 2574 1220 2610 tractatus
1236 2575 1329 2611 erat.
1371 2570 1453 2609 Eos
1469 2572 1582 2616 enim,
1608 2572 1670 2622 qui
1686 2571 1860 2610 diurnus
1873 2574 1914 2610 et

1035 2627 1254 2668 diuturnus
1284 2628 1367 2667 vice
1400 2641 1512 2667 versa
1541 2629 1632 2680 poni
1668 2640 1791 2680 posse
1823 2640 1910 2665 con-

1035 2685 1209 2730 tendunt,
1225 2699 1298 2724 non
1314 2685 1441 2724 auclio.
1466 2684 1529 2723 De
1543 2697 1641 2722 voce
1660 2683 1914 2724 commodum

1036 2741 1086 2782 cf.
1110 2740 1239 2781 Hand.
1265 2740 1435 2781 Turseli.
1460 2738 1507 2781 Π.
1532 2755 1570 2794 p.
1593 2744 1685 2781 100.

1090 2799 1279 2838 adducta
1306 2801 1405 2851 fore
1440 2798 1490 2839 cf.
1526 2797 1646 2837 Gron.
1683 2796 1830 2839 Obser.
1865 2796 1913 2839 ΙΙ.

1034 2856 1100 2895 11.
1124 2869 1164 2907 p.
1192 2859 1284 2896 152.
1310 2855 1372 2894 (NI.
1397 2854 1445 2895 L.

1087 2913 1265 2964 impulsu.
1303 2911 1543 2964 [Impellere
1568 2915 1607 2949 et
1636 2912 1832 2964 impulsus
1863 2912 1913 2951 de

1037 2968 1162 3006 ianuis
1195 2968 1386 3013 dicuntur,
1419 2981 1520 3018 quae
1551 2968 1803 3007 vehementer
1825 2969 1914 3021 pul-

1036 3028 1186 3071 santur3
1214 3025 1263 3064 cl.
1288 3023 1420 3063 Bnrm.
1445 3025 1494 3063 ad
1522 3023 1625 3065 Petr.
1650 3039 1683 3066 c.
1709 3030 1770 3066 17.
1794 3038 1831 3077 p.
1846 3030 1914 3066 77.

1037 3084 1077 3120 et
1107 3079 1209 3122 Cort.
1233 3081 1291 3120 ‘ad
1314 3080 1464 3121 Lucan.
1488 3079 1556 3122 Vl.
1584 3086 1676 3123 123.
1705 3082 1769 3121 De
1799 3095 1840 3120 re
1865 3082 1915 3122 cf.

1038 3137 1219 3190 Sagittar.
1245 3138 1297 3178 de
1321 3136 1450 3178 Ianuis
1476 3151 1512 3179 c.
1537 3141 1574 3180 7.
1601 3138 1627 3179 Ι.
1650 3152 1684 3180 c.
1707 3153 1746 3193 p.
1771 3138 1885 3193 436]

1930 819 1974 853 44
