2221 3667
312 160 393 202 944

586 157 632 197 L.
664 155 883 196 APULEII
911 153 1312 195 MADAURENSIS
1340 155 1879 198 METAMORPHOSEON

313 268 579 311 necessarium
617 267 824 321 sanguinis
859 266 923 307 sui
958 280 1099 307 munus
1135 266 1385 320 aggreditur,
1420 274 1464 307 ut
1499 266 1713 307 desolatam
1741 268 1910 309 vicinam
1935 269 2100 333 puellam

224 335 288 367 724
311 332 593 381 parentumque
617 323 812 378 praesidio
837 323 1035 364 viduatam
1061 323 1197 363 domus
1222 337 1318 364 suae
1343 323 1465 363 tutela
1494 330 1736 377 receptat-et,
1759 323 1766 379 Ι
1786 337 1832 364 ac
1860 339 1955 365 mox
1985 326 2101 366 artis-

311 383 410 423 simo
435 381 674 433 multumque
698 379 774 421 sibi
798 379 939 421 dilecto
964 379 1259 429 contubernali,
1292 379 1460 433 largitus
1490 379 1537 420 de
1567 379 1723 434 proprio
1753 380 1881 420 dotem
1911 380 2102 422 liberalis-

312 441 409 479 sime
434 437 621 478 traderet.

856 586 1068 632 CAP

1118 586 1159 632 U
1207 586 1250 631 T
1343 585 1568 632 XXIV.

427 695 504 739 Sed
537 697 633 738 haec
663 697 763 737 bene
795 703 911 749 atque
943 695 1086 749 optime
1118 695 1308 749 plenaque
1335 709 1421 736 cum
1448 693 1707 736 sanctimonia
1732 694 1917 749 disposita
1943 695 2104 735 feralem

316 756 494 795 fortunae
525 761 661 794 nutum
692 753 815 793 latere
846 766 925 793 non
950 758 1182 807 potuerunt,
1215 752 1326 792 cuius
1356 751 1547 792 instinctu
1572 751 1725 795 domum
1748 751 1903 793 iuvenis
1928 752 2107 806 protinus

315 890 380 911 sna
399 880 508 910 tutela
520 883 557 912 0.
604 883 646 909 at
657 888 738 909 mox
751 880 820 910 edd.
835 883 910 909 velt.
931 883 1007 909 ante
1024 880 1113 909 Colv.
1135 884 1263 915 praeter
1280 881 1364 910 lunt.
1382 881 1415 909 2.

315 930 352 959 Τ.
364 930 404 958 Χ.
417 928 504 956 Diss.
518 929 550 956 2.
563 926 594 962 S.
610 929 639 956 6.
655 935 684 961 p.
699 927 776 955 421.
822 923 993 963 multoque
1007 926 1042 954 Ο.

1463 878 1644 908 rarissimo
1663 887 1720 915 pro
1738 878 1913 908 artissimo
1932 880 2107 915 Gundling.

405 971 460 1000 lu'c
483 971 562 999 bene
587 973 657 1001 edd.
677 975 753 1001 ante
772 972 864 1001 Colv.
884 974 1012 1006 praeter
1029 973 1114 999 lunt.
1135 972 1166 999 2.
1191 967 1254 998 hoc
1268 978 1295 1005 n.
1310 971 1345 999 Ο.
1369 972 1407 1000 Ιῐι
1420 973 1493 999 cett.
1507 968 1602 999 haee.
1639 978 1701 1008 que
1714 968 1896 1006 postplena
1908 970 2110 999 desideratur

316 1020 349 1047 in
366 1019 404 1048 Β.

315 1072 380 1093 non
392 1066 553 1098 comparet
567 1062 600 1091 in
619 1059 648 1092 δ.

315 1174 414 1212 satis
443 1172 621 1212 viderunt
657 1172 812 1225 quidam
848 1171 1005 1219 librarii,
1041 1172 1187 1223 aliquid

316 1230 444 1269 vitiosi
480 1230 517 1268 in
555 1229 630 1268 hac
671 1229 832 1282 periodo
875 1230 1025 1276 inesse,
1068 1233 1186 1279 atque

316 1287 405 1325 hinc
428 1286 601 1324 nonnulli
627 1286 880 1325 emendarunt
908 1299 1082 1332 arcana,
1122 1285 1186 1324 alii

318 1342 507 1381 dederunt
531 1343 759 1382 custodiam
784 1355 834 1380 ex
857 1341 969 1381 codd.
994 1341 1095 1393 Reg.
1112 1341 1186 1380 Pa-

317 1399 385 1439 lat.
410 1398 606 1445 d'Orvill.,
644 1399 749 1450 quod
779 1412 850 1450 per
879 1398 1118 1450 hypallagen
1147 1402 1189 1437 ut

318 1456 442 1506 magis
466 1454 729 1506 Apuleianum
755 1455 934 1507 probavit
958 1456 1073 1493 etiam
1088 1454 1186 1493 Prie.

319 1512 424 1552 Oud.
448 1515 576 1550 tamen
609 1525 744 1550 omnes
774 1525 855 1549 rem
885 1510 1061 1549 videntur
1085 1509 1188 1550 male

319 1570 466 1619 egisse.
513 1567 604 1607 Non
634 1568 756 1607 latere
785 1566 918 1606 vitium
948 1567 986 1604 in
1025 1569 1189 1607 arcanis

318 1624 384 1663 vel
422 1625 634 1664 custodiae
669 1624 743 1663 sed
785 1625 821 1663 in
859 1636 955 1662 voce
991 1624 1190 1669 tradidit,-

319 1681 396 1720 hoc
417 1682 515 1719 satis
539 1681 786 1732 perspicuum
812 1693 904 1718 esse
930 1693 979 1718 ex
1002 1679 1193 1730 particula

320 1739 392 1784 sic,
419 1751 487 1788 pro
519 1750 596 1787 qua
620 1739 655 1775 in
681 1736 765 1776 Pal.
791 1741 832 1775 et
855 1735 905 1774 Ο.
932 1736 1082 1787 legatur
1106 1736 1190 1782 sed,

320 1807 460 1832 novam
491 1793 693 1845 periodum
724 1807 823 1831 nunc
854 1793 1062 1830 exoriente.
1115 1791 1191 1831 Le-

321 1849 490 1901 gendum
514 1850 628 1900 igitur
652 1862 764 1888 esse:
795 1854 835 1889 et
858 1849 1023 1888 arcanis
1046 1849 1189 1888 domus

319 1906 561 1946 venerabilis
589 1906 741 1945 silentii
776 1906 989 1946 custodiae
1024 1905 1190 1944 traditis

348 1964 476 2002 ...sic
498 1963 777 2002 necessarium.
825 1962 1031 2014 [Attamen
1062 1962 1190 1999 minus

320 2019 453 2072 placet
475 2019 665 2071 particula
693 2020 768 2064 sic,
804 2018 880 2057 hoc
913 2018 1189 2057 sententiarum

320 2089 425 2115 nexu
459 2088 599 2114 novam
634 2075 836 2127 periodum
878 2088 952 2113 non
988 2075 1191 2126 incipiens.

321 2132 456 2171 leiuna
497 2133 597 2170 enim
635 2136 715 2179 est,
757 2132 793 2170 si
834 2131 998 2170 refertur
1038 2131 1089 2168 ad
1131 2144 1191 2169 se-

321 2202 448 2241 quens
474 2193 535 2235 ut,
572 2201 805 2238 omnemque
833 2201 946 2226 suam
977 2189 1052 2225 vim
1083 2188 1190 2225 amit-

320 2247 375 2284 tit.
424 2245 468 2284 Si
498 2258 590 2283 vero
622 2245 815 2296 pertinere
846 2257 934 2282 eam
963 2244 1109 2296 probas
1140 2243 1191 2283 ad

319 2301 610 2353 praecedentia,
631 2315 732 2352 quae
750 2299 837 2340 sola
855 2300 946 2339 mihi
970 2300 1191 2352 explicandi

320 2360 417 2397 ratio
455 2358 605 2396 videtur
640 2370 734 2396 esse
757 2370 883 2405 wera,
924 2357 1191 2396 necessarium

321 2419 403 2461 est,
437 2418 479 2453 ut
508 2417 599 2466 post
628 2414 915 2453 humanitatem
945 2414 1050 2465 prius
1075 2426 1191 2451 enun-

321 2472 456 2510 tiatum
480 2471 680 2509 termines.
719 2469 823 2508 Dum
847 2470 1008 2508 meliora
1031 2470 1189 2515 doceas,

324 2528 537 2567 custodiae
561 2525 716 2565 lectioni
742 2527 969 2566 custodiam
996 2525 1190 2577 praefero,

323 2597 439 2635 quam
469 2597 519 2622 ex
554 2582 769 2634 hypallage
804 2583 879 2620 ista
914 2582 1078 2622 librariis
1115 2596 1190 2621 non

323 2639 523 2679 intellecta
570 2638 786 2690 profectam
839 2651 933 2678 esse
977 2638 1189 2677 verisimile

323 2701 400 2736 est.
467 2695 748 2747 Bernhardyus
771 2695 820 2733 V.
854 2694 909 2734 Cl.
941 2696 1032 2733 item
1061 2695 1189 2734 tradi-

322 2755 374 2793 tis
387 2753 600 2792 emendans
620 2752 759 2791 omittit
777 2757 816 2791 et
832 2752 1071 2803 particulam,
1090 2752 1194 2790 unde

324 2810 430 2861 quod
455 2810 587 2848 obstat
609 2808 925 2859 impedimentum
949 2807 1105 2847 tollitur.
1113 2807 1137 2872 J,

380 2866 573 2905 tvaderet.
634 2864 820 2917 [Lucian.
844 2877 879 2904 c
904 2868 969 2905 52.
1002 2863 1022 2904 ὁ
1048 2865 1088 2904 δὲ
1113 2879 1194 2915 αμα

325 2922 390 2972 μὲι
414 2924 465 2961 π)
469 2919 690 2988 ουσιώτερος
713 2924 753 2960 ἐκ
777 2923 853 2961 τῶν
876 2923 974 2972 ἐμῶν
997 2917 1195 2973 γενόμενος

325 2980 390 3017 καὶ
417 2979 472 3028 τῶ
501 2974 666 3028 δεσπότῃ
695 2975 912 3030 καινότερον
942 2981 979 3017 ἐν
1008 2975 1090 3029 ἐμοὶ
1119 2975 1194 3016 ἐπι·

327 3033 536 3085 δειξόμειος
571 3036 853 3086 συγκατακλείει
887 3049 934 3084 με
968 3038 1014 3084 τῇ
1039 3031 1192 3086 γυναικί,

327 3087 347 3140 ἡ
375 3091 415 3129 δὲ
439 3088 695 3157 κατεχρήσατό
718 3106 782 3141 μοι
807 3093 947 3137 δεινῶς.
994 3092 1083 3130 Καί
1101 3105 1194 3130 ποτε

328 3143 454 3185 ἐλθών
489 3145 508 3184 ὁ
546 3143 756 3198 ἐπιστάτης,
791 3145 1016 3198 ἀπαγῃέλλει
1050 3149 1105 3196 τῷ
1141 3149 1194 3185 δε-

451 1017 661 1045 εαηιίηιοηία
679 1018 715 1046 G.
738 1018 765 1046 1.
806 1016 994 1057 fortunam
1012 1015 1035 1046 f.
1077 1018 1220 1053 potuere
1240 1016 1311 1044 edd.
1330 1019 1409 1046 vett.
1429 1020 1504 1045 ante
1523 1017 1613 1046 Colv.
1629 1020 1766 1051 excepta
1776 1017 1862 1045 lunt.
1876 1017 1907 1045 2.
1948 1014 2110 1053 protinus

1243 1168 1367 1222 σπότη
1403 1168 1447 1211 τὸ
1478 1171 1600 1224 ἔργον,
1636 1169 1687 1218 ὡς
1722 1187 1766 1222 ην
1800 1167 1914 1218 αὐτὸς
1944 1165 2110 1217 διδάξας,

1242 1230 1307 1267 καὶ
1332 1227 1422 1279 ἐμοῦ
1445 1226 1494 1280 μὴ
1525 1227 1663 1273 εἰδότε,
1693 1225 1772 1280 ἄγει
1803 1224 1921 1267 αὐτὸν
1951 1226 2111 1279 ἑσπερας

1243 1278 1332 1336 ἠδη,
1377 1283 1474 1325 ἔνθα
1517 1283 1757 1335 καθεύδομεν
1804 1300 1867 1323 και
1909 1281 1973 1323 δια
2012 1298 2112 1330 τινος

1243 1339 1338 1392 ὀπῆς
1369 1357 1437 1394 της
1471 1338 1598 1394 θύρας
1634 1342 1799 1381 asam-'vm
1825 1355 1890 1391 με,
1925 1338 2029 1379 ενδον
2063 1340 2109 1390 ’τῇ

1243 1396 1392 1451 μείρακι
1422 1397 1743 1449 συνευ-ιαζόμενον.
1791 1394 1811 1435 ὁ
1843 1397 1883 1436 δὲ
1907 1393 2041 1447 ijo-{hig
2064 1399 2110 1446 τῇ

1245 1453 1322 1493 θέα
1352 1453 1415 1493 καὶ
1446 1456 1606 1505 δημοσία
1636 1469 1682 1504 με
1719 1452 1835 1499 δεῖξαι
1868 1456 1992 1491 ταῦτα
2028 1467 2110 1491 ποι-

1245 1510 1359 1550 οῦντα
1396 1508 1613 1562 ἐπεθύμησε
1649 1512 1714 1549 καί·
1748 1505 1888 1548 κελευει
1917 1506 2012 1562 πρὸς
2045 1524 2110 1560 μη-

1246 1566 1333 1606 aiva
1363 1565 1433 1614 ἔξω
1463 1568 1577 1607 τοῦτο
1602 1570 1729 1613 εἰπεῖν,
1766 1565 1844 1613 ἦα,
1881 1563 1969 1617 Saty,
2006 1580 2043 1604 εν
2066 1565 2112 1615 τῇ

1244 1622 1367 1675 ἡμέρᾳ
1390 1624 1454 1674 τῆς
1482 1622 1579 1668 θέας
1608 1619 1883 1675 παραγάγωμεν
1905 1624 2041 1661 τοῦτοι
2065 1620 2114 1668 εἰς

1246 1677 1290 1718 τὸ
1315 1678 1481 1731 θεατρον
1505 1675 1572 1718 σύν
1600 1694 1671 1718 τινι
1698 1694 1772 1717 των
1796 1677 2114 1728 καταδιδασκομε-

1246 1751 1319 1774 von
1354 1735 1555 1787 γυναικῶν,
1596 1732 1667 1774 κάν
1702 1732 1851 1774 πάντων
1892 1735 2113 1786 ὀφθαλμοῖς

1248 1789 1307 1831 ἐπὶ
1340 1790 1406 1843 τὴν
1441 1797 1598 1843 γυναῖκα
1633 1787 1873 1844 ἀναβησεται.
1931 1789 2002 1829 καί
2029 1805 2114 1830 τινα

1245 1853 1320 1888 τῶν
1354 1849 1538 1901 γυναικῶν
1572 1844 1651 1900 ἥτις
1685 1861 1932 1898 κατακεκριτο
1967 1849 2115 1899 θηρίοις

1246 1903 1475 1954 ἀποθανεῖν,
1512 1902 1669 1957 cic'yovow
1695 1902 1800 1944 ἔνδον
1827 1901 1923 1955 παρ’
1957 1901 2020 1954 ἐμὲ
2049 1901 2114 1942 καὶ

1246 1960 1435 2013 προςιέναι
1467 1977 1508 2001 τε
1543 1960 1710 2001 ἐκελευον
1739 1962 1803 2000 καὶ
1837 1957 1977 2011 ψαύειν
2011 1958 2113 2010 ἐμοῦ.

1249 2018 1362 2064 Quae
1393 2032 1493 2057 nunc
1521 2019 1696 2069 sequitur
1725 2016 1924 2055 scelestae
1947 2016 2115 2055 feminae

1247 2073 1381 2113 fabula
1406 2089 1429 2115 a
1446 2074 1621 2114 Luciauo
1645 2074 1785 2113 tradita
1808 2087 1883 2112 non
1910 2072 2000 2125 est]

1305 2130 1394 2170 CM).
1418 2130 1569 2171 XXlV.
1625 2130 1800 2183 feralem
1825 2130 2023 2180 fortunae
2045 2142 2115 2169 nu-

1248 2192 1341 2227 tum.
1402 2187 1602 2239 [Feralem
1639 2187 1702 2226 hic
1731 2190 1794 2224 est
1827 2186 1995 2232 noxium,
2028 2197 2114 2238 per—

1247 2245 1435 2282 niciosum
1461 2243 1509 2283 cs.
1547 2243 1633 2282 Intt.
1669 2243 1721 2281 ad
1757 2242 1874 2282 Ovid.
1910 2241 2010 2282 Met.
2046 2240 2114 2280 IX.

1249 2305 1344 2342 213.
1378 2300 1470 2339 XV.
1495 2304 1588 2341 374.
1625 2299 1745 2351 Apul.
1776 2298 1874 2338 Met.
1904 2297 1953 2338 ll.
1982 2311 2020 2350 p.
2045 2301 2114 2338 83.

1246 2358 1412 2408 ferali
1446 2370 1665 2402 murmura3
1701 2355 1764 2395 111.
1795 2368 1834 2407 p.
1859 2358 1954 2396 215.
1981 2356 2115 2405 fera·

1249 2413 1336 2453 lem
1360 2413 1606 2466 officinwn]

1304 2471 1479 2509 domum.
1515 2468 1677 2508 Pricaeo
1696 2468 1900 2507 videbatur
1919 2466 2117 2506 excidisse

1248 2527 1388 2565 vocula
1412 2526 1482 2571 ad,
1509 2526 1600 2576 quia
1623 2524 1713 2565 alibi
1738 2525 1903 2563 dixisset
1920 2522 2115 2576 Apuleius

1249 2583 1432 2636 dirigere
1455 2596 1496 2621 se
1520 2582 1579 2621 acl
1603 2595 1734 2626 arces,
1771 2582 1829 2621 ad
1858 2595 1919 2620 me
1954 2584 1994 2618 et
2016 2579 2114 2618 Met.

1246 2638 1332 2677 Vll.
1357 2652 1397 2690 p.
1416 2642 1510 2679 469.
1537 2638 1689 2690 cliriyit
1709 2651 1891 2690 yressum
1915 2636 1979 2676 ad
2002 2649 2113 2676 suam

1242 2696 1438 2748 patriam.
1486 2693 1603 2741 Quod
1632 2699 1760 2733 tamen
1796 2692 1899 2732 Oud.
1934 2704 2115 2731 necessa-

1250 2753 1346 2790 rium
1371 2765 1466 2790 esse
1489 2754 1618 2801 negat,
1642 2764 1729 2789 cum
1741 2749 1936 2801 Apuleius
1955 2761 2117 2786 sexcen-

1251 2809 1327 2846 ties
1339 2808 1375 2846 in
1389 2807 1452 2846 his
1471 2808 1797 2859 praepositionem
1813 2805 1994 2844 omiserit.
2015 2803 2115 2842 Tum

1249 2864 1498 2903 verisimilius
1513 2863 1726 2915 Apuleium
1751 2861 1965 2901 additurum
1991 2860 2117 2899 fuisse

1249 2922 1312 2966 in,
1343 2919 1538 2972 quomodo
1563 2919 1654 2958 alibi
1678 2918 1718 2956 id
1741 2917 1899 2956 verbum
1924 2921 2116 2956 construa-

1250 2980 1324 3025 tur3
1350 2977 1399 3016 cs.
1415 2975 1456 3015 ll.
1471 2991 1508 3028 p.
1527 2979 1616 3017 131.
1641 2976 1690 3014 in
1708 2974 1946 3026 adspectum
1964 2973 2114 3025 dirige.

1251 3032 1496 3086 [Simplicem
1520 3031 1780 3071 accusativum
1804 3041 1879 3067 non
1899 3030 2116 3081 probarem,

1249 3090 1325 3128 nisi
1340 3091 1500 3130 domum
1512 3102 1590 3127 vox
1608 3086 1739 3140 posita
1755 3089 1878 3130 esset,
1897 3098 1999 3137 quae
2018 3085 2119 3124 hanc

1252 3146 1578 3185 constructionem
1603 3143 1783 3188 admittit3
1808 3139 2115 3182 cf.Rud‹1.T.11.
