2155 3590
632 156 819 198 LIBER
843 156 916 197 Xl.

977 155 1104 197 CAP.
1129 155 1296 197 XXIV.

1753 155 1865 199 1077

75 269 234 312 Exhinc
265 270 519 312 festissimum
550 270 748 312 celebravi
777 269 946 312 natalem
976 271 1202 322 sacrorum,
1245 276 1285 311 et
1320 283 1463 312 suaves
1500 268 1636 325 epulae
1666 267 1863 311 et'faeeta

76 413 112 438 et
122 408 200 438 ln‘nc
212 407 242 439 ὃ.
265 408 325 446 [cf.
339 412 444 441 nand.
458 412 599 440 Tursell.
612 413 652 440 Π.
666 419 695 446 p.
710 410 802 447 665]
841 409 1073 450 festissimum
1084 411 1121 440 F.
1135 411 1166 440 3.
1180 411 1215 440 0.
1228 418 1258 445 p.
1271 411 1309 439 B.
1328 411 1399 439 edd.
1417 411 1493 439 ante
1511 410 1689 440 Colineum.
1709 411 1739 439 et
1751 410 1865 438 Ruhn-

76 458 150 485 ken.
164 458 319 491 probante
332 457 411 485 Oud.
438 455 733 495 festissimumque
745 455 781 484 L.
808 455 1019 495 fetissz'mum
1033 457 1069 484 G.
1081 457 1118 484 P.
1132 457 1172 485 D.
1201 454 1440 494 felim'ssz'nzum
1460 463 1501 484 ex
1513 457 1708 491 glossemate
1728 463 1760 489 φ.
1773 451 1803 484 δ.
1826 456 1866 483 In

76 505 150 530 cett.
161 500 434 540 festivissimum.
482 501 599 538 epulas
618 503 688 530 edd.
709 503 820 530 U'ow.
841 504 871 529 et
890 501 993 538 Prie„
1018 500 1192 535 ut.iungas
1209 503 1308 530 verbo
1327 495 1505 529 celebravi.
1540 501 1605 528 Sed
1628 500 1724 530 aliter
1740 500 1866 534 placuit

75 547 233 584 Apulei03
255 545 297 574 cf.
316 547 357 575 ad
371 549 446 575 Met.
459 548 484 576 I.
498 555 528 581 p.
542 548 595 576 32.
621 549 653 574 el
667 546 787 575 servum
801 544 958 574 cavillum
968 553 983 581 ;
1008 546 1075 574 iam
1089 545 1256 574 dicacitas
1272 543 1414 575 tinnula.
1430 545 1554 586 facete
1566 547 1602 574 L.
1616 545 1639 574 f.
1660 544 1822 585 facetam
1834 541 1866 573 δ.

77 668 218 707 rabam
235 667 320 705 sive
334 668 700 718 circumspiciebam.
733 668 800 706 Sic
813 672 939 707 autem

77 723 224 762 mavult
236 737 349 774 quam
366 724 475 763 oculi
495 726 706 769 errabant,
733 725 822 776 quia
841 725 942 776 prior

76 779 191 818 lectio
205 780 435 831 corruptioni
450 780 624 819 videatur
646 781 768 819 fuisse
782 780 941 819 facilior.

79 836 196 883 Quod
214 839 343 874 autem
362 836 412 873 ad
432 836 590 874 alteram
611 839 799 888 pertineat
812 837 942 875 lectio-

78 906 167 931 nem
174 893 358 944 populus
371 893 546 938 errabat,
556 893 669 931 istam
684 898 786 931 certo
804 895 943 932 certius

79 963 172 988 esse
196 949 349 988 falsam.
389 947 583 999 Populum
608 951 720 993 enim,
745 946 807 1000 qui
832 950 945 987 avide

79 1006 294 1057 conspiciat
318 1018 434 1043 unum
451 1004 612 1043 Lucium
636 1005 708 1043 (lici
728 1020 802 1044 non
822 1019 945 1058 posse

79 1076 216 1102 errare
228 1063 270 1100 in
284 1062 531 1112 adspectum.
556 1061 643 1099 Hoc
656 1062 755 1100 idem
770 1064 943 1101 sentiens

80 1119 218 1158 Wass.
248 1117 457 1168 adscripsit
485 1118 629 1158 ruebat
655 1118 719 1156 vel
746 1119 942 1163 inhiabat,

79 1175 144 1213 alii
158 1174 349 1214 horrebat
367 1188 478 1212 sacro
495 1187 549 1212 sc.
571 1174 738 1219 horrore,
765 1176 812 1213 cs.
827 1175 944 1214 Misc.

81 1231 248 1270 observ.
272 1231 362 1269 Vol.
388 1230 440 1283 ll..
464 1229 510 1269 T.
535 1230 580 1270 ll.
605 1244 643 1282 p.
668 1236 749 1272 400
774 1246 836 1283 sq.
871 1231 944 1269 His

81 1288 335 1328 consideratis
349 1286 450 1326 Oud.
470 1287 650 1338 proclivis
670 1293 731 1326 est
749 1289 797 1326 ad
814 1301 944 1326 emen-

82 1345 275 1384 dationem
289 1344 490 1389 haerebat,
501 1344 602 1395 quod
618 1359 692 1382 non
707 1345 833 1384 solum
847 1344 944 1383 haec

81 1402 201 1439 verba
223 1400 371 1452 passim
398 1400 693 1447 confundantur,
723 1401 771 1440 cs.
796 1400 890 1439 Met.
917 1400 943 1439 l.

81 1471 117 1508 p.
144 1460 230 1502 22„
265 1456 340 1495 sed
369 1458 483 1496 etiam
515 1457 679 1497 haerere
710 1458 745 1495 in
783 1457 944 1496 alicuius

81 1514 273 1565 adspectu
304 1513 450 1552 dicatur
474 1514 586 1552 avide
612 1518 651 1552 et
675 1528 760 1552 cum
785 1518 945 1564 stupore

81 1571 251 1615 intuens,
277 1569 375 1608 conf.
399 1569 529 1608 Burm.
556 1570 603 1609 ad
624 1570 736 1609 Ovid.
762 1571 845 1608 Ani.
865 1569 892 1608 I.
909 1573 945 1610 9.

83 1626 147 1668 24.
166 1627 348 1666 ‘Haesit
370 1627 467 1664 etin
489 1626 599 1667 vultu
619 1628 800 1666 constitit
821 1641 946 1679 usque

83 1689 173 1728 tam·
218 1680 315 1720 Met.
340 1680 403 1720 Ill.
430 1685 521 1722 419.
553 1684 745 1735 vultuque
769 1684 948 1721 immotus

83 1740 222 1778 eodem
247 1739 413 1778 haesit.
456 1737 509 1777 X.
534 1742 625 1779 204.
652 1744 690 1777 et
715 1742 806 1779 359.
834 1738 946 1776 Clau-

84 1795 184 1834 (lian.
210 1796 245 1833 in
271 1794 396 1833 Rufin.
422 1794 448 1832 Ι.
477 1798 566 1835 139.
606 1794 783 1833 Ceterum
813 1795 945 1833 lectori

84 1853 277 1904 optionem
304 1852 370 1890 dat
395 1851 491 1890 inter
521 1856 723 1903 utramque
755 1851 946 1890 coniectu-

84 1922 181 1955 ram,
219 1921 378 1959 quarum
409 1908 511 1959 prior
545 1909 619 1959 ipsi
650 1908 775 1959 magis
805 1908 946 1959 placet,

85 1970 126 2003 ut
139 1965 329 2016 Apuleius
355 1964 404 2002 (le
428 1978 474 2002 se
498 1964 603 2010 solo,
630 1979 702 2002 non
729 1965 778 2002 de
803 1964 947 2016 populo

85 2022 273 2072 loquatur.
321 2020 427 2074 [Sed
450 2021 568 2059 totius
593 2020 668 2059 loci
698 2022 793 2059 ratio
819 2020 947 2059 dictio-

86 2079 222 2130 nisque
258 2078 466 2116 insolentia
500 2078 655 2129 probat‚
692 2082 769 2115 tam
804 2081 948 2115 temere

85 2149 134 2173 ne
165 2134 255 2186 quid
290 2138 456 2173 mutetur
491 2133 703 2172 cavendum
739 2147 844 2172 esse.
905 2134 947 2172 Si

87 2192 280 2231 haerebat
320 2204 405 2228 cum
442 2190 543 2228 Oud.
587 2190 800 2228 defendere
837 2189 946 2235 velis,

88 2248 353 2287 necessarium
368 2251 441 2292 est,
449 2261 517 2298 pro
533 2248 574 2285 ἰη
588 2247 823 2298 adspectum
838 2246 948 2296 legas

86 2306 129 2344 in
153 2309 338 2356 aspectu,
363 2317 435 2342 nec
454 2302 654 2354 probabile
669 2306 747 2349 est,
774 2303 949 2341 librarios

86 2363 122 2400 in
148 2361 338 2412 scriptura
354 2364 432 2399 tam
451 2360 566 2398 facile
585 2359 769 2397 haesisse.
781 2373 826 2398 ac
845 2359 950 2409 quic-

86 2430 202 2470 quam
215 2420 407 2462 mutasse,
431 2420 473 2454 ut
486 2415 628 2454 factum
643 2416 818 2454 vidimus.
850 2415 949 2454 Sen-

86 2475 205 2514 tentia
235 2472 308 2511 loci
339 2473 442 2511 clara
471 2476 550 2518 est,
586 2473 764 2524 quamvis
794 2485 950 2523 perver-

86 2531 247 2569 sissime
260 2530 309 2567 ab
323 2528 425 2568 Oud.
440 2527 652 2567 intellecta.
688 2527 836 2567 Lucius
849 2529 950 2567 enim

87 2586 293 2625 initiandus
324 2585 373 2624 ad
402 2585 463 2624 dei
494 2587 612 2623 instar
637 2591 719 2623 erat
743 2590 949 2623 exornatus

89 2643 214 2689 Solis,
239 2646 357 2680 totam
383 2642 468 2681 eius
491 2641 649 2693 figuram
674 2641 860 2687 induerat,
885 2655 950 2680 co·

89 2713 181 2738 rona
215 2698 365 2738 radiata
400 2702 440 2737 et
475 2702 588 2736 veste
623 2697 843 2750 olympiaca
879 2698 950 2736 cir-

89 2756 310 2801 cumdatus,
337 2755 399 2806 qui
420 2768 444 2794 a
455 2755 601 2806 populo
614 2758 855 2805 spectaretur
867 2768 951 2806 pro-

90 2813 179 2852 fano
204 2816 244 2852 et
267 2811 556 2850 admirationem
583 2812 616 2850 ei
644 2811 812 2850 faceret.>
852 2810 951 2850 Hinc

89 2870 203 2920 igitur
210 2882 283 2907 non
294 2867 343 2906 de
352 2867 474 2907 Lucio
485 2868 814 2918 circumspiciente
822 2880 951 2906 sermo

90 2938 186 2964 esse
214 2929 362 2976 potest,
399 2925 438 2963 id
467 2924 571 2975 quod
601 2923 703 2962 Oud.
735 2924 954 2963 coniectura

90 2995 164 3020 sua
176 2981 314 3028 voluit,
339 2981 412 3020 sed
431 2981 480 3019 de
494 2979 638 3032 populo
653 2993 746 3031 prae
759 2980 953 3019 desiderio

90 3042 130 3076 et
141 3038 453 3089 exspectatione,
477 3050 570 3089 prae
582 3037 636 3075 rei
650 3036 898 3075 solemnitate
911 3049 957 3075 ac

91 3094 302 3145 splendore
325 3107 402 3146 quo
428 3093 562 3133 oculos
587 3096 785 3132 convertat
807 3093 955 3132 nescio.

91 3149 204 3191 Hanc
227 3152 290 3202 qui
314 3151 533 3205 probaverit
557 3149 632 3190 loci
650 3150 893 3195 sententiam,
918 3149 954 3188 in

1000 668 1193 706 locutione
1212 664 1378 708 errabat
1394 668 1436 705 in
1457 667 1705 718 adspectum,
1732 678 1865 716 quam-

1001 737 1115 775 quam
1137 724 1366 762 insolentius
1391 723 1493 761 dicta
1513 723 1654 760 diutius
1682 736 1754 760 non
1774 722 1863 761 hae-

999 781 1108 819 rebit.
1146 781 1302 819 Errare
1320 780 1362 818 in
1382 781 1589 831 reyionem
1602 779 1709 816 verbi
1723 791 1867 817 caussa

1001 837 1073 874 dici
1099 841 1231 888 potest
1261 838 1313 882 is,
1351 837 1414 887 qui
1446 836 1548 873 irruit
1584 835 1620 872 in
1656 835 1865 885 regionem,

1002 893 1147 931 nullum
1167 897 1325 937 certum,
1351 906 1427 943 quo
1455 892 1645 930 consistat
1668 904 1795 942 quove
1820 905 1865 929 se

1002 949 1192 994 conserat,
1219 949 1345 988 locum
1357 948 1526 994 habens,
1552 948 1616 999 qui
1634 951 1781 985 temere
1795 961 1867 985 nec

1001 1010 1206 1057 antecapto
1238 1004 1398 1044 consilio
1428 1005 1627 1055 regionem
1658 1005 1786 1051 intrat3
1816 1005 1868 1042 ita

1001 1076 1139 1101 errare
1174 1064 1216 1101 in
1253 1063 1491 1113 adspectum
1526 1061 1559 1098 is
1602 1059 1754 1107 dicitur,
1803 1061 1866 1110 qui

1002 1119 1138 1157 oculos
1167 1119 1243 1157 huc
1274 1117 1364 1155 illuc
1394 1117 1524 1167 vagari
1556 1117 1644 1155 sinit
1679 1116 1742 1154 vel
1772 1130 1866 1168 prae

1002 1176 1054 1213 rei
1086 1176 1256 1213 novitate
1288 1172 1472 1219 allectus,
1505 1172 1568 1212 vel
1593 1172 1803 1224 splendore
1828 1177 1867 1211 et

1004 1230 1144 1270 lumine
1170 1232 1372 1282 abreptus;
1396 1236 1439 1268 ut
1462 1230 1680 1281 adspectus
1705 1229 1767 1267 hic
1789 1244 1865 1267 non

1002 1289 1194 1327 actionem
1208 1286 1398 1338 significet
1410 1286 1685 1337 conspiciendi,
1705 1285 1778 1323 sed
1791 1300 1866 1327 res,

1003 1358 1103 1395 quae
1127 1343 1402 1396 adspiciendae
1426 1347 1527 1381 sunt.
1559 1341 1733 1393 Populus
1759 1342 1867 1393 igitur

1003 1402 1066 1452 qui
1092 1401 1190 1439 velis
1215 1400 1384 1438 reductis
1410 1401 1444 1437 in
1471 1400 1594 1451 ipsum
1622 1398 1733 1437 aedis
1751 1398 1868 1436 medi-

1002 1457 1152 1496 tullium
1171 1457 1368 1495 admissus
1388 1460 1467 1501 est,
1494 1459 1702 1507 postquam
1721 1454 1868 1493 Lucius

1004 1514 1053 1552 ad
1089 1515 1208 1552 instar
1245 1512 1353 1550 Solis
1389 1516 1597 1550 exornatus
1633 1515 1672 1548 et
1707 1512 1866 1550 invicem

1003 1569 1197 1609 simulacri
1223 1569 1451 1607 constitutus
1477 1571 1577 1613 erat,
1606 1565 1729 1606 ocuHs
1755 1580 1868 1618 vaga-

1002 1627 1115 1666 batur
1128 1627 1164 1665 in
1186 1625 1474 1664 dlversissimas
1493 1628 1644 1674 partes,
1662 1623 1777 1662 modo
1792 1623 1869 1662 Lu-

1007 1685 1116 1728 cium,
1125 1682 1239 1721 modo
1249 1682 1335 1728 hoc,
1343 1681 1459 1718 modo
1469 1680 1563 1719 illud
1571 1680 1868 1731 contemplatus·

1006 1739 1062 1777 Ita
1078 1743 1168 1790 puto
1188 1738 1393 1776 lectionem
1411 1737 1594 1788 populns
1606 1738 1650 1774 in
1663 1741 1871 1788 aspectum

1006 1796 1171 1834 errabat
1208 1793 1363 1833 defendi
1400 1805 1540 1844 posse,
1577 1796 1780 1844 praeterea
1817 1793 1867 1829 in-

1005 1852 1120 1903 genio
1143 1850 1303 1902 'Apuleii
1335 1850 1596 1901 aptissimam,
1622 1849 1686 1899 qui
1711 1853 1788 1888 tam
1813 1850 1868 1886 in-

1004 1908 1148 1946 usitata
1178 1906 1414 1958 praeceteris
1445 1905 1699 1957 amplectitur.
1751 1904 1869 1943 ‘Tum

1006 1977 1057 2002 ex
1075 1964 1121 2001 iis
1141 1964 1214 2002 iam
1237 1976 1336 2014 quae
1349 1963 1610 2001 demonstravi
1623 1961 1870 2012 apertissime

1006 2020 1150 2066 elucet,
1189 2021 1317 2058 vitium
1347 2018 1592 2071 praegressis
1622 2018 1752 2056 verbis
1783 2018 1869 2055 insi-

1006 2078 1122 2122 dere,
1166 2091 1253 2115 nam
1296 2076 1381 2115 sive
1429 2075 1545 2113 dativi
1586 2074 1672 2112 sive
1713 2074 1868 2113 ablativi

1007 2139 1210 2173 exornato
1247 2137 1287 2171 et
1323 2133 1542 2172 constituto
1579 2134 1687 2175 sunt,
1729 2131 1870 2169 iustam

1006 2190 1301 2241 explicationem
1326 2202 1401 2226 non
1428 2188 1641 2226 admittunt.
1694 2185 1780 2237 Ego
1806 2200 1870 2224 ex-

1007 2247 1264 2298 spectaverim
1299 2245 1491 2283 ablativos
1532 2244 1758 2289 absolutos,
1807 2244 1869 2294 qui

1008 2302 1124 2342 facile
1160 2302 1293 2353 corrigi
1330 2305 1513 2353 possunt,
1555 2299 1763 2338 dummodo
1800 2312 1869 2350 pro

1008 2364 1211 2399 eaeornato
1241 2363 1444 2397 exornato
1467 2371 1527 2396 me
1555 2357 1723 2394 scribas.
1756 2369 1870 2406 quam

1008 2417 1264 2455 coniecturam
1290 2415 1404 2453 lectio
1430 2413 1600 2451 Florent.
1631 2417 1664 2452 1.
1690 2412 1870 2450 aliorum-

1008 2486 1084 2523 que
1114 2472 1226 2511 codd.
1258 2475 1499 2510 exornatum
1523 2469 1679 2507 mirifice
1704 2468 1870 2506 adiuvat.

1007 2528 1084 2567 Pro
1103 2542 1207 2566 more
1230 2527 1496 2566 enuntiationis
1514 2525 1726 2564 membrum
1745 2525 1872 2562 omisit

1006 2584 1221 2637 Apuleius,
1254 2584 1357 2634 quod
1382 2588 1512 2621 tamen
1544 2596 1619 2620 non
1651 2581 1778 2619 solum
1809 2594 1867 2618 co-

1008 2643 1190 2693 gitatione
1215 2640 1397 2680 facillime
1422 2640 1510 2678 addi
1537 2641 1678 2690 potest,
1703 2637 1777 2675 sed
1800 2649 1871 2688 per

1007 2712 1054 2736 se
1079 2699 1234 2750 quoque
1258 2698 1332 2736 iam
1356 2695 1594 2747 intelligitur:
1623 2693 1804 2746 populas
1826 2694 1870 2731 in

1004 2754 1237 2807 penetralia
1261 2754 1456 2793 admissus
1480 2752 1545 2791 est.
1583 2750 1669 2789 Hoc
1694 2750 1780 2788 luce
1794 2747 1870 2787 cla-

1008 2812 1088 2850 rius
1131 2812 1206 2849 iam
1244 2809 1375 2848 verbis
1406 2808 1502 2848 velis
1536 2807 1718 2846 reductis
1753 2809 1791 2843 et
1827 2806 1871 2842 in

1010 2873 1218 2919 aspectum
1246 2862 1411 2905 errabat
1435 2862 1689 2916 exprimitur]

1016 2955 1019 2958 .
1067 2922 1464 2962 celebrat-immam.
1513 2918 1593 2972 [De
1608 2918 1719 2957 donis
1735 2922 1772 2956 et
1785 2931 1870 2956 con-

1012 2979 1123 3018 viviis
1151 2977 1346 3025 >natalitiis
1399 2976 1446 3015 cf.
1483 2975 1566 3014 Intt„
1608 2974 1659 3013 ad
1693 2973 1872 3013 Martian.

1014 3035 1161 3087 Capell.
1187 3034 1216 3074 I.
1241 3034 1271 3085 ξ.
1297 3032 1442 3082 7.ῚΙηῐῒ.
1468 3032 1519 3071 ad
1544 3031 1740 3070 Censorin.
1777 3043 1808 3068 c.
1836 3034 1871 3069 1.

1012 3091 1237 3131 natalitii
1261 3090 1468 3130 te'tulo‘tz'bi
1484 3089 1590 3135 misi,
1611 3086 1871 3138 Lindenbrog.

1013 3149 1063 3187 ad
1086 3147 1208 3186 eiusd.
1235 3160 1265 3185 c.
1292 3150 1328 3188 2.
1352 3159 1392 3199 p.
1419 3144 1505 3198 11.]
1730 3150 1731 3154 ’
