2221 3667
296 173 380 214 630
562 170 610 210 L.
641 169 864 209 APULEII
893 166 1297 209 MADAURENSIS
1326 165 1870 207 METAMORPHOSEON

298 298 409 324 meae
441 289 669 336 superesset
698 281 946 336 praesidium.
994 277 1048 318 Et
1078 278 1247 331 pertica,
1281 291 1357 331 qua
1387 277 1532 317 stabuli
1557 278 1663 318 fores
1688 278 1872 318 offirmari
1897 277 2090 327 solebant,

210 348 272 378 502
300 347 457 392 arrepta
484 352 564 378 non
589 333 698 392 prius
723 353 784 378 me
810 337 925 377 desiit
949 335 1186 382 obtundere,
1211 332 1216 389 Ι
1238 348 1351 386 quam
1382 333 1498 374 vietis
1530 334 1724 386 fessisque
1753 334 1923 384 viribus,
1957 341 2094 387 suopte

299 396 472 450 pondere
510 396 750 448 degravatus
783 393 960 432 manibus
991 392 1075 430 eius
1108 390 1224 430 fustis
1256 397 1363 429 esset
1393 390 1564 443 elapsus.
1613 389 1728 429 Tune
1765 390 1810 429 de
1847 390 2095 430 brachiorum

299 466 460 492 suorum
499 451 578 491 cita
614 450 846 503 fatigatione
884 453 1100 499 conquesta
1126 446 1324 500 procurrit
1347 446 1395 485 ad
1428 447 1577 496 focum,
1617 446 1895 498 ardentemque
1920 446 2097 485 titionem

300 522 444 560 gerens
477 507 614 547 mediis
646 505 873 558 inguinibus
905 503 1099 553 obtrudit,
1134 503 1257 542 donec
1290 502 1374 542 solo
1406 503 1506 555 quod
1538 502 1715 542 restabat
1745 501 1854 541 nisus
1885 501 2096 555 praesidio,

297 560 445 618 liquida
471 564 560 603 fimo
585 558 751 603 strictim
779 566 917 613 egesta
941 559 1081 599 faciem
1109 565 1224 612 alque
1251 558 1385 598 oeulos
1418 558 1502 599 eius
1535 559 1844 598 confoedassem.
1892 556 1980 611 Qua
2012 570 2099 597 cae-

294 701 456 740 perticlm
477 705 513 731 G,
532 704 558 731 1,
607 699 726 728 stabili
743 701 781 728 l).
831 696 1012 735 obfirmari
1029 700 1064 726 G.
1089 699 1115 726 1.
1136 699 1165 726 2.
1203 697 1352 736 ⁰l›2fe7·r1'
1367 699 1406 726 D.
1444 696 1622 734 afffi'rmarz'
1641 699 1676 726 B.
1696 705 1724 731 p.
1740 693 1769 726 ὃ.
1790 700 1819 725 et
1838 698 1886 725 ed.
1909 705 1954 731 nr.
1973 697 2100 725 Vicent.

298 750 414 778 Vener.
436 751 465 777 l».
492 747 597 776 Paris.
644 747 789 771 arrecta
801 741 831 773 ὃ.
868 743 1012 771 abrec-ea
1038 743 1059 771 f.
1096 742 1240 778 abrepta
1260 745 1297 772 G.
1318 745 1346 772 1.
1362 745 1392 771 2.
1418 745 1456 772 D.
1495 742 1674 782 fecsz'sque
1698 744 1733 771 G.
1752 743 1779 770 1.
1826 744 1947 778 suapte
1966 741 1987 770 f.
2013 738 2042 770 δ.
2068 743 2104 770 0.

299 794 353 829 [G.
378 795 405 822 i.
432 795 463 821 in
483 795 634 821 contextu
655 792 714 817 hoc
731 791 929 818 vocabulum
947 791 1042 818 hahet
1060 788 1192 816 nonnisi
1211 796 1231 816 a
1251 795 1348 816 manu
1363 788 1534 823 secunda]
1581 795 1640 816 suu
1652 785 1884 823 praepondere
1898 788 1934 816 B.
1982 784 2105 823 degra-

298 839 391 866 vult's
420 840 503 866 Elm.
534 840 565 864 et
594 835 717 863 Floria.
761 837 931 871 graculus
951 835 986 862 0.
1013 833 1035 862 s.
1083 832 1442 871 cz’trnsaeigatinnem
1470 842 1498 868 ῃ.
1547 831 1757 860 arridentem
1783 832 1803 860 f.
1850 830 2043 869 inquinatus
2065 833 2106 860 D.

299 882 473 912 contrudit
489 884 524 910 B.
560 881 693 909 modius
711 880 850 908 coniecit.
863 878 988 906 condit.
1035 877 1069 906 in
1089 877 1208 915 quibus
1227 877 1382 905 obtundit
1401 880 1436 907 Ο.
1473 877 1734 915 obtruditurque
1747 876 1798 904 (1171
1809 876 1898 913 solo,
1922 878 2007 906 unde
2028 878 2105 906 Sal-

298 930 426 958 masius
451 926 606 954 coniecit:
631 923 782 952 obtrudit
809 931 915 962 usque
939 923 1026 954 ὡιηι,
1075 921 1205 960 quidem
1228 923 1387 951 restabat
1405 920 1434 951 ὃ.
1459 922 1562 958 (quod
1587 924 1773 952 emendavit
1797 924 1876 951 Oud.
1903 922 1935 950 in
1957 921 2047 959 qumi
2061 920 2108 949 mi

301 973 484 1003 restabat.)
534 977 639 997 nus-us
650 968 823 1007 praesidio
838 971 873 999 F.
887 972 917 998 3.
955 967 1231 1004 vz’suspraes1·‹l1·o
1246 971 1282 996 G.
1301 970 1327 997 1.
1354 969 1478 1003 (neque
1487 967 1660 1005 praesidio
1677 968 1767 996 risus
1786 969 1869 1002 quod
1883 968 1962 997 Oud.
1982 975 2023 995 ex
2036 967 2108 996 suis

301 1018 465 1052 exve-rpus
479 1013 631 1048 notavit.)
678 1013 853 1050 praesidio
868 1016 962 1042 nisus
976 1016 1011 1043 G.
1028 1016 1058 1042 2.
1071 1015 1108 1042 F.
1125 1015 1153 1042 1.
1168 1015 1204 1041 P.
1225 1017 1253 1042 et
1274 1015 1344 1042 edd.
1360 1018 1492 1043 recentt.
1526 1011 1698 1050 praesidio
1713 1013 1804 1041 risus
1818 1014 1855 1041 D.
1893 1012 1986 1040 nisus
2001 1019 2108 1049 prae-

300 1062 385 1091 sidio
399 1060 427 1090 ὃ.
442 1062 462 1090 s.
480 1070 508 1096 p.
532 1059 706 1097 praesidio
719 1059 850 1088 innisus
864 1061 900 1088 B.
927 1058 1052 1094 (neque
1070 1058 1105 1086 in
1115 1056 1289 1095 praesidio
1310 1059 1418 1095 nisus,
1444 1063 1476 1087 ut
1496 1061 1576 1088 Oud.
1596 1058 1732 1094 voluit.)
1778 1056 1919 1085 inni.z·us
1934 1055 2110 1094 praesidio

301 1109 372 1135 edd.
387 1111 463 1136 ante
478 1106 639 1135 coivium.
665 1106 745 1141 Quis
760 1104 884 1132 enta-as
898 1105 1022 1133 dederit
1034 1106 1088 1132 vel
1102 1104 1292 1135 coniecerit.
1307 1105 1386 1132 Oud.
1402 1105 1518 1133 nescit.
1543 1106 1635 1132 lianc
1649 1104 1796 1137 equidem
1811 1103 1844 1131 iu
1859 1103 1940 1131 libro
1954 1111 2013 1132 nec
2027 1102 2112 1131 scri-

300 1157 354 1188 pto
379 1160 440 1180 nec
464 1151 549 1180 edito
575 1150 699 1179 inveni.
747 1148 970 1187 liquidissimo
991 1148 1156 1177 stercoris
1175 1148 1323 1176 seria-tim
1342 1152 1453 1186 egesto
1468 1151 1504 1179 Β.
1540 1147 1761 1186 liquidissimo
1789 1150 1940 1176 stercore
1965 1147 2113 1175 strictim

301 1200 414 1234 egesto
435 1197 539 1225 Scriv.
577 1194 705 1233 liquido
727 1199 882 1223 stercore
902 1194 1051 1223 strictim
1072 1196 1184 1231 egesto
1204 1195 1325 1222 Florid.
1350 1196 1387 1222 lu
1407 1198 1479 1223 cett.
1517 1192 1740 1232 lr'quidafimo
1754 1192 1918 1230 strictim,
1945 1193 2011 1221 nisi
2029 1193 2114 1227 quod

301 1243 460 1271 sericeum
474 1244 604 1271 nabent.
628 1243 713 1270 Iunt.
730 1243 758 1269 1.
771 1242 848 1270 Ald.
862 1244 891 1270 et
905 1239 1042 1268 strictis
1055 1248 1086 1275 p.
1135 1246 1274 1276 egressa
1289 1240 1324 1268 P.
1339 1241 1374 1268 0.
1388 1241 1426 1268 D.
1451 1242 1488 1269 In
1502 1242 1537 1269 G.
1552 1242 1584 1269 2.
1599 1243 1647 1268 est
1661 1246 1818 1276 egeressa
1831 1240 1888 1267 sed
1901 1246 1918 1265 e
1935 1239 2115 1267 secundum

301 1289 426 1319 lineola
438 1289 612 1317 obductum
626 1290 691 1325 est,
717 1290 751 1316 ut
765 1286 909 1324 videtur,
934 1292 965 1315 a.
978 1293 1020 1315 m.
1033 1293 1062 1315 s.
1087 1291 1228 1323 egressa
1242 1286 1278 1313 G.
1296 1285 1324 1313 1.
1351 1283 1476 1320 (neque
1489 1292 1627 1323 egressa
1642 1288 1673 1314 ut
1689 1285 1722 1313 in
1738 1285 1818 1314 Oud.
1837 1284 2002 1319 excerptis
2016 1279 2114 1322 erat.)

304 1411 362 1448 cis
371 1409 548 1448 aeternis
561 1409 750 1460 alliqat
763 1407 1181 1459 sedefenderepossit.

303 1471 434 1504 tamen
467 1471 554 1503 cnm
585 1464 688 1503 Oud.
721 1463 929 1503 lectionem
966 1469 1182 1502 ceterorum

305 1522 419 1560 codd.
433 1522 577 1573 illiqat
588 1521 764 1573 praetuli.
780 1520 929 1559 Eadem
944 1521 1044 1558 enim
1059 1520 1184 1558 fascia

304 1582 495 1627 utrosque
508 1578 635 1630 pedes
649 1577 872 1629 singulatim
888 1577 1051 1626 illigavit
1064 1580 1183 1627 atque

305 1635 467 1673 involvit
491 1638 530 1672 et
555 1634 766 1685 impedivit,
792 1647 838 1672 ac
862 1635 921 1672 sic
946 1633 1093 1672 fasciae
1119 1646 1184 1670 ex-

305 1691 561 1729 tremitatibus
587 1704 660 1728 eos
685 1691 881 1729 artissime
902 1690 1128 1728 constrinxit
1147 1693 1187 1727 et

305 1747 500 1797 alligavIt,
526 1750 567 1784 ut
591 1746 720 1798 pedes
747 1760 904 1785 movere
929 1751 1048 1797 atque
1072 1746 1186 1784 ealci-

304 1808 408 1841 trare
433 1803 569 1841 asinus
594 1816 669 1841 non
696 1804 876 1854 potuerit.
917 1803 982 1841 De
1007 1803 1082 1841 hac
1106 1815 1187 1840 ver-

304 1860 442 1897 borum
467 1859 697 1897 confusione
711 1858 814 1898 Oud.
841 1860 1057 1910 comparari
1082 1859 1188 1897 iubet

306 1916 393 1954 Intt.
420 1915 469 1953 ad
497 1914 614 1955 Caes.
633 1914 679 1953 B.
702 1915 749 1954 G.
766 1915 831 1953 lV.
851 1920 914 1955 17.
940 1915 991 1955 V.
1006 1919 1070 1955 45.
1098 1914 1186 1953 Liv.

306 1971 478 2010 XXXV.
506 1976 573 2012 46.
598 1971 648 2010 V.
675 1976 741 2012 27.
769 1971 857 2009 Val.
882 1969 991 2010 Max.
1007 1970 1076 2010 VI.
1096 1975 1132 2011 8.
1148 1975 1185 2011 4.

308 2028 434 2080 [idom
483 2027 718 2067 vocabulum
767 2028 1055 2067 emendandum
1091 2032 1186 2078 puto

306 2085 411 2134 apud
437 2084 712 2125 A1·n0b.l.63.
739 2086 802 2128 qui
829 2085 942 2123 locus
967 2084 1085 2123 valde
1105 2097 1186 2122 mu-

306 2140 441 2179 tilatus
467 2145 546 2179 est:
587 2142 672 2187 Qui
703 2142 837 2180 caeeis
867 2142 1104 2180 restituerat
1128 2142 1186 2180 lu-

309 2198 479 2242 711i71a,is
494 2199 673 2250 efficere,
686 2198 720 2235 si
735 2197 910 2243 deberet,
925 2211 1006 2236 non
1019 2202 1190 2249 poterat

308 2255 480 2293 caecos?
507 2255 577 2306 qui
603 2253 806 2293 debilibus
831 2255 1127 2306 iuteyritatem,
1153 2254 1188 2292 is

309 2309 463 2348 debiles
487 2310 663 2348 reddere
689 2311 936 2363 difficultati
955 2310 1100 2349 habuit
1117 2314 1189 2350 aut

310 2365 472 2405 labori?
497 2367 760 2418 qufclamlos
781 2366 1057 2418 praebebat
1081 2366 1188 2413 (cod.

307 2422 559 2473 praeeiebat.
610 2422 657 2460 cf.
686 2423 785 2461 Stat.
820 2422 945 2460 Theb.
961 2421 1065 2461 VIII.
1093 2426 1188 2463 528.

308 2478 570 2531 Paulumque
629 2479 785 2518 humeri
844 2479 977 2518 libare
1037 2480 1192 2518 sinistri

303 2536 565 2586 praebuit)
602 2535 638 2573 is
667 2541 798 2575 motus
834 2535 1045 2588 'illiyare
1087 2535 1191 2585 (Ms.

309 2591 514 2643 catislare)
524 2591 792 2631 membrorum
805 2605 1017 2632 uere-orum
1032 2592 1194 2632 duritia

308 2646 548 2700 nesciebat]

367 2703 633 2755 clegyraeatus.
683 2704 937 2756 Deyraeatis
983 2703 1188 2744 Passerat.

308 2759 359 2797 ad
384 2758 579 2810 P1·0p.111.
596 2765 633 2801 7.
660 2760 725 2799 fol.
744 2764 858 2806 448..
882 2761 993 2800 cuius
1018 2762 1191 2812 ineptam

310 2816 572 2854 coniecturam
597 2819 775 2869 pessime
800 2817 837 2855 in
860 2821 1010 2855 textum
1029 2831 1189 2870 recepe-

308 2875 394 2910 runt
419 2872 519 2911 Elin.
545 2887 592 2912 ac
617 2873 814 2913 Floridus.
852 2873 963 2912 Tunc
989 2875 1090 2912 enim
1116 2888 1190 2913 non

309 2933 456 2979 suopte
474 2930 547 2967 sed
563 2931 658 2977 eius.
680 2930 796 2969 fustis
814 2931 990 2982 pondere
1005 2931 1193 2970 debuerat

311 2983 474 3030 dixisse,
500 2988 535 3024 si
558 3000 697 3025 manus
723 2991 909 3038 gravatas
929 2986 1193 3026 intellexisset

312 3044 455 3079 auctor.
488 3042 578 3081 'Non
603 3056 697 3081 vero
723 3057 881 3089 manus,
907 3057 1009 3094 quae
1034 3043 1191 3095 langue-

312 3100 397 3134 runt
421 3097 544 3137 sessis
569 3100 734 3141 viribus.
760 3100 834 3138 sed
861 3100 976 3140 fustis
1000 3114 1074 3139 suo
1101 3115 1192 3153 pon-

1241 1407 1334 1445 dere
1371 1407 1607 1457 degravatus
1645 1405 1808 1456 elapsus
1845 1409 1907 1444 est
1936 1405 2117 1443 manibus

1243 1464 1416 1501 lassatae
1431 1463 1671 1501 verberando
1688 1461 1865 1501 feminae.
1881 1460 2121 1512 Plin.Epist.

1243 1520 1286 1557 ll.
1306 1520 1488 1566 1.L·iber,
1506 1533 1622 1572 quem
1634 1523 1747 1571 forte
1761 1523 2118 1570 ueceperatyran·

1243 1577 1411 1621 (liorem,
1427 1581 1464 1615 et
1476 1577 1560 1614 seni
1573 1581 1610 1613 et
1622 1576 1749 1613 stanti
1767 1576 1879 1626 ipso
1895 1574 2119 1626 pondere

1242 1634 1434 1683 elapsus
1460 1637 1526 1671 est.
1572 1632 1723 1669 Similia
1748 1631 1896 1682 profert
1919 1629 2119 1676 Pricaeus,

1245 1702 1359 1740 quem
1387 1689 1579 1727 conferas.

1302 1746 1509 1784 ardentem
1526 1746 1706 1783 titionem
1783 1744 1976 1783 obtrudit.
2009 1742 2120 1781 Male

1244 1799 1405 1841 Modius
1443 1801 1626 1840 emendat
1661 1801 1807 1840 condit
1852 1799 1898 1838 cf.
1935 1799 2032 1838 Met.
2068 1798 2120 1839 X.

1246 1872 1282 1909 p.
1299 1862 1392 1898 725.
1407 1863 1529 1910 atque
1543 1863 1689 1897 etun-ta
1701 1859 1920 1910 fivyeutem
1945 1857 2123 1895 titione

1247 1915 1443 1954 candenti
1467 1914 1717 1952 intermedia
1730 1916 1895 1964 femora
1921 1913 2122 1951 detruso

1246 1971 1523 2010 crudelissime
1545 1974 1674 2009 necat.
1719 1968 1801 2021 [De
1825 1981 1924 2007 voce
1948 1970 2041 2007 titio
2072 1968 2120 2006 cf.

1247 2027 1351 2065 Efm.
1383 2028 1418 2064 in
1454 2026 1548 2072 ind,
1581 2027 1645 2076 qui
1677 2025 1803 2063 locum
1840 2024 1951 2064 Lact.
1982 2024 2121 2063 Institt.

1245 2083 1312 2122 IV.
1343 2087 1405 2123 14.
1431 2083 1462 2130 §.
1491 2087 1554 2122 14.
1592 2082 1763 2133 protulit,
1797 2081 1917 2119 Voss.
1950 2080 2120 2132 Etymol.

1246 2153 1330 2179 s.v.
1356 2140 1450 2178 titio
1476 2143 1515 2177 et
1539 2138 1674 2177 Munk.
1701 2138 1751 2176 ad
1776 2137 1918 2188 Hygin.
1941 2136 2120 2176 CLXXI.

1246 2210 1284 2248 p.
1310 2200 1424 2240 287..
1462 2197 1524 2246 qui
1557 2196 1659 2234 idem
1691 2195 1740 2233 de
1766 2194 1915 2232 Althea
1944 2197 2123 2245 usurpat:

1247 2253 1343 2293 Hae
1369 2252 1517 2292 Altlaea
1541 2257 1668 2291 *mater
1692 2265 1781 2291 cum
1802 2251 1995 2297 audisset,
2021 2251 2123 2290 esesf-

1248 2310 1325 2349 luit
1349 2310 1400 2348 de
1426 2308 1544 2354 lecto,
1568 2314 1693 2360 atque
1717 2309 1899 2346 titionem
1923 2308 2124 2346 exstinxit

1247 2371 1287 2405 et
1309 2380 1396 2405 eum
1423 2367 1464 2403 ‘in
1489 2365 1622 2404 media
1648 2365 1767 2417 reyia
1788 2364 1926 2403 obruit
1939 2363 2123 2413 fatalem,

1251 2437 1300 2462 ne
1312 2423 1363 2461 ab
1379 2423 1476 2474 ique
1491 2422 1730 2460 obrueretur
1750 2420 1831 2468 (ubi
1845 2433 1918 2458 nec
1932 2418 2122 2457 Scheffer.

1251 2478 1470 2517 emendatio
1503 2478 1788 2522 absumeretur,
1837 2490 1910 2515 nec
1945 2475 2125 2514 Munker.

1251 2535 1542 2579 cunbureretur,
1570 2534 1675 2584 quod
1690 2546 1739 2571 ex
1754 2533 1946 2571 Lactantii
1963 2533 2048 2570 loco
2063 2532 2124 2570 cit.

1252 2591 1466 2630 defendere
1491 2590 1640 2641 possis,
1666 2589 1870 2641 probanda
1895 2593 1966 2627 est.
1995 2589 2127 2629 Obrue·

1249 2646 1745 2701 eniiniy7zeest⁴consumi.)
1772 2645 2127 2685 D'Orv.adCharit.

1250 2704 1278 2744 Ι.
1304 2709 1340 2745 3.
1365 2718 1404 2756 p.
1419 2707 1514 2745 222.
1540 2703 1602 2742 ed.
1617 2702 1744 2754 Lips.]
1772 2703 1973 2742 Titionem
1997 2705 2127 2740 autem

1249 2760 1448 2800 muliebris
1483 2759 1675 2798 vindictae
1705 2773 1780 2797 non
1811 2758 2038 2809 infrequens
2063 2756 2129 2797 ad-

1248 2819 1459 2857 iumentum
1485 2816 1623 2862 fuisse,
1648 2814 1837 2854 Pricaeus
1855 2818 2008 2867 praeter
2033 2813 2129 2854 alte-

1250 2888 1332 2913 rum
1346 2874 1505 2925 Apuleii
1520 2873 1660 2919 locum,
1686 2885 1802 2922 quem
1816 2871 2130 2915 commemoravi,

1250 2932 1392 2984 probat
1416 2927 1799 2969 .1xe1ian.var.X111.
1817 2932 1853 2968 2.
1880 2928 1930 2967 de
1954 2925 2130 2967 Macraei

1251 3001 1390 3026 uxore:
1427 2987 1554 3034 Χίζαν
1584 2983 1795 3038 ἁρπάσασα
1913 2982 2129 3036 ἡμίκαυτον,

1251 3042 1371 3094 ταύτῃ
1397 3041 1462 3082 τὸν
1487 3045 1608 3082 παῖδα
1634 3039 1833 3080 τὶπέκῑααέ.

1311 3100 1476 3153 liquida
1503 3101 1599 3152 fimo
1629 3099 1800 3137 strictim
1832 3102 1981 3151 eye-sta.
2043 3095 2130 3135 Cor-
