2221 3667
310 141 417 183 1086
560 141 606 179 L.
632 139 854 179 APULEII
882 138 1285 179 MADAURENSIS
1315 141 1860 184 METAMORPHOSEON

217 253 282 286 812
307 252 503 306 stophoris
528 266 647 292 unum
669 251 676 306 Ι
697 251 887 305 conspexi
901 251 1032 292 statim
1047 259 1204 306 praeter
1217 252 1401 293 indicium
1415 253 1522 308 pedis
1543 260 1728 294 ceterum
1750 270 1795 295 os
1814 256 1931 296 etiam
1945 262 2100 296 statum

307 316 421 361 atque
447 308 633 348 hobitum
659 308 900 348 examussim
916 316 1133 350 nocturnae
1153 309 1318 363 imagini
1337 317 1642 364 congruentem,
1671 325 1784 365 qucm
1796 312 1978 352 Asinium
1992 312 2102 353 Mar-

306 365 445 405 cellum
471 364 639 406 vocitari
664 364 831 419 cognovi
858 372 1015 420 postea,
1044 366 1340 406 reformationis
1365 380 1475 408 meae
1500 367 1671 408 alienum
1697 381 1854 408 nomen.
1903 367 1990 408 Nec
2021 383 2102 408 mo-

302 491 472 530 complexi
484 494 504 522 f.
541 496 672 521 ceteros
686 494 721 522 F.
736 495 765 523 1.
779 495 809 522 3.
824 496 859 523 G.
873 496 908 523 0.
924 495 960 523 D.
977 503 1007 529 p.
1023 494 1043 523 f.
1059 494 1138 524 Coli.
1152 496 1249 524 Voss.
1263 496 1311 524 ed.
1322 496 1504 530 pnvicent.
1519 498 1681 526 Iunt.1.2.
1696 498 1772 526 ΑΜ.
1798 499 1929 524 ceteros
1943 498 2058 524 status
2071 492 2102 525 δ.

302 540 340 567 In
354 542 427 567 cett.
441 542 563 568 celero.
588 540 648 568 Vir
661 540 775 568 doetus
789 541 829 569 ad
843 546 947 575 marg.
962 541 1011 568 ed.
1025 541 1153 569 Vicent.
1166 548 1258 569 meae
1270 541 1453 570 emendavit
1468 541 1626 571 caeteris.
1674 541 1787 570 statui
1797 544 1836 571 D.
1867 544 1905 571 In
1917 545 1992 571 cett.
2005 544 2100 569 statu

303 588 332 612 et
346 582 475 612 habitu.
499 585 609 614 Verba
623 585 751 613 inde'ab
765 583 884 612 habitu
899 593 1000 618 usque
1013 587 1054 614 ad
1068 593 1162 622 quem
1177 593 1241 614 non
1254 590 1438 621 comparent
1452 586 1486 615 in
1499 588 1535 615 G.
1551 588 1586 615 P.
1602 588 1636 616 O.
1650 588 1688 616 D.
1737 587 1996 617 asinumF.3.G.
2012 588 2048 615 P.
2062 588 2101 615 1).

302 628 337 658 L.
352 638 383 664 p.
397 629 417 657 f.
432 627 461 658 δ.
474 631 523 658 ed.
539 638 584 664 pr.
599 630 889 659 Vicent.Venet.2.
917 627 1091 658 Asae'm‘num
1105 632 1180 660 ΛΜ.
1194 633 1277 659 lum.
1288 633 1317 660 1.
1348 634 1429 668 post
1443 633 1478 660 0.
1495 639 1515 660 a
1528 640 1566 661 m.
1584 641 1612 667 p.
1647 632 1775 660 alinum
1789 634 1825 662 1⁴¹.
1836 634 1864 661 1.
1879 640 1974 666 quam
1988 632 2102 661 lectio-

301 682 375 703 nem
387 676 467 703 Oud.
482 677 579 709 plane
592 675 773 711 ignorabat.

300 722 419 749 abesse
432 721 526 759 dicit,
554 724 587 750 ut
606 721 704 750 ceteri
717 722 808 750 codd.
823 725 851 750 et
867 722 938 750 edd.
952 729 1063 750 onmes
1082 722 1228 751 eiiciunt.

299 833 449 859 summo
477 820 615 860 studio
643 820 936 872 percontabar,
968 823 1088 873 ecqui
1112 835 1168 860 re-

299 877 465 929 sti-qiam
489 877 630 916 similis
654 881 699 916 ut
721 878 916 917 somnium
941 881 979 915 et
1009 879 1059 916 ad
1086 877 1169 917 Vll.

301 936 393 975 726.
416 932 632 984 Usurpatur
646 933 746 971 enim
762 934 884 986 fides,
910 934 972 971 ubi
989 934 1169 973 derebus

298 994 402 1028 certo
428 1003 500 1028 seu
526 1003 575 1027 ex
596 990 790 1041 promisso
810 994 877 1029 aut
901 995 1056 1029 ostento
1076 1005 1168 1029 eve-

297 1046 489 1084 nientibus
532 1060 661 1084 sermo
696 1051 775 1092 est,
819 1051 860 1085 ut
895 1052 1028 1086 nostro
1067 1048 1166 1094 loco,

297 1102 345 1141 cs.
375 1102 425 1140 ad
457 1102 568 1141 Suet.
607 1102 741 1142 Claud.
780 1108 864 1149 37..
902 1118 1017 1155 quem
1053 1118 1166 1144 usum

298 1173 414 1210 quum
450 1158 552 1198 Oud.
592 1174 665 1198 non
704 1161 910 1211 ignoraret,
955 1175 1003 1200 eo
1040 1163 1166 1213 magis

296 1216 508 1255 mirandum
538 1220 618 1261 est,
650 1231 737 1255 eum
768 1216 930 1257 alteram
960 1218 1167 1257 lectionem

295 1287 370 1313 nec
405 1273 439 1312 is
476 1273 628 1324 defuit,
672 1287 773 1324 quae
814 1279 949 1327 aperte
991 1275 1167 1326 glossarii

294 1329 465 1374 redolet,
490 1330 756 1382 praetulisse]

352 1392 526 1433 ceterum
560 1401 602 1425 os
632 1389 751 1427 etiam
775 1392 923 1428 statam.
948 1393 1071 1441 atque
1096 1388 1164 1428 lm-

295 1444 431 1483 Iu'tum.
526 1442 660 1495 [Haec
685 1448 747 1482 est
772 1458 859 1483 mea
884 1445 1166 1496 qualiscunque

295 1500 534 1546 coniectura,
577 1514 654 1550 qua
691 1501 896 1539 lectionem
934 1502 1165 1554 optimorum

295 1556 407 1595 codd.
433 1558 530 1594 tueri
553 1557 745 1596 studeam.
794 1557 906 1604 Quae
931 1559 1031 1596 enim
1057 1572 1165 1609 prae-

294 1618 401 1651 terea
426 1616 559 1651 extant
589 1614 803 1665 scripturae
835 1615 926 1653 nihil
952 1615 1023 1653 nisi
1052 1615 1166 1654 libra-

293 1671 432 1709 riorum
469 1670 808 1721 interpretamenta
843 1676 950 1715 suut,
990 1672 1051 1722 qui
1092 1671 1164 1709 loci

294 1728 616 1764 constructionem
654 1741 727 1765 nou
765 1727 983 1778 capiebant.
1063 1727 1164 1767 Con-

293 1796 444 1835 yruens
468 1783 568 1820 enim
595 1797 711 1833 quum
737 1783 839 1821 idem
865 1784 945 1822 fere
969 1784 1033 1829 sit,
1060 1784 1165 1834 quod

295 1840 480 1892 aequalis
505 1843 543 1878 et
567 1840 726 1885 εἱηιίίίς,
758 1854 832 1879 non
858 1841 992 1879 mirum
1024 1845 1098 1885 est,
1124 1840 1158 1878 si

293 1896 432 1934 eadem
461 1897 609 1935 ratione
645 1899 890 1943 construitur,
929 1910 1005 1948 qua
1040 1911 1161 1948 supra

293 1954 503 2005 vestiyium.
537 1954 677 1992 similis
713 1955 973 2005 probavimus.
1055 1954 1158 1992 Oud.

294 2010 476 2048 emendat
512 2015 644 2049 cetero
681 2012 778 2050 oris
820 2016 859 2050 et
893 2016 999 2051 statu
1035 2016 1159 2064 atquc

294 2067 434 2106 habitu
446 2066 510 2104 vel
525 2072 657 2106 cetero
672 2068 872 2119 corporis,
888 2069 991 2119 quod
1004 2068 1159 2105 nimium

293 2137 317 2161 a
357 2122 468 2162 codd.
505 2124 681 2175 vestigiis
723 2124 881 2163 recedit.
952 2124 1159 2163 Librorum

294 2180 410 2219 lectio
431 2179 598 2231 ceteru'5
621 2194 664 2219 os
683 2183 802 2220 etiam
821 2183 927 2222 staca
948 2186 1070 2234 atque
1090 2182 1158 2220 Ιια-

295 2237 385 2276 bio?
414 2236 567 2275 facilius
592 2238 628 2275 in
659 2251 745 2276 eam
771 2239 961 2290 eorrumpi
992 2241 1157 2289 poterat,

295 2306 408 2344 quam
440 2292 506 2331 alii
533 2294 644 2332 codd.
677 2308 771 2346 prae
796 2308 843 2332 se
869 2295 1015 2340 serunt,
1046 2308 1158 2346 prae-

293 2351 427 2389 sertim
450 2350 484 2388 si
511 2350 821 2397 consideramus,
852 2357 1025 2391 ceterum
1056 2366 1099 2390 os
1124 2351 1159 2389 in

295 2412 428 2447 cetero
453 2420 546 2445 esse
571 2411 768 2447 mutatum.
796 2409 851 2447 Os
876 2408 925 2446 de
949 2412 1029 2447 toto
1054 2408 1159 2447 vultu

295 2465 368 2503 dici
394 2468 525 2503 notum
551 2469 612 2502 est
637 2464 685 2504 cf.
711 2464 793 2503 lntt.
814 2465 862 2503 ad
880 2462 955 2503 (fic'.
976 2479 1044 2516 pro
1060 2465 1158 2515 Reg.

294 2521 424 2560 Deiot.
445 2534 475 2559 c,
492 2525 527 2561 2.
553 2521 627 2560 His
654 2535 745 2559 vero
773 2522 900 2560 verbis
925 2522 1158 2573 exprimitur,

294 2583 415 2617 totum
441 2579 613 2629 corporis
638 2578 741 2616 filum
766 2582 804 2616 et
824 2578 1085 2617 habitudinem
1104 2592 1159 2616 re-

295 2635 508 2686 spondisse
544 2639 730 2674 nocturno
767 2635 872 2681 viso,
910 2649 981 2674 nec
1015 2639 1161 2673 tantum

295 2692 573 2730 claudicantem
587 2706 779 2744 gressum,
804 2692 905 2730 hunc
917 2692 1162 2730 sacerdotem

295 2763 319 2788 a
338 2748 414 2787 deo
440 2761 534 2787 esse
559 2749 809 2799 indigitatum,
834 2748 1162 2801 demonstrasse]

350 2807 657 2858 reformationis
680 2819 789 2845 meae
812 2807 988 2846 alienum
1008 2819 1166 2844 nomen.

297 2862 500 2915 [Audaces
541 2862 632 2901 mihi
667 2875 824 2915 semper
864 2863 938 2900 visi
973 2865 1063 2900 sunt
1096 2862 1164 2900 viri

297 2920 416 2966 docti,
442 2921 506 2970 qui
524 2923 566 2959 ut
586 2919 660 2957 loci
679 2919 944 2959 difficultatem
962 2919 1165 2957 solverent

297 2980 428 3015 contra
443 2976 554 3016 codd.
568 2977 833 3016 auctoritatem
847 2976 1067 3027 negativam
1080 2989 1164 3027 par-

296 3033 452 3072 ticulam
465 3033 720 3079 intrudebant,
744 3046 858 3084 quam
872 3046 1009 3071 omnes
1024 3032 1167 3072 librarii

298 3089 523 3140 neglexisse
545 3092 609 3129 vix
632 3090 791 3142 putandi
814 3093 914 3129 sunt.
962 3089 1050 3129 Hoc
1074 3088 1161 3128 loco

300 3159 435 3185 omnes
459 3148 508 3187 ad
532 3160 647 3188 unum
672 3147 784 3186 codd.
808 3161 892 3187 non
915 3147 1103 3194 omittunt,
1127 3147 1162 3185 si

822 684 887 703 non
901 674 1047 703 alienum
1062 685 1094 710 φ.
1109 676 1130 705 f.
1144 677 1219 706 Ald.
1232 678 1317 705 Iunt.
1334 678 1363 705 1.
1378 678 1409 705 2.
1424 678 1503 706 Oud.
1520 677 1553 705 in
1572 678 1644 706 suis
1663 678 1732 706 cod.
1751 679 1834 706 Fux.
1856 678 2017 712 excerptis
2035 684 2101 704 non

1275 720 1538 762 deformationis
1552 732 1585 758 φ.
1600 724 1712 752 ὶνοκν.
1726 725 1809 753 Elin.
1825 724 1967 752 Scriver.
1979 722 2102 752 Florid.

1232 821 1329 859 sorte
1360 822 1534 873 excipias
1566 822 1653 861 cod.
1678 821 1927 867 Fulvianum,
1959 822 1995 860 in
2023 834 2098 872 quo

1229 878 1264 916 id
1299 881 1433 917 extare
1463 878 1627 916 affirmat
1649 879 1809 930 Sciopp.
1857 879 1912 916 At
1937 878 2100 929 saepius

1228 936 1303 972 iam
1340 934 1491 972 vidisse
1525 934 1617 973 mihi
1654 935 1806 976 videor.
1843 935 2030 986 Scioppio
2063 935 2097 971 in

1230 992 1435 1030 lectionum
1453 992 1639 1030 varietate
1652 992 1852 1030 afferenda
1870 992 1996 1031 minus
2010 991 2098 1029 fidei

1225 1048 1304 1087 dari
1321 1061 1461 1098 posse,
1488 1049 1632 1101 quippe
1648 1049 1711 1100 qui
1731 1062 1833 1100 quae
1852 1062 1926 1086 suo
1946 1049 2098 1099 ingenio

1226 1105 1299 1156 ipsi
1327 1104 1554 1143 videbantur
1581 1107 1749 1156 optimae
1772 1119 1818 1144 ac
1845 1106 1931 1143 loco
1958 1117 2098 1143 conve-

1226 1161 1379 1199 nientes
1389 1163 1613 1214 scripturae,
1640 1176 1709 1200 eas
1725 1175 1746 1199 e
1761 1162 1874 1201 codd.
1887 1175 1933 1199 se
1947 1161 2098 1200 eruisse

1225 1218 1438 1257 simularet.
1486 1217 1573 1256 Nec
1608 1219 1732 1257 minus
1769 1218 1958 1257 dubitavit
1993 1217 2095 1257 Oud.

1227 1275 1277 1313 (le
1309 1275 1487 1313 lectionis
1517 1275 1698 1321 veritate,
1730 1275 1791 1326 qui
1823 1274 1934 1314 solus
1966 1287 2096 1313 verum

1223 1331 1334 1377 vidit,
1371 1333 1549 1382 quamvis·
1586 1332 1674 1370 huie
1708 1333 1927 1370 sententiae
1962 1344 2098 1383 parum

1224 1389 1420 1427 tribueret.
1468 1387 1539 1426 Ille
1560 1390 1658 1426 enim
1675 1389 1758 1428 cod.
1780 1387 1867 1427 Urs.
1890 1388 2096 1427 lectionem

1225 1460 1308 1484 uon
1333 1445 1509 1484 alienum
1533 1446 1766 1496 amplexans
1792 1445 1921 1495 potius
1940 1444 2095 1483 inclinat

1225 1503 1260 1539 iu
1277 1501 1480 1539 lectionem
1495 1502 1821 1552 deformationis,
1838 1515 1952 1552 quam
1966 1501 2093 1539 VVow.

1228 1557 1326 1596 Elm.
1343 1557 1436 1596 Prie.
1452 1571 1498 1595 ac
1511 1557 1693 1596 Floridus
1709 1557 1984 1609 praetulerunt,
2006 1559 2095 1609 quia

1225 1616 1468 1665 reformatio
1499 1627 1595 1659 vox,
1630 1614 1718 1652 licet
1748 1614 1865 1651 etiam
1890 1615 1926 1651 in
1952 1614 2093 1651 malam

1226 1674 1374 1721 partem
1404 1674 1596 1715 sumatur,
1627 1671 1689 1709 hic
1719 1674 1847 1709 tamen
1879 1671 1992 1709 nimis
2017 1683 2095 1708 am-

1224 1728 1341 1777 bigua
1365 1727 1433 1774 sit3
1460 1727 1710 1777 deformatio
1736 1741 1826 1765 vero
1851 1741 1937 1766 raro
1963 1740 2095 1778 quam-

1225 1796 1377 1835 cunque
1401 1784 1739 1822 commutationem
1763 1788 1805 1822 ut
1828 1784 1977 1822 Vitruv.
2003 1782 2030 1822 l.
2059 1788 2094 1823 1.

1220 1841 1277 1879 ml
1315 1841 1575 1892 propositum
1617 1841 1648 1879 d
1662 1844 1753 1893 cfo
1768 1854 1790 1878 r
1802 1842 1973 1880 matio
1988 1855 2013 1879 n
2027 1841 2042 1878 ἰ
2055 1854 2091 1887 s,

1219 1897 1381 1948 saepius
1424 1897 1697 1947 turpitudinem
1734 1897 1942 1948 exprimat,
1991 1897 2092 1937 cons.

1220 1953 1354 1992 Munk.
1381 1953 1431 1991 ad
1450 1953 1591 2005 Hygini.
1609 1953 1736 1994 Praef.
1751 1954 1912 1992 Astron.
1926 1967 1962 2005 p.
1977 1958 2069 1994 405.
2081 1985 2092 2000 ,

1221 2024 1322 2061 quae
1347 2023 1410 2048 res
1437 2011 1642 2049 notissima
1667 2014 1741 2049 est.
1789 2010 1844 2048 At
1868 2023 2002 2061 parum
2023 2010 2091 2056 illi,

1220 2068 1283 2118 qui
1302 2081 1385 2106 non
1404 2067 1632 2111 inferebant,
1659 2067 1732 2105 loci
1759 2067 1978 2106 sententiae
2002 2081 2091 2106 con-

1219 2124 1414 2169 sulebant,
1440 2125 1694 2175 interpretati:
1722 2138 1873 2170 nomen,
1893 2124 1998 2175 quod
2015 2137 2089 2163 nou

1219 2181 1272 2219 ita
1296 2180 1456 2219 multum
1480 2181 1628 2219 recedit
1654 2195 1676 2220 a
1696 2194 1784 2219 mea
1801 2180 2087 2227 reformatione,

1218 2238 1269 2276 ad
1284 2251 1370 2276 eam
1385 2237 1568 2276 alludens
1583 2241 1622 2275 et
1635 2238 1747 2289 quasi
1762 2239 1797 2276 ei
1812 2239 2088 2290 propinquum;

1219 2308 1296 2345 qua
1319 2308 1359 2332 re
1384 2298 1520 2346 putant
1544 2295 1598 2332 rei
1623 2294 1846 2334 miraculum
1870 2297 1916 2346 ‚et
1946 2296 2088 2333 ostenti

1221 2366 1267 2390 ac
1291 2352 1429 2389 somnii
1461 2351 1689 2403 gravitatem
1719 2352 1862 2402 augeri.
1932 2350 2089 2390 Utinam

1220 2408 1295 2447 hoc
1319 2410 1354 2446 in
1381 2409 1477 2459 ipsis
1490 2408 1798 2447 verbisinesset!
1826 2409 2088 2459 Reformatz'o

1220 2466 1322 2503 enim
1357 2464 1421 2503 hic
1455 2464 1720 2504 tantummodo
1758 2465 1950 2517 significat
1977 2464 2089 2503 Lucii

1219 2535 1269 2560 ex
1293 2522 1403 2561 asino
1429 2523 1463 2560 in
1490 2521 1684 2559 hoininem
1711 2522 1975 2561 mutationem.
2044 2521 2087 2560 Si

1219 2579 1331 2630 igitur
1354 2593 1437 2617 ηοιι,
1462 2578 1639 2618 alienum
1665 2578 1848 2629 legimus,
1875 2578 1950 2616 hoc
1974 2579 2088 2629 signi-

1221 2636 1325 2681 ficat,
1351 2635 1427 2673 hoc
1447 2649 1585 2674 nomen
1606 2636 1849 2674 coniunctum
1869 2638 1951 2673 erat
1963 2648 1997 2673 s.
2011 2649 2085 2673 non

1221 2691 1418 2730 abhorruit
1445 2693 1495 2731 ab
1526 2692 1797 2730 reformatione
1833 2693 1854 2730 i.
1882 2705 1915 2730 e.
1952 2692 2001 2730 ab
2038 2704 2085 2729 eo

1221 2753 1325 2788 statu
1355 2749 1391 2787 in
1424 2762 1499 2800 quo
1525 2749 1727 2795 versabar3
1757 2752 1797 2786 at
1820 2748 1974 2786 minime
1998 2747 2088 2786 huic

1222 2806 1340 2844 statui
1354 2806 1549 2857 praesenti
1564 2804 1839 2857 respondebat,
1869 2803 1942 2842 sed
1957 2805 2085 2855 priori,

1223 2866 1432 2913 antequam
1440 2866 1698 2901 commutatus
1707 2861 1840 2900 suerat.
1856 2859 2085 2900 Undeintel-

1223 2918 1419 2970 ligendum
1434 2924 1508 2965 est,
1522 2918 1748 2972 particulam
1763 2932 1845 2957 non
1859 2918 2083 2955 necessario

1222 2988 1316 3014 esse
1324 2975 1600 3028 expellendam
1611 2980 1650 3014 et
1658 2975 1785 3014 locum
1794 2974 2084 3025 explicandum:

1220 3031 1297 3071 hoc
1314 3046 1455 3071 nomen
1476 3034 1630 3071 minime
1650 3031 1887 3082 congruebat
1906 3044 1993 3070 cum
2009 3031 2084 3069 ista

1220 3089 1460 3134 condicione,
1468 3102 1544 3142 qua
1556 3103 1655 3128 nunc
1666 3101 1707 3126 re
1713 3087 1898 3127 formatus
1912 3101 1962 3126 ex
1973 3088 2084 3127 asino

1219 3148 1255 3184 in
1279 3146 1474 3186 hominem
1497 3146 1728 3198 gaudebam.
1774 3143 1861 3183 Nec
1873 3148 2004 3184 tamen
2017 3157 2084 3184 ne-
