2155 3590
671 136 854 177 LIBER
883 136 955 177 IV.

1016 135 1142 176 CAP.
1172 135 1244 174 IV.
1797 137 1878 177 ‘³⁰1

1799 166 1854 178 'VN

89 251 291 305 quemdam
305 249 499 304 serpentis
511 248 654 289 leniter
677 262 803 302 aquae
827 255 986 304 propter
1003 247 1214 298 insistens,
1240 245 1423 287 subtilem
1447 247 1695 287 occasionem
1714 247 1882 288 feliciter

90 314 250 357 nactus,
277 305 498 360 cogitabam
522 311 646 345 totum
669 312 814 345 memet.
837 305 952 346 flexis
973 304 982 362 1
1001 304 1098 345 scite
1123 302 1302 345 cruribus
1327 317 1492 357 pronum
1525 303 1715 354 abiicere,
1751 311 1882 344 certus
1906 318 1973 352 244

90 371 204 416 atque
230 362 471 410 obstinatus,
498 361 615 401 nullis
639 361 871 402 verberibus
892 362 940 401 ad
958 360 1260 415 ingrediundum
1279 373 1516 413 exsurgere,
1543 359 1660 399 immo
1680 360 1797 400 etiam
1816 374 1883 414 pa-

90 426 198 460 ratus
224 433 303 458 non
328 418 423 459 fusti
446 424 618 468 tantum,
646 418 714 458 sed
739 417 948 457 machaera
972 418 1174 472 perfossus
1200 415 1445 457 occumbere.
1492 414 1630 456 Rebar
1654 416 1778 466 enim,
1806 417 1885 456 iam

70 490 150 526 ,me
181 489 342 530 prorsus
373 473 641 514 exanimatum
672 487 718 514 ac
749 473 913 514 debilem
943 473 1089 515 mereri
1119 472 1369 526 caussariawm,
1396 471 1646 523 missionem3
1689 480 1796 513 certe
1827 473 1884 512 la-

1195 540 1343 585 siffis«
1376 551 1392 579 1.
1413 557 1485 578 aa...

89 590 268 628 serpi‘entz‘s
285 593 325 620 D.
345 599 365 620 a
382 599 423 620 m.
441 599 472 626 p.
493 592 576 624 quod
595 591 630 618 in
647 590 794 625 margine
814 591 850 619 in
868 591 1035 627 serpentis
1054 593 1229 619 correctum
1248 593 1307 619 est.
1349 596 1456 626 prope
1470 597 1526 624 pro
1535 591 1680 625 propter
1690 597 1801 619 omnes
1814 591 1884 619 edd.

88 641 167 666 vett.
181 639 307 671 praeter
318 638 440 665 Iunt.2.
455 638 485 664 et
498 637 566 664 cod.
578 637 617 664 D.
632 635 666 664 in
677 635 824 671 margine
837 643 857 664 a
869 644 910 665 m.
925 645 952 664 s.
977 634 1130 670 cf.2Kopp.
1140 636 1180 664 ad
1189 638 1284 664 Mart.
1299 635 1424 670 Cap.II.
1437 635 1554 670 §.214
1567 636 1683 669 1¹:249.
1696 636 1752 664 Dr.
1766 636 1806 663 ad
1814 636 1887 664 Liv.

89 683 236 711 xxvm.
248 683 302 710 48.
318 683 370 709 16.
415 680 576 708 insistens
592 681 669 709 eod.
681 681 720 708 D.
734 681 993 710 terminationem
1005 677 1046 709 ’ἑε
1061 688 1082 710 a
1093 688 1135 709 m.
1148 689 1175 710 s.
1188 680 1345 715 scriptam
1356 682 1469 718 habet;
1493 686 1577 714 quae
1590 683 1698 708 tamen
1711 680 1799 714 prior
1813 681 1886 709 fue-

90 728 132 756 rit
143 726 241 756 lectio
250 747 258 763 ‚
283 733 371 755 nnnc
384 726 513 761 quidem
525 733 590 754 non
603 729 748 760 apparet.
785 725 961 754 subsistent
986 727 1063 755 Bas.
1076 728 1108 755 2.
1145 728 1270 762 nuptus
1283 727 1318 755 0.
1344 722 1458 763 flexis
1470 724 1594 753 sistere
1607 732 1698 754 crur.
1707 722 1736 753 ὃ.
1772 724 1888 753 abiere

91 772 111 800 f.
138 771 250 800 abiere
261 773 383 801 Iunt.2.
403 770 533 798 obicere
540 779 570 805 p.
589 769 850 807 ingrada'andum
862 772 978 800 F.1.3.
998 769 1302 809 ingradiundaml..
1320 768 1569 808 ingrediendum
1577 770 1887 801 P.(tes1eIVow.3D.

89 820 119 845 et
135 817 156 846 f.
171 817 219 846 ed.
229 813 471 851 pr.Venet.2.4.
485 816 591 844 Paris.
615 813 870 852 ingradiendnm
883 817 919 845 P.
934 820 1027 845 (teste
1041 817 1121 845 Oud.
1135 816 1191 850 qui
1204 816 1325 845 rectius
1337 816 1441 852 vidit)
1455 817 1535 845 Get).
1560 814 1791 852 egrediendum
1805 818 1841 845 R.
1851 818 1888 844 B.

87 860 302 900 grediendum
315 859 346 890 ὃ.
392 861 495 889 etiam
509 863 600 890 abest
614 868 634 890 a
647 858 676 889 δ.
715 860 820 900 fucte
833 862 868 890 0.
882 865 912 890 et
924 863 964 890 D.
978 869 999 890 a
1009 870 1051 890 m.
1065 870 1092 890 s.
1136 861 1317 900 perfossus
1334 862 1371 890 F.
1385 862 1416 890 3.
1436 863 1472 890 G.
1487 862 1523 889 P.
1537 862 1572 889 Ο.
1587 861 1610 890 f.
1623 869 1659 890 π.
1675 857 1704 890 ὃ.
1733 862 1839 890 Ceteri
1859 865 1891 889 et

90 908 161 936 edd.
174 911 251 936 vett.
264 910 392 941 praeter
403 909 488 935 Iunt-
501 908 532 934 2.
551 912 746 942 percussus.
770 908 806 934 In
819 907 858 935 D.
871 907 991 943 legitur
1003 914 1024 935 a
1036 915 1066 941 p.
1079 915 1120 935 m.
1142 905 1438 946 perfususfossus
1450 907 1508 935 sed
1522 913 1543 935 a
1553 914 1595 935 m.
1610 915 1637 935 s.
1650 907 1783 941 punctis
1803 907 1891 935 indi-

88 955 199 981 catum
211 956 276 989 est,
301 954 466 986 syllabam
469 951 576 990 fusus
591 952 760 980 delendam
773 959 857 980 esse.
895 950 942 979 ad
951 950 1087 979 debilem
1103 953 1138 981 G.
1151 953 1190 981 D.
1221 951 1328 979 murti
1337 950 1550 980 succumbere
1561 959 1619 986 pro
1636 950 1763 979 mereri
1779 959 1891 980 causs.

92 996 181 1025 miss.
190 999 272 1027 G.D.
280 998 317 1026 Ρ.
326 998 363 1026 L.
372 997 409 1025 B.
417 998 455 1026 11.
464 997 544 1026 0.π.
552 993 581 1025 δ.
591 997 695 1025 etcod.
704 997 826 1025 Bonon.
835 1000 916 1026 teste
922 997 992 1027 Pio.
1016 1004 1162 1025 caussae
1174 996 1404 1025 remissionem
1412 998 1461 1026 ed.
1470 997 1573 1032 princ.
1581 997 1736 1026 Venet.2.
1745 999 1775 1026 4.
1783 998 1890 1026 Paris.

145 1100 324 1147 propter
352 1095 544 1134 insistens.
581 1094 672 1133 Non
696 1108 797 1147 opus
821 1099 895 1142 est,
920 1099 962 1134 ut

92 1165 180 1190 cum
203 1150 368 1190 Pricaeo
400 1151 655 1189 emendemus
680 1156 860 1203 propter
884 1152 961 1191 acl-

92 1208 241 1246 sistens.
294 1206 397 1245 Nam
436 1208 619 1246 insistens
656 1210 791 1257 potest
819 1207 961 1258 signifi-

94 1276 182 1301 care
230 1262 294 1301 vel
333 1263 545 1302 subsistens
587 1263 808 1314 paululum
843 1265 961 1302 inter-

96 1320 301 1373 quiescens
325 1318 372 1357 cf.
388 1319 458 1358 Sil.
472 1318 522 1357 X.
540 1323 650 1365 157„
675 1318 738 1356 vel
759 1320 960 1359 incedens.

95 1375 378 1429 [Posteriorem
401 1375 623 1414 incedendi
639 1374 961 1426 significationem

93 1431 196 1471 Oud.
232 1430 335 1470 male
369 1430 542 1482 protulit,
581 1444 681 1482 quae
717 1431 766 1470 ab
799 1431 836 1470 h.
862 1445 962 1471 voce

93 1486 211 1541 plane
235 1487 362 1527 aliena
386 1491 464 1535 est3
496 1487 545 1525 de
575 1488 699 1539 priore
724 1501 826 1539 quae
850 1489 962 1527 unice

94 1545 158 1583 hic
186 1544 369 1596 probatur
415 1543 462 1582 cf.
490 1542 566 1582 Cic.
599 1543 648 1582 de
672 1543 721 1582 N.
747 1543 796 1582 D.
822 1543 868 1583 II.
895 1549 961 1585 20.

96 1601 185 1653 ibiq.
212 1599 345 1640 Creuz.
370 1614 407 1651 p.
434 1603 526 1641 284.
552 1599 597 1638 Π.
630 1604 693 1641 40.
725 1600 776 1638 de
800 1600 889 1640 Div.
915 1599 960 1640 II.

97 1661 161 1698 62.
187 1657 276 1707 ibiq.
301 1657 474 1707 Hotting.
507 1655 619 1703 Quae
643 1669 758 1708 porro
783 1661 845 1695 est
858 1656 961 1696 Oud.

95 1713 306 1760 sententia,
337 1714 510 1753 rivulum
539 1714 667 1764 potius
698 1714 748 1751 ab
779 1715 963 1753 insistens

95 1773 228 1822 aptum
247 1773 286 1808 et
298 1775 478 1822 propter
498 1769 771 1808 adverbialiter
789 1784 882 1809 esse
896 1785 963 1822 po-

96 1827 230 1873 situm,
253 1839 389 1864 vereor
412 1830 454 1864 ut
478 1825 634 1864 defendi
660 1831 788 1877 queat.
821 1825 963 1873 Quam-

97 1896 214 1934 quam
245 1883 347 1921 enim
375 1883 536 1934 saepius
568 1887 747 1934 propter
783 1883 965 1922 absolute

98 1939 242 1978 dictum
266 1940 468 1985 invenitur,
494 1938 542 1976 cf.
569 1938 664 1978 Tac.
691 1939 793 1978 Ann.
816 1939 883 1978 lv,
899 1943 964 1980 54.

99 1995 213 2033 Mart.
240 1994 333 2047 Cap.
345 1994 413 2033 IV.
439 1993 470 2044 ᾧ.
491 1996 585 2035 333.
610 2008 646 2046 p.
663 1998 753 2035 352.
782 1995 847 2033 ubi
863 2009 966 2048 quae

99 2051 371 2090 insinuatione
390 2055 567 2103 peracta
583 2056 758 2102 propter
772 2052 969 2090 adstabat

102 2106 309 2158 legendum
334 2110 397 2144 est
421 2120 443 2144 e
466 2106 590 2152 Mss.,
628 2105 676 2144 cf.
701 2107 849 2145 Wund..
874 2107 966 2145 Var.

100 2163 227 2201 Lectt.
253 2162 314 2201 ed.
344 2161 425 2201 Erf.
448 2162 571 2214 praef.
604 2175 640 2213 p.
670 2167 749 2203 114
773 2177 855 2214 sq.,
879 2162 965 2201 Intt.

102 2219 153 2257 ad
181 2217 348 2258 Phaedr.
378 2217 423 2256 ΙΙ.
457 2222 494 2259 6.
529 2223 583 2263 7.,
619 2221 747 2257 tamen
784 2221 968 2259 insistere

100 2274 275 2314 rivulum
310 2274 441 2313 dubito
478 2288 525 2312 an
561 2274 634 2313 dici
670 2277 814 2325 possit,
852 2289 968 2328 quum

104 2344 205 2382 quae
240 2330 315 2370 alia
350 2329 461 2368 affert
497 2330 600 2370 Oud.
642 2330 824 2383 exempla
858 2332 969 2370 aliter

101 2387 274 2426 habeant
301 2386 351 2424 de
377 2400 445 2432 eo,
476 2387 539 2438 qui
570 2387 683 2426 alicui
709 2388 763 2425 rei
788 2388 970 2427 incumbit

104 2457 240 2483 eamve
263 2443 483 2494 ingreditur.
506 2443 562 2482 At
586 2457 677 2481 vero
698 2449 877 2496 propter
901 2458 970 2495 per

104 2499 367 2552 anastrophen
393 2499 491 2538 satis
516 2503 649 2538 notam
678 2499 870 2539 vocabulo
895 2514 968 2539 suo

104 2560 167 2595 est
189 2557 468 2608 postpositum,
493 2569 593 2594 neve
624 2556 790 2603 mireris,
816 2556 971 2608 longius

109 2613 186 2652 hoc
217 2616 405 2651 remotum
435 2625 529 2650 esse
557 2625 581 2650 a
611 2626 706 2651 casu
735 2625 825 2658 suo,
855 2627 973 2652 unum

101 2668 273 2708 sufficiat
329 2682 528 2720 apponere
574 2667 700 2707 Taciti
751 2668 972 2720 exemplum

105 2726 205 2764 Ann.
230 2724 293 2763 ΠΙ.
320 2729 356 2766 3.
384 2729 416 2764 1.
447 2725 647 2779 Corcyra,
673 2725 805 2764 insula
830 2726 971 2765 littora

108 2781 325 2820 Calabriae
349 2786 495 2820 contra
519 2783 608 2820 sita.
657 2780 769 2820 Hanc
799 2785 971 2820 anastro-

105 2837 208 2888 phen
239 2837 275 2875 in
305 2838 596 2890 praepositione
619 2842 799 2889 propter
831 2836 968 2877 Tacito

106 2894 348 2943 potissimum
383 2895 418 2932 in
455 2907 529 2932 usu
564 2897 646 2931 erat
680 2894 780 2933 Ann.
806 2893 875 2932 IV.
901 2899 966 2935 48.

107 2947 212 2988 XIV.
238 2953 274 2990 9.
302 2954 338 2990 2.
370 2951 472 2989 viam
499 2950 648 2989 Miseni
666 2955 847 3002 propter
876 2949 966 2990 XV.

110 3004 174 3046 47.
197 3005 366 3045 Βΰῐῒίοῐι.
386 3006 484 3044 Lex.
501 3006 622 3045 Tacit.
643 3009 730 3046 119.
750 3010 839 3047 120.
865 3005 967 3059 Rup.

110 3059 156 3098 ad
182 3059 273 3101 Tac.
298 3063 400 3101 Ann.
420 3061 448 3102 Ι.
473 3067 539 3104 50.
565 3066 602 3103 3.
628 3065 667 3100 et
691 3061 967 3116 ad111.17.4.]

165 3117 343 3159 subtilem
369 3120 630 3159 occasionem.
656 3117 768 3157 Hanc
787 3119 970 3173 optimam

1019 1096 1187 1134 omnium
1212 1094 1335 1133 Codd.
1361 1094 1568 1134 lectionem
1591 1109 1641 1134 ne
1673 1096 1708 1134 in
1733 1096 1892 1134 dubium

1018 1151 1176 1202 quidem
1199 1164 1344 1190 vocare
1369 1151 1541 1190 debebat
1565 1151 1688 1198 Oud.,
1719 1156 1761 1191 ut
1783 1153 1890 1192 sabi-

1019 1213 1100 1247 tam
1124 1221 1156 1246 c.
1181 1207 1311 1246 Burm.
1338 1207 1401 1245 vel
1426 1208 1564 1247 utilem
1593 1222 1670 1246 non
1701 1209 1892 1260 improba-

1018 1265 1084 1310 rit,
1108 1265 1195 1315 ipse
1221 1264 1383 1302 labilem
1397 1264 1604 1302 coniiciens
1630 1265 1652 1303 i.
1667 1278 1700 1304 e.
1723 1266 1893 1317 facilem

1022 1320 1190 1359 labendi
1215 1321 1480 1359 occasionem.
1531 1320 1633 1372 [Sed
1657 1321 1793 1360 labilis
1817 1321 1892 1360 hoc

1019 1377 1147 1427 ipsum
1165 1376 1382 1427 significare
1401 1390 1475 1414 non
1497 1380 1648 1427 potest:
1685 1391 1773 1415 nam
1793 1378 1892 1416 labi·

1021 1432 1071 1472 lis
1102 1433 1266 1471 occasio
1298 1445 1345 1470 ea
1370 1436 1498 1478 esset,
1530 1447 1632 1484 quae
1657 1432 1772 1472 facile
1797 1433 1891 1473 labi-

1018 1493 1096 1535 tur,
1130 1502 1207 1527 non
1245 1501 1347 1539 quae
1383 1488 1528 1527 labenti
1565 1493 1627 1528 est
1663 1493 1894 1540 opportuna.

1020 1544 1104 1584 Sed
1133 1545 1316 1585 subtilem
1347 1558 1435 1583 cum
1459 1545 1599 1584 eodem
1624 1545 1820 1584 retulerim
1843 1546 1895 1586 ad

1020 1601 1280 1640 subtilitatem
1307 1601 1458 1640 consilii
1483 1605 1522 1640 et
1546 1601 1728 1641 callidum
1752 1606 1894 1648 astum,

1020 1671 1139 1709 quem
1152 1656 1219 1697 illa
1233 1659 1443 1696 occasione
1456 1662 1608 1711 poterat
1620 1658 1767 1698 Lucius
1782 1672 1889 1697 exer-

1021 1728 1121 1755 cere.
1147 1713 1319 1753 Subtilis
1343 1719 1404 1753 est
1430 1716 1612 1762 occasio,
1639 1729 1740 1767 quae
1753 1715 1894 1754 callido

1021 1784 1068 1810 se
1093 1770 1254 1822 praebet
1278 1774 1318 1809 et
1341 1776 1558 1823 opportuna
1582 1771 1679 1824 est]

1079 1827 1414 1878 ingradianclum.
1443 1827 1516 1880 [lta
1535 1841 1585 1866 ex
1599 1829 1776 1878 vestigiis
1801 1829 1896 1880 opti-

1022 1896 1171 1922 morum
1207 1882 1319 1921 codd.
1357 1888 1397 1922 et
1432 1883 1513 1923 Ms.
1545 1883 1593 1924 L.
1631 1884 1733 1923 dedi.
1776 1885 1896 1924 Amat

1023 1941 1125 1978 enim
1158 1938 1354 1991 Apuleius
1391 1940 1427 1977 in
1466 1941 1695 1991 compositis
1731 1942 1896 1979 retinere

1024 2009 1164 2035 sonum
1184 1995 1391 2047 simplicIS,
1418 2010 1652 2047 quamquam
1672 1997 1762 2036 alibi
1781 1997 1895 2036 huius

1024 2053 1238 2103 scripturae
1264 2052 1485 2104 exemplum
1509 2052 1657 2092 nullum
1681 2055 1819 2093 inveni.
1845 2053 1894 2093 cf.

1025 2108 1077 2148 ad
1100 2106 1196 2146 Met.
1221 2106 1287 2147 IV.
1313 2122 1350 2160 p.
1377 2107 1490 2161 315.]

1078 2164 1195 2217 fusti.
1245 2162 1312 2215 [cf.
1336 2165 1388 2204 ad
1412 2164 1508 2203 Met.
1533 2163 1601 2203 IX.
1626 2179 1662 2217 p.
1691 2168 1810 2220 668.]

1078 2223 1304 2272 perfossus.
1345 2220 1519 2272 Vulgata
1543 2221 1658 2260 lectio
1681 2237 1897 2275 percussus

1026 2277 1116 2315 inde
1140 2280 1276 2316 exorta
1299 2281 1378 2323 est,
1403 2278 1508 2329 quod
1531 2278 1706 2330 Zeugma
1729 2279 1826 2319 illud
1843 2281 1896 2319 in-

1026 2337 1218 2385 terpretes
1244 2347 1318 2372 non
1345 2333 1627 2374 intellexerunt.
1675 2335 1778 2375 Nam
1808 2335 1898 2375 licet

1023 2393 1139 2443 fusto
1147 2392 1364 2442 perfossus
1376 2391 1528 2442 proprie
1541 2391 1615 2430 dici
1629 2396 1809 2442 nequeat,
1822 2393 1898 2432 sed

1022 2459 1251 2497 percussus,
1263 2451 1452 2487 contusus
1462 2447 1524 2485 vel
1534 2462 1558 2498 q
1564 2448 1626 2486 uid
1633 2448 1774 2494 simile,
1783 2463 1896 2488 nemo

1027 2506 1155 2540 tamen
1191 2503 1332 2549 nescit,
1375 2507 1553 2542 auctores
1596 2504 1727 2543 solere
1762 2504 1895 2544 ultimo

1029 2562 1176 2597 tantum
1227 2560 1472 2598 substantivo
1526 2561 1683 2612 iungere
1736 2562 1897 2601 verbum

1029 2617 1177 2667 aptum,
1213 2615 1550 2667 subintelligentes
1588 2617 1638 2656 ad
1667 2616 1829 2656 alterum
1858 2619 1895 2657 in

1029 2670 1365 2722 praecedentibus.
1392 2672 1586 2724 Exempla
1599 2675 1795 2712 innumera
1806 2680 1897 2713 sunt

1030 2725 1132 2766 Oud.
1159 2732 1358 2778 comparat
1382 2742 1457 2768 sua
1481 2729 1567 2767 dict.
1593 2730 1641 2768 ad
1668 2729 1766 2769 Hirt.
1785 2729 1831 2769 Β.
1847 2730 1896 2771 G.

1029 2782 1134 2824 VIII.
1159 2788 1198 2824 5.
1222 2783 1291 2824 Dr.
1316 2784 1367 2823 ad
1390 2784 1475 2824 Liv.
1500 2785 1588 2824 XL.
1614 2790 1680 2826 42.
1706 2787 1738 2837 §.
1767 2791 1830 2827 11.

1086 2841 1336 2881 caussariam
1349 2842 1584 2881 missionem.
1616 2842 1696 2894 [De
1709 2844 1894 2883 missione

1027 2898 1255 2942 caussaria,
1289 2898 1348 2934 cui
1379 2898 1538 2936 morbus
1571 2897 1640 2937 suit
1663 2913 1806 2941 caussa
1828 2900 1893 2938 vel

1027 2951 1169 3002 aliquis
1195 2966 1312 2991 casus
1338 2966 1384 2992 ac
1407 2953 1612 2993 calamitas
1649 2955 1698 2994 cs.
1724 2954 1894 2996 Casaub.

1027 3014 1067 3047 et
1093 3008 1212 3047 Salm.
1237 3008 1287 3047 ad
1313 3008 1505 3060 Spartian.
1531 3009 1649 3049 Hadr.
1676 3025 1709 3050 c.
1727 3016 1789 3052 10.
1805 3011 1850 3051 T.
1864 3012 1892 3052 I.

1026 3077 1064 3115 p.
1092 3068 1143 3106 79
1168 3077 1258 3116 sqq.
1282 3064 1427 3105 Macer.
1453 3066 1543 3118 Dig.
1567 3066 1716 3107 XLIX.
1739 3071 1800 3110 16.
1830 3073 1892 3110 13.

1032 3119 1248 3162 Caussaria
1289 3122 1421 3163 missio
1458 3123 1630 3170 dicitnr,
1673 3137 1761 3166 cum
1804 3126 1892 3178 quis
