2221 3667
338 150 421 193 936
608 152 654 190 1..
686 150 905 190 APULEH
934 151 1332 191 MADAURENSIS
1362 151 1897 194 METAMORPHOSEON

340 268 488 359 ἰιὶᾳὲο
499 260 658 315 copioso
698 269 842 303 memet
881 262 1188 314 madefeceram,
1243 269 1282 304 et
1317 269 1517 317 unguento
1554 263 1869 316 fragrantissimo
1910 264 2126 319 prolubium

356 332 366 356 ι
396 331 408 356 1
435 316 511 359 luis
535 316 783 358 suscitatam.

871 467 1309 515 CAPUT
1401 468 1607 516 XXII.

454 572 533 615 Sed
558 574 733 628 angebar
756 576 870 630 plane
894 589 973 616 non
998 577 1093 617 exili
1120 584 1245 625 metu,
1279 583 1465 632 reputans
1490 575 1808 631 quemadmodum
1833 576 1952 617 tantis
1977 583 2131 632 tamque

343 629 497 685 magnis
523 631 702 675 cruribus
727 645 881 686 possem
907 632 1111 675 delicatam
1138 639 1356 675 matronam
1379 633 1627 685 inscendere,
1652 633 1716 674 vel
1734 640 1813 674 tam
1832 633 1957 675 lueida
1979 640 2133 689 tamque

343 746 475 783 copiose
487 749 525 777 G.
540 749 569 777 1.
583 749 614 777 2.
628 748 664 778 P.
678 749 712 776 0.
725 749 764 777 D.
811 755 863 776 me
875 747 909 777 in
923 751 1012 778 textu
1028 752 1074 777 est
1090 751 1125 779 G.
1140 751 1170 778 2.
1196 749 1284 778 mee
1275 758 1309 779 in
1322 757 1425 786 marg.
1438 751 1479 778 ab
1491 750 1604 778 eadem
1616 757 1725 779 manu.
1761 745 2040 787 flagrantissimo
2060 750 2131 779 edd.

343 796 419 821 ante
432 793 521 822 colv.
536 797 664 827 praeter
676 794 771 822 Vulc.
783 794 834 830 2.,
858 801 943 828 quae
955 793 1323 831 nabetflagratisstmo.
1364 793 1557 832 proludium
1574 795 1613 823 R.
1632 795 1653 824 f.
1672 798 1703 824 et
1721 794 1770 823 sic
1781 794 1898 824 vitiose
1911 795 2015 824 editur
2026 795 2060 824 in
2072 796 2133 825 Ed.

343 837 434 866 Colv.
456 839 490 866 Is
502 838 679 872 scripserat
692 836 738 866 al.
747 837 839 874 prol.
853 838 999 868 indicare
1012 842 1136 876 volens,
1149 840 1197 868 sie
1210 843 1329 869 habere
1341 840 1375 869 in
1388 847 1488 875 marg.
1498 839 1665 874 cod.1.ips.
1687 836 1890 876 profluvium
1905 842 1941 869 G.
1953 841 1986 869 2.
1998 841 2035 869 P.
2048 841 2088 869 D.
2101 836 2132 870 δ.

340 883 379 911 L.
394 885 475 911 teste
487 883 568 911 Oud.
588 879 792 920 perfluctuat
806 885 842 913 G.
858 885 888 913 1.
902 885 937 913 0.
959 883 1150 921 proluvium
1162 886 1233 915 edd.
1247 888 1324 914 vett.
1371 883 1571 913 suscitarem
1585 881 1616 912 δ.
1640 891 1679 912 su
1693 883 1898 912 suscitarant
1914 886 1950 914 G.
1960 886 2007 923 1.‚
2032 892 2132 914 manu

342 928 489 955 secunda
503 936 558 962 per
571 928 732 962 posterius
744 930 941 958 vocabulum
953 931 1107 959 lacunam
1120 930 1304 970 supplevit,
1328 930 1458 965 quaein
1471 932 1623 959 contextu
1635 933 1684 958 est
1696 930 1883 965 conspicua.
1908 930 2007 965 (oud.
2025 928 2134 958 susm·-

345 974 453 1000 talum
467 980 508 1001 ex
522 973 556 1001 0.
571 975 601 1001 et
615 974 650 1002 G.
667 974 695 1001 1.
708 980 729 1002 a
741 981 780 1004 m.
795 981 825 1008 ι).
839 973 1014 1010 enotavit.)

432 1015 492 1044 sed
503 1020 539 1044 ee
551 1019 586 1046 G.
601 1019 632 1045 2.
644 1019 681 1047 P.
695 1019 734 1047 D.
765 1018 913 1055 angebat
925 1020 960 1048 G.
970 1020 999 1049 1.
1015 1021 1044 1048 2.
1059 1021 1095 1048 Ρ.
1109 1020 1144 1049 0.
1158 1021 1197 1048 D.
1222 1021 1335 1047 meatu
1349 1021 1386 1048 G.
1402 1020 1430 1049 1.
1444 1021 1475 1049 2.
1490 1020 1577 1048 o.1).
1601 1020 1775 1054 Pei-peram
1788 1022 1895 1048 autem
1908 1019 1942 1048 in
1954 1019 2035 1049 Edu.
2047 1020 2133 1048 mul-

344 1062 385 1089 tis
399 1064 427 1089 et
444 1062 572 1091 Pricaei
585 1062 764 1097 iunguntur
782 1066 872 1092 metu
891 1067 1078 1100 reputans;
1106 1065 1241 1099 pertinet
1259 1066 1300 1094 ad
1320 1064 1480 1101 angebar.
1506 1066 1641 1102 tamque
1655 1066 1724 1091 tam
1737 1064 1866 1101 magnis
1880 1073 1909 1099 p.
1934 1063 2134 1092 cavernibus

343 1114 398 1141 pro
413 1105 569 1135 cruribus
582 1109 618 1137 G.
635 1109 664 1136 1.
710 1107 866 1137 cruribus
879 1110 914 1138 Ο.
929 1117 949 1138 a
961 1117 1002 1139 nl.
1016 1119 1043 1139 s.
1058 1111 1176 1138 nabere
1190 1113 1326 1139 testatur
1339 1110 1434 1147 Oud.‚
1459 1109 1534 1144 quid
1554 1118 1630 1138 vero
1650 1110 1739 1144 prius
1757 1110 1897 1138 extiterit
1917 1117 1979 1138 non
2000 1110 2133 1138 addens.

342 1153 496 1180 Fortasse
523 1154 645 1181 lacuna
657 1156 726 1181 erat
740 1153 772 1181 in
792 1155 860 1183 cod.
871 1176 880 1191 ,
905 1162 1001 1188 quam
1022 1155 1179 1189 posterior
1197 1163 1314 1184 manus
1332 1155 1508 1189 supplevit.
1549 1154 1689 1182 auribus
1702 1151 1730 1183 ὃ.
1776 1153 1947 1182 mulierem
1971 1155 2007 1183 F.
2032 1156 2061 1185 1.
2091 1162 2133 1183 ex

342 1198 454 1232 glossa
472 1197 558 1225 docti
570 1197 714 1234 librarii,
740 1198 795 1232 qui
808 1202 988 1227 matronas
1007 1199 1133 1228 nobiles
1156 1202 1280 1228 tantum
1298 1203 1327 1228 et
1347 1201 1501 1229 honestas
1520 1200 1679 1229 nominari
1693 1200 1844 1229 mulieres
1858 1203 2066 1237 cognoverat,
2090 1199 2133 1227 cf.

342 1243 383 1270 ud
395 1244 473 1270 met.
485 1242 540 1271 lx.
555 1249 585 1276 p.
601 1244 676 1272 638.
704 1246 774 1270 mm
788 1248 863 1272 ante
875 1242 989 1272 lacida
1001 1244 1202 1274 desideratur
1215 1245 1248 1274 in
1263 1246 1298 1274 G.
1316 1246 1345 1278 1.
1357 1246 1389 1275 2.
1404 1245 1440 1274 0.
1453 1246 1489 1275 P.
1504 1246 1543 1275 D.
1559 1245 1581 1274 f.
1595 1242 1623 1274 δ.
1638 1245 1718 1275 Coll.
1733 1246 1827 1274 Voss.
1847 1248 1877 1274 et
1896 1252 1958 1282 que
1971 1244 2135 1280 particula

346 1288 414 1313 lam
433 1287 564 1315 adnexa
580 1295 645 1317 non
663 1288 759 1317 estin
779 1290 815 1317 G.
832 1290 860 1318 1.

394 1384 650 1436 prolubium.
713 1385 838 1426 Unice
866 1400 958 1426 vera
995 1391 1058 1427 est
1094 1385 1209 1426 lectio

342 1441 580 1494 prolubium
614 1445 852 1494 προθυμίαν,
889 1457 1004 1494 quam
1040 1444 1211 1483 subodo-

344 1501 450 1536 ratus
474 1498 624 1536 videtur
647 1511 741 1536 esse
765 1499 961 1546 Rei-eald„
987 1501 1050 1551 qui
1069 1501 1211 1552 prolu-

344 1553 449 1593 vium
473 1556 633 1602 excitat3
659 1555 706 1594 cs.
728 1555 829 1595 Non.
854 1569 888 1595 v.
910 1557 1148 1608 prolubium
1171 1569 1210 1609 p.

345 1613 410 1649 64.
435 1609 557 1648 Mero.
581 1610 725 1650 Laber.
752 1610 972 1664 Compital.z
1011 1626 1092 1664 quo
1126 1614 1210 1664 qui-

345 1665 435 1704 dem
457 1680 518 1705 me
546 1681 571 1705 α
601 1668 823 1706 matronali
847 1668 1013 1720 pudore
1040 1669 1211 1720 prolu-

344 1721 470 1760 bium
493 1725 713 1762 meretricis
732 1724 942 1776 prqqredi
967 1725 1124 1776 θηρία
1160 1723 1210 1764 cs.

342 1775 427 1814 Intt.
453 1777 504 1815 ad
529 1777 688 1818 Terent.
711 1778 886 1831 Adelph.
900 1779 948 1818 V.
964 1783 999 1820 9.
1017 1783 1080 1820 28.
1107 1779 1211 1820 Gell.

341 1831 451 1872 XVL
480 1837 542 1874 19.
568 1834 617 1873 V.
646 1839 709 1876 10.
735 1836 766 1887 §.
795 1840 857 1877 12.
907 1835 988 1887 [ub1
1012 1835 1124 1876 codd
1148 1850 1211 1875 va-

340 1888 438 1927 riant
457 1889 666 1929 identidem
691 1893 788 1930 inter
808 1892 1048 1944 prolubium
1062 1896 1102 1930 et
1108 1906 1210 1944 pro-

343 1944 515 1991 ludium,
538 1945 627 1986 lntt.
651 1947 703 1986 ad
724 1946 885 1988 Petron.
909 1962 943 1988 e.
969 1952 1032 1990 99.
1058 1962 1098 2000 p.
1118 1953 1211 1990 607.

342 2001 585 2042 Proluvimn
603 2004 667 2042 vix
686 2008 778 2055 puto
800 2004 977 2043 latinitati
996 2018 1120 2057 posse
1132 2004 1213 2044 vin-

342 2057 472 2098 dicari.
517 2059 763 2101 Prolnbimn
792 2061 895 2099 idem
925 2064 988 2099 est
1012 2061 1116 2112 quod
1141 2062 1212 2101 ad-

343 2112 541 2162 labentia,
571 2115 618 2154 cf.
638 2116 736 2156 Met.
761 2116 790 2158 I.
814 2131 852 2168 p.
873 2121 938 2158 31.
963 2118 1043 2157 iam
1069 2119 1211 2159 adlu-

342 2169 504 2210 bentia
530 2172 733 2223 proclivis
764 2178 823 2213 est
849 2174 1054 2214 sermonis.
1102 2173 1210 2214 Idem

340 2226 477 2265 vocab.
506 2229 788 2268 restituendum
818 2229 980 2268 forsitan
1017 2235 1080 2269 est
1116 2230 1211 2270 Cen-

342 2282 457 2320 sorin.
489 2282 540 2321 de
569 2284 645 2323 Die
675 2284 765 2324 Nat.
796 2300 828 2324 e.
861 2290 896 2327 6.
927 2285 958 2335 §.
990 2290 1030 2327 5.
1072 2287 1212 2328 Utrins

343 2351 442 2376 vero
469 2342 659 2391 parentis
682 2342 923 2392 prolubium
962 2343 1007 2392 (i.
1039 2356 1073 2382 e.
1107 2343 1211 2383 volu-

341 2398 454 2444 ptas)
491 2396 624 2435 sedem
655 2398 775 2449 prius
808 2400 1089 2451 occupaverit,
1126 2401 1211 2440 eius

341 2451 465 2489 reddi
493 2457 682 2492 naturam
711 2454 776 2491 vel
805 2455 922 2494 etiam
946 2457 1209 2508 profluvium,

340 2511 383 2544 ut
406 2508 458 2545 sit
479 2510 726 2561 proslucc'nm
748 2511 942 2562 yenitale,
966 2515 1008 2549 ut
1031 2511 1131 2552 Plin.
1158 2512 1209 2551 di-

342 2563 392 2601 cit
416 2562 517 2603 Hist.
541 2564 635 2603 Nat.
658 2564 744 2604 Vll.
767 2570 830 2606 12.
855 2570 922 2605 aut
945 2580 1062 2618 quum
1086 2569 1121 2606 in
1148 2569 1209 2608 ed.

340 2618 466 2658 Paris.
480 2621 736 2672 principium
750 2623 956 2668 omittatur,
976 2623 1065 2674 lege
1078 2626 1210 2664 utrius

340 2689 434 2714 vero
460 2678 651 2727 parentis
686 2691 814 2717 semen
844 2679 977 2718 sedem
995 2681 1117 2731 prins
1144 2695 1207 2721 oc-

340 2733 564 2783 cupaverit.
614 2732 821 2779 Quomodo
847 2734 964 2773 hodie
988 2735 1127 2786 legitur
1151 2736 1208 2775 lo-

341 2799 428 2833 cus,
465 2788 629 2840 intelligi
659 2803 733 2827 non
764 2794 908 2842 potest.
957 2792 1209 2832 Prolzulium

339 2842 416 2882 hoc
434 2842 555 2895 Apul.
580 2844 668 2884 loeo
694 2859 769 2885 non
794 2847 928 2899 inepta
953 2848 1050 2886 foret
1074 2846 1209 2896 lecti03

340 2913 429 2938 nam
459 2902 706 2952 proludium
739 2907 782 2942 ut
812 2904 1005 2956 prolusio
1045 2904 1095 2942 de
1129 2905 1208 2956 gla-

341 2956 554 2995 diatoribus
592 2958 744 3005 dicitur,
787 2961 852 3011 qui
888 2965 979 3001 ante
1014 2965 1206 2999 certamen

341 3025 447 3051 arma
482 3013 720 3053 ventilabant
755 3016 1018 3055 adversarium
1053 3017 1105 3055 ad
1140 3031 1207 3069 pu-

339 3079 454 3116 gnam
478 3075 749 3120 provocantes,
780 3072 829 3112 cs.
854 3073 993 3113 Heius.
1017 3073 1066 3112 ad
1091 3073 1206 3113 Ovid.

342 3123 425 3166 Art.
461 3125 552 3166 Am.
588 3125 649 3164 ln.
688 3132 780 3168 515.
840 3129 970 3169 Burni.
1013 3130 1061 3168 ad
1099 3129 1206 3180 Virg.

907 1288 1029 1317 bae-ida
1043 1296 1098 1326 pro
1112 1287 1225 1318 lucida
1242 1291 1282 1319 D.

1269 1387 1413 1439 Georg.
1437 1387 1500 1427 Ill.
1527 1392 1622 1430 234.
1653 1388 1752 1427 Aen.
1779 1386 1864 1428 ΧΠ.
1893 1389 1984 1429 106.
2019 1385 2131 1439 Lips.

1268 1445 1423 1484 Saturn.
1454 1445 1577 1483 Sel-in.
1608 1444 1652 1483 Π.
1687 1448 1749 1485 19.
1795 1444 1897 1483 Rem
1927 1457 2131 1482 veneream

1267 1514 1352 1539 cum
1377 1500 1603 1551 gladiatoria
1627 1501 1787 1552 saepius
1812 1501 2043 1552 comparari,
2069 1499 2132 1537 de—

1266 1561 1520 1596 monstratum
1557 1562 1619 1595 est
1654 1558 1704 1596 ad
1739 1556 1835 1596 Met.
1877 1556 1922 1596 ll.
1965 1570 2003 1608 p.
2042 1560 2131 1596 131.

1267 1611 1352 1652 lntt.
1379 1613 1430 1652 ad
1455 1612 1608 1652 Petron.
1635 1627 1668 1653 c.
1693 1617 1757 1654 24.
1782 1627 1818 1665 p.
1848 1612 1962 1665 114.]

1324 1670 1575 1708 suscitav-am.
1635 1668 1818 1720 [Lucian.
1851 1682 1882 1708 c.
1908 1673 1973 1710 51.
2004 1666 2133 1708 ἔπειτα

1267 1721 1534 1776 ἀποδυσαμένη
1570 1740 1738 1778 παρεστη
1778 1725 1832 1775 τῷ
1865 1722 1984 1791 λύχνω
2018 1723 2133 1777 γυμνὴ

1269 1777 1339 1832 ὅλη
1363 1782 1428 1820 καὶ
1448 1779 1566 1835 μύρον
1590 1780 1630 1821 ἐκ
1656 1796 1754 1827 τινος
1778 1778 2021 1834 ἀλαβάστρου
2044 1795 2132 1835 προ-

1267 1839 1446 1890 χεαμινη,
1475 1836 1597 1887 τούτῳ
1627 1835 1821 1889 ἀλειφεται
1849 1835 1946 1888 κάμὲ
1969 1836 2010 1876 δὲ
2033 1854 2132 1903 μυρι-

1269 1894 1321 1940 ζει
1355 1892 1464 1933 ἐνθεν
1497 1893 1664 1946 μαλιστα
1697 1892 1762 1946 τὴν
1791 1892 1871 1946 ὐῑνιὲ
1900 1895 1979 1947 {pov
2007 1890 2134 1965 ,αι’-ρων

1269 1948 1490 2002 ἐνέπλησεν,
1538 1949 1619 1990 εἶτά
1652 1965 1697 2002 με
1726 1950 1949 2003 κατεφίλησε
1977 1951 2041 1989 καὶ
2071 1947 2133 1989 οἷιι

1269 2003 1364 2058 πρὸς
1393 2005 1511 2058 αὐτῆς
1540 2004 1722 2060 ἐρώμενον
1751 2023 1814 2046 και
1844 2004 2051 2059 ἄνθρωπον
2086 2009 2135 2045 δι·

1270 2061 1430 2114 ελέγετο,
1456 2066 1525 2102 καί
1542 2079 1589 2115 με
1613 2067 1653 2102 ἐκ
1676 2067 1741 2114 ’τῆς
1765 2064 1941 2130 φορβειᾶς
1963 2064 2136 2114 ἐπιλαβο-

1267 2135 1311 2170 με
1309 2117 1358 2170 ’νη
1383 2117 1443 2158 ἐπὶ
1465 2117 1508 2158 τὸ
1532 2118 1729 2173 χαμεύνιον
1753 2118 1861 2159 eiam.
1896 2116 2000 2172 utqui
2026 2116 2135 2158 οὐδὲν

1266 2177 1391 2227 τρίτου
1421 2175 1758 2228 παρακαλέσαντος
1788 2175 1837 2223 εἰς
1862 2176 1973 2215 τοῦτο
2010 2173 2135 2227 δεόμε-

1267 2247 1350 2278 νος,
1375 2229 1439 2271 καὶ
1464 2232 1551 2282 οίὶῳ
1578 2233 1618 2272 δὲ
1641 2235 1721 2271 noc)
1724 2233 1795 2282 atq}
1817 2229 2135 2297 ὑποβεβρηῃιιιένος

1268 2285 1331 2327 καὶ
1355 2288 1409 2338 τῷ
1431 2286 1542 2340 χρωτὶ
1565 2289 1635 2328 τοῦ
1656 2285 1779 2342 μύρου
1804 2291 2052 2354 οἰστρημένος,
2071 2304 2133 2327 και.

1265 2341 1332 2396 τήν
1356 2346 1556 2396 παιδίσκην
1579 2346 1620 2385 δὲ
1644 2344 1743 2397 ὁρῶν
1766 2341 1891 2385 πάντα
1914 2341 2032 2396 καλὴν
2061 2346 2134 2384 κλί-

1266 2416 1308 2440 20
1340 2416 1390 2439 αι.

1310 2400 1411 2495 μΟΑιΞ
1435 2455 1564 2496 ΧΧΙΙ.
1624 2459 1747 2498 tantis
1775 2462 1936 2510 iamque
1957 2456 2132 2511 [magnis.

1267 2513 1354 2565 [De
1379 2513 1455 2552 hae
1486 2514 1651 2552 dictione
1683 2514 1731 2553 cf.
1756 2513 1890 2552 Munk.
1915 2513 1965 2552 ad
1989 2512 2131 2564 Hygin.

1265 2583 1303 2621 p.
1333 2573 1424 2610 105.
1448 2570 1508 2608 ed.
1535 2570 1661 2623 Stav.]

1322 2626 1568 2665 inscendere.
1629 2626 1854 2678 [Proprium
1891 2629 1954 2664 est
1987 2625 2062 2664 hae
2096 2626 2131 2663 in

1266 2695 1308 2720 re
1337 2681 1589 2728 vocabulum,
1638 2682 1685 2722 cf.
1716 2682 1815 2723 Met.
1851 2681 1936 2720 Vll.
1966 2695 2004 2732 p.
2037 2685 2130 2722 473.

1266 2739 1440 2777 (laturus
1470 2738 1647 2778 dominis
1676 2752 1873 2792 equarum
1906 2739 2131 2777 inscensu

1265 2808 1464 2846 qeneroso
1500 2795 1644 2834 multas
1680 2795 1807 2835 mulas
1847 2793 2051 2839 alumna85
2091 2807 2128 2844 p.

1268 2855 1360 2891 489.
1396 2852 1582 2890 incoram
1619 2852 1790 2891 omnium
1824 2850 2026 2903 yeste‘ebat
2058 2851 2131 2888 in-

1265 2907 1509 2946 scandere.
1557 2906 1656 2946 Prie.
1682 2909 1881 2957 comparat
1903 2903 2054 2944 Polluc.
2081 2906 2128 2944 V.

1269 2966 1331 3003 15.
1367 2961 1411 3002 τὸ
1434 2964 1638 3014 μί’·μυσθαι
1668 2961 1727 3001 ἐπι
1755 2963 1829 3001 τῶν
1854 2958 2017 3013 ἀλόγων,
2052 2959 2130 3015 βαί-

1263 3034 1349 3065 ww,
1374 3021 1589 3072 d'mssacvew,
1615 3019 1722 3058 Suid.
1747 3015 1982 3070 ἐπεβάτευον,
2005 3032 2130 3058 συνου-

1265 3075 1394 3122 σιαζον
1423 3079 1511 3115 cett.
1547 3072 1625 3115 ἀπὸ
1659 3074 1876 3140 μεταφορᾶς
1909 3078 1984 3115 τῶν
2014 3071 2130 3123 ζώων,

1263 3129 1548 3183 αέπιβαίνοντα
1573 3126 1812 3178 συνοισιιιζει.
1821 3130 1836 3182 ]
