<?xml version="1.0" encoding="UTF-8"?>
<!DOCTYPE html PUBLIC "-//W3C//DTD XHTML 1.0 Transitional//EN"
    "http://www.w3.org/TR/xhtml1/DTD/xhtml1-transitional.dtd">
<html xmlns="http://www.w3.org/1999/xhtml" xml:lang="en" lang="en">
 <head>
  <title>
</title>
<meta http-equiv="Content-Type" content="text/html;charset=utf-8" />
  <meta name='ocr-system' content='tesseract 3.04.00' />
  <meta name='ocr-capabilities' content='ocr_page ocr_carea ocr_par ocr_line ocrx_word'/>
</head>
<body>
  <div class='ocr_page' id='page_1' title='image "./operaomnia01apuluoft/operaomnia01apuluoft_1213.png"; bbox 0 0 2155 3590; ppageno 0'>
   <div class='ocr_carea' id='block_1_1' title="bbox 673 165 944 207">
    <p class='ocr_par' dir='ltr' id='par_1_1' title="bbox 673 165 944 207">
     <span class='ocr_line' id='line_1_1' title="bbox 673 165 944 207; baseline 0.004 -2"><span class='ocrx_word' id='word_1_1' title='bbox 673 165 864 206; x_wconf 85' lang='lat' dir='ltr'><strong>LIBER</strong></span> <span class='ocrx_word' id='word_1_2' title='bbox 892 165 944 207; x_wconf 88' lang='lat' dir='ltr'>X.</span> 
     </span>
    </p>
   </div>
   <div class='ocr_carea' id='block_1_2' title="bbox 1005 165 1305 207">
    <p class='ocr_par' dir='ltr' id='par_1_2' title="bbox 1005 165 1305 207">
     <span class='ocr_line' id='line_1_2' title="bbox 1005 165 1305 207; baseline -0.007 -1"><span class='ocrx_word' id='word_1_3' title='bbox 1005 166 1133 207; x_wconf 90' lang='lat' dir='ltr'><strong>CAP.</strong></span> <span class='ocrx_word' id='word_1_4' title='bbox 1158 165 1305 206; x_wconf 86' lang='lat' dir='ltr'><strong>XXX.</strong></span> 
     </span>
    </p>
   </div>
   <div class='ocr_carea' id='block_1_3' title="bbox 1818 161 1901 204">
    <p class='ocr_par' dir='ltr' id='par_1_3' title="bbox 1818 161 1901 204">
     <span class='ocr_line' id='line_1_3' title="bbox 1818 161 1901 204; baseline 0 0"><span class='ocrx_word' id='word_1_5' title='bbox 1818 161 1901 204; x_wconf 63' lang='lat'>9133</span> 
     </span>
    </p>
   </div>
   <div class='ocr_carea' id='block_1_4' title="bbox 89 274 1899 332">
    <p class='ocr_par' dir='ltr' id='par_1_4' title="bbox 89 274 1899 332">
     <span class='ocr_line' id='line_1_4' title="bbox 89 274 1899 332; baseline -0.001 -16"><span class='ocrx_word' id='word_1_6' title='bbox 89 274 275 331; x_wconf 82' lang='lat' dir='ltr'><strong>Capellae</strong></span> <span class='ocrx_word' id='word_1_7' title='bbox 300 275 490 332; x_wconf 82' lang='lat' dir='ltr'><strong>pauculae</strong></span> <span class='ocrx_word' id='word_1_8' title='bbox 523 277 739 320; x_wconf 81' lang='lat' dir='ltr'>tondebant</span> <span class='ocrx_word' id='word_1_9' title='bbox 768 279 974 332; x_wconf 80' lang='lat' dir='ltr'><strong>herbulas,</strong></span> <span class='ocrx_word' id='word_1_10' title='bbox 1014 286 1054 320; x_wconf 87' lang='lat' dir='ltr'>et</span> <span class='ocrx_word' id='word_1_11' title='bbox 1082 279 1123 320; x_wconf 86' lang='lat' dir='ltr'>in</span> <span class='ocrx_word' id='word_1_12' title='bbox 1154 279 1309 320; x_wconf 88' lang='lat' dir='ltr'>modum</span> <span class='ocrx_word' id='word_1_13' title='bbox 1342 276 1499 319; x_wconf 83' lang='lat' dir='ltr'>Paridis</span> <span class='ocrx_word' id='word_1_14' title='bbox 1526 274 1694 332; x_wconf 78' lang='lat' dir='ltr'>Phrygii</span> <span class='ocrx_word' id='word_1_15' title='bbox 1727 274 1899 330; x_wconf 81' lang='lat' dir='ltr'>pastoris</span> 
     </span>
    </p>
   </div>
   <div class='ocr_carea' id='block_1_5' title="bbox 82 403 986 448">
    <p class='ocr_par' dir='ltr' id='par_1_5' title="bbox 82 403 986 448">
     <span class='ocr_line' id='line_1_5' title="bbox 82 403 986 448; baseline 0.008 -17"><span class='ocrx_word' id='word_1_16' title='bbox 82 403 252 442; x_wconf 78' lang='lat' dir='ltr'>pauculae</span> <span class='ocrx_word' id='word_1_17' title='bbox 266 403 417 442; x_wconf 79' lang='lat' dir='ltr'>capellae</span> <span class='ocrx_word' id='word_1_18' title='bbox 430 414 459 442; x_wconf 82' lang='lat' dir='ltr'>p.</span> <span class='ocrx_word' id='word_1_19' title='bbox 499 406 595 447; x_wconf 75' lang='lat' dir='ltr'>frt&#39;gz&#39;</span> <span class='ocrx_word' id='word_1_20' title='bbox 606 410 644 437; x_wconf 84' lang='lat' dir='ltr'><strong>G.</strong></span> <span class='ocrx_word' id='word_1_21' title='bbox 658 410 689 436; x_wconf 78' lang='lat'><strong>2.</strong></span> <span class='ocrx_word' id='word_1_22' title='bbox 703 410 742 437; x_wconf 92' lang='lat' dir='ltr'><strong>D.</strong></span> <span class='ocrx_word' id='word_1_23' title='bbox 764 407 895 448; x_wconf 71' lang='lat' dir='ltr'>frigidi</span> <span class='ocrx_word' id='word_1_24' title='bbox 905 411 941 438; x_wconf 81' lang='lat' dir='ltr'><strong>G.</strong></span> <span class='ocrx_word' id='word_1_25' title='bbox 957 410 986 438; x_wconf 84' lang='grc'>1.</span> 
     </span>
    </p>
   </div>
   <div class='ocr_carea' id='block_1_6' title="bbox 58 504 959 3218">
    <p class='ocr_par' dir='ltr' id='par_1_6' title="bbox 58 504 959 3218">
     <span class='ocr_line' id='line_1_6' title="bbox 83 504 959 560; baseline 0.002 -15"><span class='ocrx_word' id='word_1_26' title='bbox 83 516 120 556; x_wconf 83' lang='lat' dir='ltr'>p.</span> <span class='ocrx_word' id='word_1_27' title='bbox 147 506 210 545; x_wconf 86' lang='lat'><strong>92.</strong></span> <span class='ocrx_word' id='word_1_28' title='bbox 237 504 281 543; x_wconf 82' lang='lat' dir='ltr'>in</span> <span class='ocrx_word' id='word_1_29' title='bbox 308 519 390 557; x_wconf 86' lang='lat' dir='ltr'>quo</span> <span class='ocrx_word' id='word_1_30' title='bbox 421 520 612 547; x_wconf 85' lang='lat' dir='ltr'>summum</span> <span class='ocrx_word' id='word_1_31' title='bbox 636 508 837 559; x_wconf 76' lang='lat' dir='ltr'>specimen</span> <span class='ocrx_word' id='word_1_32' title='bbox 866 522 959 560; x_wconf 76' lang='lat' dir='ltr'>ope·</span> 
     </span>
     <span class='ocr_line' id='line_1_7' title="bbox 83 560 956 616; baseline 0.006 -18"><span class='ocrx_word' id='word_1_33' title='bbox 83 561 140 599; x_wconf 85' lang='lat' dir='ltr'>ris</span> <span class='ocrx_word' id='word_1_34' title='bbox 167 560 336 613; x_wconf 79' lang='lat' dir='ltr'>fabrilis</span> <span class='ocrx_word' id='word_1_35' title='bbox 371 564 563 615; x_wconf 61' lang='lat' dir='ltr'>eqreyhcs</span> <span class='ocrx_word' id='word_1_36' title='bbox 593 565 782 616; x_wconf 68' lang='lat' dir='ltr'>st&#39;ynz&#39;feoe</span> <span class='ocrx_word' id='word_1_37' title='bbox 807 566 956 616; x_wconf 72' lang='lat' dir='ltr'>prodi-</span> 
     </span>
     <span class='ocr_line' id='line_1_8' title="bbox 83 616 958 671; baseline 0.005 -16"><span class='ocrx_word' id='word_1_38' title='bbox 83 616 157 656; x_wconf 79' lang='lat' dir='ltr'>dit.</span> <span class='ocrx_word' id='word_1_39' title='bbox 205 617 262 655; x_wconf 85' lang='lat' dir='ltr'>At</span> <span class='ocrx_word' id='word_1_40' title='bbox 285 618 344 655; x_wconf 81' lang='lat' dir='ltr'>sic</span> <span class='ocrx_word' id='word_1_41' title='bbox 367 619 483 657; x_wconf 81' lang='lat' dir='ltr'>deest</span> <span class='ocrx_word' id='word_1_42' title='bbox 509 620 688 665; x_wconf 84' lang='lat' dir='ltr'>verbum,</span> <span class='ocrx_word' id='word_1_43' title='bbox 714 633 790 671; x_wconf 89' lang='lat' dir='ltr'>quo</span> <span class='ocrx_word' id='word_1_44' title='bbox 815 621 958 660; x_wconf 84' lang='lat' dir='ltr'>refera-</span> 
     </span>
     <span class='ocr_line' id='line_1_9' title="bbox 81 675 958 727; baseline 0.006 -17"><span class='ocrx_word' id='word_1_45' title='bbox 81 676 142 711; x_wconf 90' lang='lat' dir='ltr'>tur</span> <span class='ocrx_word' id='word_1_46' title='bbox 174 675 272 724; x_wconf 84' lang='lat' dir='ltr'>fons</span> <span class='ocrx_word' id='word_1_47' title='bbox 307 678 347 712; x_wconf 90' lang='lat' dir='ltr'>et</span> <span class='ocrx_word' id='word_1_48' title='bbox 387 676 571 715; x_wconf 74' lang='lat' dir='ltr'>manibus</span> <span class='ocrx_word' id='word_1_49' title='bbox 610 677 740 727; x_wconf 79' lang='lat' dir='ltr'>fabri.</span> <span class='ocrx_word' id='word_1_50' title='bbox 800 676 958 716; x_wconf 85' lang='lat' dir='ltr'>lnsulsa</span> 
     </span>
     <span class='ocr_line' id='line_1_10' title="bbox 82 732 956 782; baseline 0.007 -15"><span class='ocrx_word' id='word_1_51' title='bbox 82 743 176 768; x_wconf 87' lang='lat' dir='ltr'>esse</span> <span class='ocrx_word' id='word_1_52' title='bbox 201 732 460 782; x_wconf 81' lang='lat' dir='ltr'>pronuntiavit</span> <span class='ocrx_word' id='word_1_53' title='bbox 484 733 619 771; x_wconf 85' lang='lat' dir='ltr'>Heius.</span> <span class='ocrx_word' id='word_1_54' title='bbox 647 733 697 772; x_wconf 85' lang='lat' dir='ltr'>ad</span> <span class='ocrx_word' id='word_1_55' title='bbox 716 733 830 772; x_wconf 88' lang='lat' dir='ltr'>Ovid.</span> <span class='ocrx_word' id='word_1_56' title='bbox 846 733 956 774; x_wconf 82' lang='lat' dir='ltr'>Fast.</span> 
     </span>
     <span class='ocr_line' id='line_1_11' title="bbox 80 784 955 841; baseline 0.008 -18"><span class='ocrx_word' id='word_1_57' title='bbox 80 784 148 825; x_wconf 81' lang='lat' dir='ltr'>IV.</span> <span class='ocrx_word' id='word_1_58' title='bbox 181 790 295 832; x_wconf 53' lang='lat'><strong>7621„</strong></span> <span class='ocrx_word' id='word_1_59' title='bbox 335 789 398 839; x_wconf 89' lang='lat' dir='ltr'>qui</span> <span class='ocrx_word' id='word_1_60' title='bbox 437 789 547 841; x_wconf 83' lang='lat' dir='ltr'>legit:</span> <span class='ocrx_word' id='word_1_61' title='bbox 593 791 771 829; x_wconf 79' lang='lat' dir='ltr'>consitus</span> <span class='ocrx_word' id='word_1_62' title='bbox 805 805 955 830; x_wconf 86' lang='lat' dir='ltr'>summo</span> 
     </span>
     <span class='ocr_line' id='line_1_12' title="bbox 82 844 955 899; baseline 0.005 -17"><span class='ocrx_word' id='word_1_63' title='bbox 82 844 311 890; x_wconf 76' lang='lat' dir='ltr'><strong><em>cacumine,</em></strong></span> <span class='ocrx_word' id='word_1_64' title='bbox 355 846 407 884; x_wconf 83' lang='lat' dir='ltr'>de</span> <span class='ocrx_word' id='word_1_65' title='bbox 445 846 658 886; x_wconf 79' lang='lat' dir='ltr'>canalibus</span> <span class='ocrx_word' id='word_1_66' title='bbox 695 846 803 886; x_wconf 78' lang='lat' dir='ltr'>labri</span> <span class='ocrx_word' id='word_1_67' title='bbox 835 850 955 899; x_wconf 82' lang='lat' dir='ltr'>fonte</span> 
     </span>
     <span class='ocr_line' id='line_1_13' title="bbox 78 903 954 955; baseline 0.006 -17"><span class='ocrx_word' id='word_1_68' title='bbox 78 905 269 939; x_wconf 81' lang='lat' dir='ltr'><em>manante</em></span> <span class='ocrx_word' id='word_1_69' title='bbox 298 905 338 939; x_wconf 84' lang='lat' dir='ltr'>et</span> <span class='ocrx_word' id='word_1_70' title='bbox 368 903 553 954; x_wconf 67' lang='lat' dir='ltr'>fluviales</span> <span class='ocrx_word' id='word_1_71' title='bbox 589 917 721 954; x_wconf 83' lang='lat' dir='ltr'>aquas</span> <span class='ocrx_word' id='word_1_72' title='bbox 757 903 954 955; x_wconf 73' lang='lat' dir='ltr'>eliquans.</span> 
     </span>
     <span class='ocr_line' id='line_1_14' title="bbox 78 954 954 1004; baseline 0.006 -11"><span class='ocrx_word' id='word_1_73' title='bbox 78 954 206 995; x_wconf 82' lang='lat' dir='ltr'>Recte</span> <span class='ocrx_word' id='word_1_74' title='bbox 235 960 365 995; x_wconf 83' lang='lat' dir='ltr'>tamen</span> <span class='ocrx_word' id='word_1_75' title='bbox 395 963 527 997; x_wconf 85' lang='lat' dir='ltr'>monet</span> <span class='ocrx_word' id='word_1_76' title='bbox 552 958 668 1004; x_wconf 82' lang='lat' dir='ltr'>Oud.,</span> <span class='ocrx_word' id='word_1_77' title='bbox 705 973 858 998; x_wconf 78' lang='lat' dir='ltr'>swumo</span> <span class='ocrx_word' id='word_1_78' title='bbox 889 974 954 999; x_wconf 81' lang='lat' dir='ltr'>cu-</span> 
     </span>
     <span class='ocr_line' id='line_1_15' title="bbox 80 1012 953 1068; baseline 0.007 -18"><span class='ocrx_word' id='word_1_79' title='bbox 80 1014 237 1052; x_wconf 74' lang='lat' dir='ltr'>cumine</span> <span class='ocrx_word' id='word_1_80' title='bbox 251 1012 456 1053; x_wconf 85' lang='lat' dir='ltr'>Heinsium</span> <span class='ocrx_word' id='word_1_81' title='bbox 476 1029 682 1068; x_wconf 79' lang='lat' dir='ltr'>perperam</span> <span class='ocrx_word' id='word_1_82' title='bbox 702 1016 752 1053; x_wconf 84' lang='lat' dir='ltr'>ad</span> <span class='ocrx_word' id='word_1_83' title='bbox 773 1018 953 1056; x_wconf 78' lang='lat' dir='ltr'>consitus</span> 
     </span>
     <span class='ocr_line' id='line_1_16' title="bbox 76 1069 952 1121; baseline 0.007 -15"><span class='ocrx_word' id='word_1_84' title='bbox 76 1069 240 1117; x_wconf 69' lang='lat' dir='ltr'>referre,</span> <span class='ocrx_word' id='word_1_85' title='bbox 284 1070 319 1108; x_wconf 89' lang='lat' dir='ltr'>in</span> <span class='ocrx_word' id='word_1_86' title='bbox 364 1072 468 1121; x_wconf 85' lang='lat' dir='ltr'>quod</span> <span class='ocrx_word' id='word_1_87' title='bbox 510 1073 641 1110; x_wconf 88' lang='lat' dir='ltr'>vitium</span> <span class='ocrx_word' id='word_1_88' title='bbox 679 1076 811 1111; x_wconf 84' lang='lat' dir='ltr'>contra</span> <span class='ocrx_word' id='word_1_89' title='bbox 847 1072 952 1112; x_wconf 79' lang='lat' dir='ltr'>Oud.</span> 
     </span>
     <span class='ocr_line' id='line_1_17' title="bbox 75 1128 953 1180; baseline 0.006 -17"><span class='ocrx_word' id='word_1_90' title='bbox 75 1130 247 1164; x_wconf 85' lang='lat' dir='ltr'>mentem</span> <span class='ocrx_word' id='word_1_91' title='bbox 285 1128 400 1166; x_wconf 86' lang='lat' dir='ltr'>etiam</span> <span class='ocrx_word' id='word_1_92' title='bbox 431 1128 638 1167; x_wconf 86' lang='lat' dir='ltr'>Ruhnken.</span> <span class='ocrx_word' id='word_1_93' title='bbox 677 1129 823 1173; x_wconf 85' lang='lat' dir='ltr'>incidit,</span> <span class='ocrx_word' id='word_1_94' title='bbox 863 1130 953 1180; x_wconf 83' lang='lat' dir='ltr'>quia</span> 
     </span>
     <span class='ocr_line' id='line_1_18' title="bbox 76 1185 950 1224; baseline 0.005 -4"><span class='ocrx_word' id='word_1_95' title='bbox 76 1187 245 1221; x_wconf 89' lang='lat' dir='ltr'>montem</span> <span class='ocrx_word' id='word_1_96' title='bbox 284 1198 357 1222; x_wconf 89' lang='lat' dir='ltr'>non</span> <span class='ocrx_word' id='word_1_97' title='bbox 395 1185 606 1223; x_wconf 81' lang='lat' dir='ltr'>verisimile</span> <span class='ocrx_word' id='word_1_98' title='bbox 641 1185 694 1223; x_wconf 79' lang='lat' dir='ltr'>sit</span> <span class='ocrx_word' id='word_1_99' title='bbox 729 1189 876 1224; x_wconf 86' lang='lat' dir='ltr'>tantum</span> <span class='ocrx_word' id='word_1_100' title='bbox 915 1187 950 1224; x_wconf 86' lang='lat' dir='ltr'>in</span> 
     </span>
     <span class='ocr_line' id='line_1_19' title="bbox 76 1240 951 1287; baseline 0.002 -10"><span class='ocrx_word' id='word_1_101' title='bbox 76 1241 276 1278; x_wconf 80' lang='lat' dir='ltr'>cacumine</span> <span class='ocrx_word' id='word_1_102' title='bbox 313 1242 444 1279; x_wconf 86' lang='lat' dir='ltr'>viretis</span> <span class='ocrx_word' id='word_1_103' title='bbox 476 1243 664 1280; x_wconf 88' lang='lat' dir='ltr'>consitum</span> <span class='ocrx_word' id='word_1_104' title='bbox 698 1240 840 1287; x_wconf 73' lang='lat' dir='ltr'>fuisse,</span> <span class='ocrx_word' id='word_1_105' title='bbox 877 1242 951 1279; x_wconf 85' lang='lat' dir='ltr'>sed</span> 
     </span>
     <span class='ocr_line' id='line_1_20' title="bbox 75 1295 950 1349; baseline 0.003 -17"><span class='ocrx_word' id='word_1_106' title='bbox 75 1295 194 1333; x_wconf 84' lang='lat' dir='ltr'>etiam</span> <span class='ocrx_word' id='word_1_107' title='bbox 230 1297 401 1348; x_wconf 89' lang='lat' dir='ltr'>undique</span> <span class='ocrx_word' id='word_1_108' title='bbox 437 1298 473 1335; x_wconf 89' lang='lat' dir='ltr'>in</span> <span class='ocrx_word' id='word_1_109' title='bbox 512 1299 626 1349; x_wconf 74' lang='lat' dir='ltr'>iugo,</span> <span class='ocrx_word' id='word_1_110' title='bbox 674 1311 747 1336; x_wconf 88' lang='lat' dir='ltr'>nec</span> <span class='ocrx_word' id='word_1_111' title='bbox 788 1298 950 1346; x_wconf 64' lang='lat' dir='ltr'>intelligi</span> 
     </span>
     <span class='ocr_line' id='line_1_21' title="bbox 72 1354 950 1402; baseline 0.002 -13"><span class='ocrx_word' id='word_1_112' title='bbox 72 1364 216 1402; x_wconf 86' lang='lat' dir='ltr'>posse,</span> <span class='ocrx_word' id='word_1_113' title='bbox 255 1366 320 1391; x_wconf 87' lang='lat' dir='ltr'>cur</span> <span class='ocrx_word' id='word_1_114' title='bbox 355 1358 395 1392; x_wconf 83' lang='lat' dir='ltr'>et</span> <span class='ocrx_word' id='word_1_115' title='bbox 429 1354 638 1399; x_wconf 77' lang='lat' dir='ltr'>addiderit,</span> <span class='ocrx_word' id='word_1_116' title='bbox 674 1355 846 1398; x_wconf 83' lang='lat' dir='ltr'>retinens</span> <span class='ocrx_word' id='word_1_117' title='bbox 884 1355 950 1393; x_wconf 77' lang='lat' dir='ltr'>ell-</span> 
     </span>
     <span class='ocr_line' id='line_1_22' title="bbox 75 1408 949 1462; baseline 0 -14"><span class='ocrx_word' id='word_1_118' title='bbox 75 1421 214 1460; x_wconf 80' lang='lat' dir='ltr'>quans.</span> <span class='ocrx_word' id='word_1_119' title='bbox 263 1408 364 1447; x_wconf 89' lang='lat' dir='ltr'>Hinc</span> <span class='ocrx_word' id='word_1_120' title='bbox 389 1410 474 1461; x_wconf 88' lang='lat' dir='ltr'>ipse</span> <span class='ocrx_word' id='word_1_121' title='bbox 499 1413 608 1462; x_wconf 85' lang='lat' dir='ltr'>putat</span> <span class='ocrx_word' id='word_1_122' title='bbox 632 1410 681 1447; x_wconf 87' lang='lat' dir='ltr'>al)</span> <span class='ocrx_word' id='word_1_123' title='bbox 707 1414 866 1448; x_wconf 85' lang='lat' dir='ltr'>auctore</span> <span class='ocrx_word' id='word_1_124' title='bbox 891 1424 949 1448; x_wconf 87' lang='lat' dir='ltr'>re-</span> 
     </span>
     <span class='ocr_line' id='line_1_23' title="bbox 73 1462 949 1513; baseline 0.003 -11"><span class='ocrx_word' id='word_1_125' title='bbox 73 1462 223 1503; x_wconf 84' lang='lat' dir='ltr'>lictum:</span> <span class='ocrx_word' id='word_1_126' title='bbox 250 1465 302 1504; x_wconf 80' lang='lat' dir='ltr'>de</span> <span class='ocrx_word' id='word_1_127' title='bbox 321 1479 471 1505; x_wconf 86' lang='lat' dir='ltr'>summo</span> <span class='ocrx_word' id='word_1_128' title='bbox 491 1467 713 1513; x_wconf 73' lang='lat' dir='ltr'>cacumine,</span> <span class='ocrx_word' id='word_1_129' title='bbox 735 1467 949 1506; x_wconf 78' lang='lat' dir='ltr'>canalibus</span> 
     </span>
     <span class='ocr_line' id='line_1_24' title="bbox 72 1521 949 1576; baseline 0.001 -16"><span class='ocrx_word' id='word_1_130' title='bbox 72 1521 182 1560; x_wconf 69' lang='lat' dir='ltr'>labri</span> <span class='ocrx_word' id='word_1_131' title='bbox 209 1525 329 1574; x_wconf 86' lang='lat' dir='ltr'>fonte</span> <span class='ocrx_word' id='word_1_132' title='bbox 358 1528 565 1570; x_wconf 75' lang='lat' dir='ltr'>manante,</span> <span class='ocrx_word' id='word_1_133' title='bbox 601 1523 786 1576; x_wconf 71' lang='lat' dir='ltr'>fluviales</span> <span class='ocrx_word' id='word_1_134' title='bbox 816 1538 949 1576; x_wconf 79' lang='lat' dir='ltr'>aquas</span> 
     </span>
     <span class='ocr_line' id='line_1_25' title="bbox 72 1578 946 1631; baseline 0.002 -15"><span class='ocrx_word' id='word_1_135' title='bbox 72 1578 277 1631; x_wconf 70' lang='lat' dir='ltr'>eliquans,</span> <span class='ocrx_word' id='word_1_136' title='bbox 321 1592 554 1631; x_wconf 83' lang='lat' dir='ltr'>comparans</span> <span class='ocrx_word' id='word_1_137' title='bbox 590 1579 718 1618; x_wconf 87' lang='lat' dir='ltr'>locum</span> <span class='ocrx_word' id='word_1_138' title='bbox 749 1580 847 1619; x_wconf 76' lang='lat' dir='ltr'>Met.</span> <span class='ocrx_word' id='word_1_139' title='bbox 880 1580 946 1618; x_wconf 74' lang='lat' dir='ltr'><strong>w.</strong></span> 
     </span>
     <span class='ocr_line' id='line_1_26' title="bbox 68 1637 946 1687; baseline 0.001 -13"><span class='ocrx_word' id='word_1_140' title='bbox 68 1648 107 1687; x_wconf 88' lang='lat' dir='ltr'>p.</span> <span class='ocrx_word' id='word_1_141' title='bbox 133 1639 226 1677; x_wconf 85' lang='grc'><strong>405.</strong></span> <span class='ocrx_word' id='word_1_142' title='bbox 263 1649 407 1676; x_wconf 74' lang='lat' dir='ltr'>saxum</span> <span class='ocrx_word' id='word_1_143' title='bbox 443 1637 586 1676; x_wconf 72' lang='lat' dir='ltr'>mediis</span> <span class='ocrx_word' id='word_1_144' title='bbox 616 1650 636 1675; x_wconf 87' lang='lat' dir='ltr'>e</span> <span class='ocrx_word' id='word_1_145' title='bbox 664 1637 859 1687; x_wconf 73' lang='lat' dir='ltr'>faucibus</span> <span class='ocrx_word' id='word_1_146' title='bbox 890 1637 946 1675; x_wconf 89' lang='lat' dir='ltr'>la-</span> 
     </span>
     <span class='ocr_line' id='line_1_27' title="bbox 63 1692 947 1746; baseline 0.001 -16"><span class='ocrx_word' id='word_1_147' title='bbox 63 1692 183 1744; x_wconf 59' lang='lat' dir='ltr'>pislis</span> <span class='ocrx_word' id='word_1_148' title='bbox 205 1695 345 1745; x_wconf 86' lang='lat' dir='ltr'>fontes</span> <span class='ocrx_word' id='word_1_149' title='bbox 370 1693 593 1738; x_wconf 81' lang='lat' dir='ltr'>evomebat,</span> <span class='ocrx_word' id='word_1_150' title='bbox 632 1695 703 1746; x_wconf 78' lang='lat' dir='ltr'>qui</span> <span class='ocrx_word' id='word_1_151' title='bbox 724 1695 947 1743; x_wconf 77' lang='lat' dir='ltr'>foraminis</span> 
     </span>
     <span class='ocr_line' id='line_1_28' title="bbox 71 1749 946 1802; baseline 0.001 -15"><span class='ocrx_word' id='word_1_152' title='bbox 71 1749 230 1788; x_wconf 81' lang='lat' dir='ltr'>lacunis</span> <span class='ocrx_word' id='word_1_153' title='bbox 254 1749 356 1787; x_wconf 81' lang='lat' dir='ltr'>editi</span> <span class='ocrx_word' id='word_1_154' title='bbox 380 1753 420 1788; x_wconf 84' lang='lat' dir='ltr'>et</span> <span class='ocrx_word' id='word_1_155' title='bbox 443 1752 614 1802; x_wconf 70' lang='lat' dir='ltr'>anqustz&#39;</span> <span class='ocrx_word' id='word_1_156' title='bbox 641 1751 835 1789; x_wconf 82' lang='lat' dir='ltr'>canalis</span> <span class='ocrx_word' id='word_1_157' title='bbox 865 1754 946 1788; x_wconf 81' lang='lat' dir='ltr'>tra-</span> 
     </span>
     <span class='ocr_line' id='line_1_29' title="bbox 68 1806 944 1858; baseline 0.001 -15"><span class='ocrx_word' id='word_1_158' title='bbox 68 1807 163 1844; x_wconf 81' lang='lat' dir='ltr'>mite</span> <span class='ocrx_word' id='word_1_159' title='bbox 177 1834 282 1845; x_wconf 90' lang='grc'><strong>.....</strong></span> <span class='ocrx_word' id='word_1_160' title='bbox 292 1811 569 1858; x_wconf 79' lang='lat' dir='ltr'>proserpunt;</span> <span class='ocrx_word' id='word_1_161' title='bbox 601 1810 640 1844; x_wconf 88' lang='lat' dir='ltr'>et</span> <span class='ocrx_word' id='word_1_162' title='bbox 665 1806 763 1845; x_wconf 84' lang='lat' dir='ltr'>infra</span> <span class='ocrx_word' id='word_1_163' title='bbox 787 1820 826 1858; x_wconf 91' lang='lat' dir='ltr'>p.</span> <span class='ocrx_word' id='word_1_164' title='bbox 852 1810 944 1846; x_wconf 89' lang='grc'>747.</span> 
     </span>
     <span class='ocr_line' id='line_1_30' title="bbox 68 1862 943 1915; baseline -0.001 -14"><span class='ocrx_word' id='word_1_165' title='bbox 68 1862 121 1901; x_wconf 75' lang='lat' dir='ltr'>cle</span> <span class='ocrx_word' id='word_1_166' title='bbox 144 1876 295 1901; x_wconf 85' lang='lat' dir='ltr'>summo</span> <span class='ocrx_word' id='word_1_167' title='bbox 321 1864 466 1901; x_wconf 75' lang='lat' dir='ltr'>montis</span> <span class='ocrx_word' id='word_1_168' title='bbox 491 1864 701 1903; x_wconf 72' lang='lat' dir='ltr'>cacumine</span> <span class='ocrx_word' id='word_1_169' title='bbox 717 1876 796 1915; x_wconf 78' lang='lat' dir='ltr'>per</span> <span class='ocrx_word' id='word_1_170' title='bbox 817 1876 943 1915; x_wconf 86' lang='lat' dir='ltr'>quan-</span> 
     </span>
     <span class='ocr_line' id='line_1_31' title="bbox 68 1918 944 1972; baseline -0.002 -14"><span class='ocrx_word' id='word_1_171' title='bbox 68 1919 165 1958; x_wconf 82' lang='lat' dir='ltr'>dam</span> <span class='ocrx_word' id='word_1_172' title='bbox 190 1918 379 1958; x_wconf 84' lang='lat' dir='ltr'>latentem</span> <span class='ocrx_word' id='word_1_173' title='bbox 394 1920 573 1972; x_wconf 78' lang='lat' dir='ltr'>fistulam</span> <span class='ocrx_word' id='word_1_174' title='bbox 595 1921 834 1972; x_wconf 76' lang='lat' dir='ltr'>prorumpit</span> <span class='ocrx_word' id='word_1_175' title='bbox 853 1920 944 1957; x_wconf 81' lang='lat' dir='ltr'>rino</span> 
     </span>
     <span class='ocr_line' id='line_1_32' title="bbox 69 1975 945 2027; baseline 0 -13"><span class='ocrx_word' id='word_1_176' title='bbox 69 1988 216 2015; x_wconf 78' lang='lat' dir='ltr'>crocus</span> <span class='ocrx_word' id='word_1_177' title='bbox 247 1975 392 2014; x_wconf 75' lang='lat' dir='ltr'>diluta.</span> <span class='ocrx_word' id='word_1_178' title='bbox 446 1975 579 2027; x_wconf 78' lang='lat' dir='ltr'>Magis</span> <span class='ocrx_word' id='word_1_179' title='bbox 618 1980 746 2014; x_wconf 85' lang='lat' dir='ltr'>tamen</span> <span class='ocrx_word' id='word_1_180' title='bbox 786 1975 945 2014; x_wconf 83' lang='lat' dir='ltr'>inclinat</span> 
     </span>
     <span class='ocr_line' id='line_1_33' title="bbox 69 2031 944 2085; baseline 0.001 -17"><span class='ocrx_word' id='word_1_181' title='bbox 69 2031 105 2069; x_wconf 88' lang='lat' dir='ltr'>in</span> <span class='ocrx_word' id='word_1_182' title='bbox 132 2031 386 2077; x_wconf 88' lang='lat' dir='ltr'>sententiam,</span> <span class='ocrx_word' id='word_1_183' title='bbox 419 2032 541 2070; x_wconf 85' lang='lat' dir='ltr'>verba</span> <span class='ocrx_word' id='word_1_184' title='bbox 570 2033 755 2072; x_wconf 78' lang='lat' dir='ltr'>manibus</span> <span class='ocrx_word' id='word_1_185' title='bbox 777 2033 895 2085; x_wconf 77' lang='lat' dir='ltr'>fabri</span> <span class='ocrx_word' id='word_1_186' title='bbox 920 2046 944 2070; x_wconf 85' lang='lat' dir='ltr'>a</span> 
     </span>
     <span class='ocr_line' id='line_1_34' title="bbox 68 2087 941 2140; baseline 0 -14"><span class='ocrx_word' id='word_1_187' title='bbox 68 2087 234 2126; x_wconf 84' lang='lat' dir='ltr'>librariis</span> <span class='ocrx_word' id='word_1_188' title='bbox 266 2087 330 2125; x_wconf 88' lang='lat' dir='ltr'>vel</span> <span class='ocrx_word' id='word_1_189' title='bbox 362 2087 507 2127; x_wconf 90' lang='lat' dir='ltr'>lectore</span> <span class='ocrx_word' id='word_1_190' title='bbox 538 2089 588 2126; x_wconf 86' lang='lat' dir='ltr'>ad</span> <span class='ocrx_word' id='word_1_191' title='bbox 620 2090 831 2140; x_wconf 77' lang='lat' dir='ltr'>marginem</span> <span class='ocrx_word' id='word_1_192' title='bbox 859 2089 941 2127; x_wconf 82' lang='lat' dir='ltr'>libri</span> 
     </span>
     <span class='ocr_line' id='line_1_35' title="bbox 67 2144 942 2198; baseline 0 -15"><span class='ocrx_word' id='word_1_193' title='bbox 67 2144 210 2183; x_wconf 80' lang='lat' dir='ltr'>adsuta</span> <span class='ocrx_word' id='word_1_194' title='bbox 225 2145 259 2183; x_wconf 88' lang='lat' dir='ltr'>in</span> <span class='ocrx_word' id='word_1_195' title='bbox 279 2148 427 2184; x_wconf 83' lang='lat' dir='ltr'>textum</span> <span class='ocrx_word' id='word_1_196' title='bbox 442 2146 654 2198; x_wconf 83' lang='lat' dir='ltr'>irrepsisse</span> <span class='ocrx_word' id='word_1_197' title='bbox 673 2150 712 2184; x_wconf 89' lang='lat' dir='ltr'>et</span> <span class='ocrx_word' id='word_1_198' title='bbox 730 2146 942 2197; x_wconf 77' lang='lat' dir='ltr'>reliquisse</span> 
     </span>
     <span class='ocr_line' id='line_1_36' title="bbox 65 2201 940 2253; baseline 0.001 -14"><span class='ocrx_word' id='word_1_199' title='bbox 65 2205 281 2240; x_wconf 86' lang='lat' dir='ltr'>auctorem:</span> <span class='ocrx_word' id='word_1_200' title='bbox 304 2201 356 2240; x_wconf 70' lang='lat' dir='ltr'>«Ie</span> <span class='ocrx_word' id='word_1_201' title='bbox 376 2216 526 2241; x_wconf 86' lang='lat' dir='ltr'>summo</span> <span class='ocrx_word' id='word_1_202' title='bbox 546 2204 755 2242; x_wconf 73' lang='lat' dir='ltr'>cacumine</span> <span class='ocrx_word' id='word_1_203' title='bbox 772 2204 940 2253; x_wconf 81' lang='lat' dir='ltr'>sontem,</span> 
     </span>
     <span class='ocr_line' id='line_1_37' title="bbox 66 2258 939 2311; baseline 0.002 -16"><span class='ocrx_word' id='word_1_204' title='bbox 66 2263 293 2297; x_wconf 79' lang='lat' dir='ltr'>manantem</span> <span class='ocrx_word' id='word_1_205' title='bbox 327 2258 513 2311; x_wconf 80' lang='lat' dir='ltr'>fluviales</span> <span class='ocrx_word' id='word_1_206' title='bbox 549 2273 696 2311; x_wconf 84' lang='lat' dir='ltr'>aquas,</span> <span class='ocrx_word' id='word_1_207' title='bbox 741 2259 939 2311; x_wconf 75' lang='lat' dir='ltr'>eliquans,</span> 
     </span>
     <span class='ocr_line' id='line_1_38' title="bbox 66 2315 940 2365; baseline 0.003 -14"><span class='ocrx_word' id='word_1_208' title='bbox 66 2315 245 2365; x_wconf 77' lang='lat' dir='ltr'>quamvis</span> <span class='ocrx_word' id='word_1_209' title='bbox 275 2315 340 2352; x_wconf 76' lang='lat' dir='ltr'>vel</span> <span class='ocrx_word' id='word_1_210' title='bbox 376 2316 435 2353; x_wconf 90' lang='lat' dir='ltr'>sic</span> <span class='ocrx_word' id='word_1_211' title='bbox 472 2316 685 2356; x_wconf 77' lang='lat' dir='ltr'>canalibus</span> <span class='ocrx_word' id='word_1_212' title='bbox 722 2317 848 2362; x_wconf 75' lang='lat' dir='ltr'>labri,</span> <span class='ocrx_word' id='word_1_213' title='bbox 890 2316 940 2354; x_wconf 89' lang='lat' dir='ltr'>‹le</span> 
     </span>
     <span class='ocr_line' id='line_1_39' title="bbox 64 2371 939 2424; baseline 0.002 -16"><span class='ocrx_word' id='word_1_214' title='bbox 64 2383 141 2421; x_wconf 89' lang='lat' dir='ltr'>quo</span> <span class='ocrx_word' id='word_1_215' title='bbox 175 2371 398 2411; x_wconf 81' lang='lat' dir='ltr'>consulatur</span> <span class='ocrx_word' id='word_1_216' title='bbox 423 2371 629 2418; x_wconf 78' lang='lat' dir='ltr'>Heinsius,</span> <span class='ocrx_word' id='word_1_217' title='bbox 660 2373 825 2411; x_wconf 87' lang='lat' dir='ltr'>retinere</span> <span class='ocrx_word' id='word_1_218' title='bbox 851 2374 939 2424; x_wconf 87' lang='lat' dir='ltr'>quis</span> 
     </span>
     <span class='ocr_line' id='line_1_40' title="bbox 62 2427 940 2480; baseline 0.003 -16"><span class='ocrx_word' id='word_1_219' title='bbox 62 2432 223 2479; x_wconf 80' lang='lat' dir='ltr'>posset3</span> <span class='ocrx_word' id='word_1_220' title='bbox 260 2427 357 2467; x_wconf 86' lang='lat' dir='ltr'>Met.</span> <span class='ocrx_word' id='word_1_221' title='bbox 390 2427 458 2467; x_wconf 87' lang='lat' dir='ltr'><strong>IV.</strong></span> <span class='ocrx_word' id='word_1_222' title='bbox 491 2442 525 2480; x_wconf 88' lang='lat' dir='ltr'>p.</span> <span class='ocrx_word' id='word_1_223' title='bbox 553 2433 646 2469; x_wconf 80' lang='grc'><strong>247.</strong></span> <span class='ocrx_word' id='word_1_224' title='bbox 680 2430 736 2468; x_wconf 81' lang='lat' dir='ltr'>de</span> <span class='ocrx_word' id='word_1_225' title='bbox 767 2443 940 2469; x_wconf 87' lang='lat' dir='ltr'>summo</span> 
     </span>
     <span class='ocr_line' id='line_1_41' title="bbox 62 2485 938 2538; baseline 0.001 -15"><span class='ocrx_word' id='word_1_226' title='bbox 62 2485 248 2523; x_wconf 72' lang='lat' dir='ltr'>vertice</span> <span class='ocrx_word' id='word_1_227' title='bbox 275 2486 374 2535; x_wconf 84' lang='lat' dir='ltr'>fons</span> <span class='ocrx_word' id='word_1_228' title='bbox 405 2487 582 2538; x_wconf 75' lang='lat' dir='ltr'>affluens</span> <span class='ocrx_word' id='word_1_229' title='bbox 613 2486 735 2525; x_wconf 78' lang='lat' dir='ltr'>bullis</span> <span class='ocrx_word' id='word_1_230' title='bbox 765 2487 938 2538; x_wconf 72' lang='lat' dir='ltr'>inqenti-</span> 
     </span>
     <span class='ocr_line' id='line_1_42' title="bbox 63 2540 938 2582; baseline -0.001 -1"><span class='ocrx_word' id='word_1_231' title='bbox 63 2540 135 2581; x_wconf 82' lang='lat' dir='ltr'>bus</span> <span class='ocrx_word' id='word_1_232' title='bbox 158 2542 412 2580; x_wconf 76' lang='lat' dir='ltr'>scaturrlbat</span> <span class='ocrx_word' id='word_1_233' title='bbox 434 2547 474 2580; x_wconf 85' lang='lat' dir='ltr'>et</span> <span class='ocrx_word' id='word_1_234' title='bbox 496 2542 700 2582; x_wconf 76' lang='lat' dir='ltr'>evomebat</span> <span class='ocrx_word' id='word_1_235' title='bbox 723 2544 856 2582; x_wconf 82' lang='lat' dir='ltr'>undas</span> <span class='ocrx_word' id='word_1_236' title='bbox 875 2557 938 2581; x_wconf 80' lang='lat' dir='ltr'>ar-</span> 
     </span>
     <span class='ocr_line' id='line_1_43' title="bbox 62 2599 938 2650; baseline 0.001 -14"><span class='ocrx_word' id='word_1_237' title='bbox 62 2602 249 2650; x_wconf 78' lang='lat' dir='ltr'>yenteas,</span> <span class='ocrx_word' id='word_1_238' title='bbox 287 2602 329 2636; x_wconf 87' lang='lat' dir='ltr'>ut</span> <span class='ocrx_word' id='word_1_239' title='bbox 360 2599 597 2637; x_wconf 83' lang='lat' dir='ltr'>constructio</span> <span class='ocrx_word' id='word_1_240' title='bbox 628 2599 695 2636; x_wconf 88' lang='lat' dir='ltr'>sit:</span> <span class='ocrx_word' id='word_1_241' title='bbox 733 2614 845 2638; x_wconf 85' lang='lat' dir='ltr'>mons</span> <span class='ocrx_word' id='word_1_242' title='bbox 870 2599 938 2638; x_wconf 70' lang='lat' dir='ltr'>eli-</span> 
     </span>
     <span class='ocr_line' id='line_1_44' title="bbox 65 2657 938 2708; baseline 0.002 -15"><span class='ocrx_word' id='word_1_243' title='bbox 65 2667 195 2707; x_wconf 79' lang='lat' dir='ltr'>quam</span> <span class='ocrx_word' id='word_1_244' title='bbox 215 2657 391 2707; x_wconf 84' lang='lat' dir='ltr'>fontem,</span> <span class='ocrx_word' id='word_1_245' title='bbox 417 2660 643 2695; x_wconf 79' lang='lat' dir='ltr'>manantem</span> <span class='ocrx_word' id='word_1_246' title='bbox 669 2670 811 2708; x_wconf 78' lang='lat' dir='ltr'>aquas.</span> <span class='ocrx_word' id='word_1_247' title='bbox 850 2657 938 2695; x_wconf 74' lang='lat' dir='ltr'>Eli·</span> 
     </span>
     <span class='ocr_line' id='line_1_45' title="bbox 64 2712 936 2764; baseline 0.001 -14"><span class='ocrx_word' id='word_1_248' title='bbox 64 2723 192 2762; x_wconf 84' lang='lat' dir='ltr'>quare</span> <span class='ocrx_word' id='word_1_249' title='bbox 228 2724 322 2749; x_wconf 79' lang='lat' dir='ltr'>esse</span> <span class='ocrx_word' id='word_1_250' title='bbox 359 2725 477 2764; x_wconf 80' lang='lat' dir='ltr'>puras</span> <span class='ocrx_word' id='word_1_251' title='bbox 522 2716 561 2750; x_wconf 86' lang='lat' dir='ltr'>et</span> <span class='ocrx_word' id='word_1_252' title='bbox 600 2712 768 2763; x_wconf 82' lang='lat' dir='ltr'>liquidas</span> <span class='ocrx_word' id='word_1_253' title='bbox 811 2725 936 2763; x_wconf 79' lang='lat' dir='ltr'>aquas</span> 
     </span>
     <span class='ocr_line' id='line_1_46' title="bbox 62 2767 936 2819; baseline 0.003 -15"><span class='ocrx_word' id='word_1_254' title='bbox 62 2768 239 2806; x_wconf 85' lang='lat' dir='ltr'>emittere</span> <span class='ocrx_word' id='word_1_255' title='bbox 267 2781 336 2819; x_wconf 86' lang='lat' dir='ltr'>per</span> <span class='ocrx_word' id='word_1_256' title='bbox 368 2767 516 2807; x_wconf 87' lang='lat' dir='ltr'>sontem</span> <span class='ocrx_word' id='word_1_257' title='bbox 547 2769 750 2808; x_wconf 81' lang='lat' dir='ltr'>canalibus</span> <span class='ocrx_word' id='word_1_258' title='bbox 781 2783 936 2808; x_wconf 84' lang='lat' dir='ltr'>manan-</span> 
     </span>
     <span class='ocr_line' id='line_1_47' title="bbox 60 2824 935 2878; baseline 0.001 -16"><span class='ocrx_word' id='word_1_259' title='bbox 60 2827 158 2870; x_wconf 86' lang='lat' dir='ltr'>tem,</span> <span class='ocrx_word' id='word_1_260' title='bbox 189 2824 282 2864; x_wconf 87' lang='lat' dir='ltr'>dicit</span> <span class='ocrx_word' id='word_1_261' title='bbox 305 2824 408 2864; x_wconf 89' lang='lat' dir='ltr'>Oud.</span> <span class='ocrx_word' id='word_1_262' title='bbox 435 2839 669 2878; x_wconf 84' lang='lat' dir='ltr'>comparans</span> <span class='ocrx_word' id='word_1_263' title='bbox 696 2824 859 2864; x_wconf 86' lang='lat' dir='ltr'>Tertull.</span> <span class='ocrx_word' id='word_1_264' title='bbox 885 2826 935 2864; x_wconf 88' lang='lat' dir='ltr'>de</span> 
     </span>
     <span class='ocr_line' id='line_1_48' title="bbox 60 2876 935 2934; baseline 0.008 -19"><span class='ocrx_word' id='word_1_265' title='bbox 60 2876 161 2919; x_wconf 85' lang='lat' dir='ltr'>Pall.</span> <span class='ocrx_word' id='word_1_266' title='bbox 194 2883 231 2921; x_wconf 85' lang='lat'><strong>3.</strong></span> <span class='ocrx_word' id='word_1_267' title='bbox 273 2894 310 2932; x_wconf 85' lang='lat' dir='ltr'>p.</span> <span class='ocrx_word' id='word_1_268' title='bbox 346 2886 438 2923; x_wconf 84' lang='lat'><strong>115.</strong></span> <span class='ocrx_word' id='word_1_269' title='bbox 487 2887 622 2922; x_wconf 82' lang='lat' dir='ltr'>tractu</span> <span class='ocrx_word' id='word_1_270' title='bbox 661 2888 935 2934; x_wconf 75' lang='lat' dir='ltr'>prosequente</span> 
     </span>
     <span class='ocr_line' id='line_1_49' title="bbox 58 2934 934 2993; baseline 0.003 -19"><span class='ocrx_word' id='word_1_271' title='bbox 58 2934 172 2988; x_wconf 84' lang='lat' dir='ltr'>filum</span> <span class='ocrx_word' id='word_1_272' title='bbox 208 2937 403 2990; x_wconf 81' lang='lat' dir='ltr'>eliquat</span> <span class='ocrx_word' id='word_1_273' title='bbox 449 2938 529 2993; x_wconf 86' lang='lat' dir='ltr'>[cl&#39;.</span> <span class='ocrx_word' id='word_1_274' title='bbox 560 2939 715 2977; x_wconf 80' lang='lat' dir='ltr'>advers.</span> <span class='ocrx_word' id='word_1_275' title='bbox 752 2938 874 2977; x_wconf 87' lang='lat' dir='ltr'>Marc.</span> <span class='ocrx_word' id='word_1_276' title='bbox 909 2938 934 2978; x_wconf 93' lang='lat' dir='ltr'><strong>l.</strong></span> 
     </span>
     <span class='ocr_line' id='line_1_50' title="bbox 62 2994 937 3047; baseline 0.005 -16"><span class='ocrx_word' id='word_1_277' title='bbox 62 2996 99 3031; x_wconf 98' lang='grc'><strong>4.</strong></span> <span class='ocrx_word' id='word_1_278' title='bbox 119 3005 156 3043; x_wconf 85' lang='lat' dir='ltr'>p.</span> <span class='ocrx_word' id='word_1_279' title='bbox 177 2996 274 3035; x_wconf 91' lang='grc'>367.</span> <span class='ocrx_word' id='word_1_280' title='bbox 297 2994 442 3047; x_wconf 77' lang='lat' dir='ltr'>Rigalt.</span> <span class='ocrx_word' id='word_1_281' title='bbox 481 2997 524 3034; x_wconf 85' lang='lat' dir='ltr'>in</span> <span class='ocrx_word' id='word_1_282' title='bbox 550 3009 675 3036; x_wconf 86' lang='lat' dir='ltr'>unum</span> <span class='ocrx_word' id='word_1_283' title='bbox 698 3008 855 3034; x_wconf 82' lang='lat' dir='ltr'>necesse</span> <span class='ocrx_word' id='word_1_284' title='bbox 880 3001 937 3035; x_wconf 85' lang='lat' dir='ltr'>est</span> 
     </span>
     <span class='ocr_line' id='line_1_51' title="bbox 59 3051 934 3105; baseline 0.003 -18"><span class='ocrx_word' id='word_1_285' title='bbox 59 3051 264 3090; x_wconf 80' lang='lat' dir='ltr'>summitas</span> <span class='ocrx_word' id='word_1_286' title='bbox 314 3053 614 3105; x_wconf 69' lang='lat' dir='ltr'>maynitudinis</span> <span class='ocrx_word' id='word_1_287' title='bbox 667 3052 934 3103; x_wconf 80' lang='lat' dir='ltr'>elt&#39;quetur‚</span> 
     </span>
     <span class='ocr_line' id='line_1_52' title="bbox 59 3103 935 3158; baseline 0.005 -16"><span class='ocrx_word' id='word_1_288' title='bbox 59 3103 158 3144; x_wconf 85' lang='lat' dir='ltr'>Met.</span> <span class='ocrx_word' id='word_1_289' title='bbox 183 3105 210 3146; x_wconf 88' lang='grc'>1.</span> <span class='ocrx_word' id='word_1_290' title='bbox 242 3120 278 3158; x_wconf 86' lang='lat' dir='ltr'>p.</span> <span class='ocrx_word' id='word_1_291' title='bbox 309 3112 371 3148; x_wconf 88' lang='grc'>13.</span> <span class='ocrx_word' id='word_1_292' title='bbox 403 3109 705 3149; x_wconf 79' lang='lat' dir='ltr'>incommodum</span> <span class='ocrx_word' id='word_1_293' title='bbox 736 3109 819 3147; x_wconf 74' lang='lat' dir='ltr'>alvi</span> <span class='ocrx_word' id='word_1_294' title='bbox 849 3108 935 3147; x_wconf 83' lang='lat' dir='ltr'>eli-</span> 
     </span>
     <span class='ocr_line' id='line_1_53' title="bbox 61 3163 932 3218; baseline 0.003 -16"><span class='ocrx_word' id='word_1_295' title='bbox 61 3163 262 3218; x_wconf 65' lang='lat' dir='ltr'>quaret]</span> <span class='ocrx_word' id='word_1_296' title='bbox 289 3164 352 3204; x_wconf 91' lang='lat' dir='ltr'>De</span> <span class='ocrx_word' id='word_1_297' title='bbox 373 3180 540 3206; x_wconf 80' lang='lat' dir='ltr'>manare.</span> <span class='ocrx_word' id='word_1_298' title='bbox 558 3165 685 3205; x_wconf 82' lang='lat' dir='ltr'>active</span> <span class='ocrx_word' id='word_1_299' title='bbox 710 3165 813 3204; x_wconf 88' lang='lat' dir='ltr'>dicto</span> <span class='ocrx_word' id='word_1_300' title='bbox 829 3164 932 3205; x_wconf 87' lang='lat' dir='ltr'>Oud.</span> 
     </span>
    </p>
   </div>
   <div class='ocr_carea' id='block_1_7' title="bbox 1017 405 1899 446">
    <p class='ocr_par' dir='ltr' id='par_1_7' title="bbox 1017 405 1899 446">
     <span class='ocr_line' id='line_1_54' title="bbox 1017 405 1899 446; baseline -0.008 -8"><span class='ocrx_word' id='word_1_301' title='bbox 1017 407 1129 446; x_wconf 72' lang='lat' dir='ltr'>phirii</span> <span class='ocrx_word' id='word_1_302' title='bbox 1139 408 1247 438; x_wconf 86' lang='lat' dir='ltr'>Paris.</span> <span class='ocrx_word' id='word_1_303' title='bbox 1278 406 1445 445; x_wconf 38' lang='lat' dir='ltr'>prisc-ug&amp;</span> <span class='ocrx_word' id='word_1_304' title='bbox 1462 407 1511 436; x_wconf 80' lang='lat' dir='ltr'>ed.</span> <span class='ocrx_word' id='word_1_305' title='bbox 1530 415 1578 442; x_wconf 77' lang='lat' dir='ltr'>pr.</span> <span class='ocrx_word' id='word_1_306' title='bbox 1594 405 1722 436; x_wconf 82' lang='lat' dir='ltr'>Vicent.</span> <span class='ocrx_word' id='word_1_307' title='bbox 1736 406 1852 435; x_wconf 76' lang='lat' dir='ltr'>Venet.</span> <span class='ocrx_word' id='word_1_308' title='bbox 1869 405 1899 431; x_wconf 76' lang='lat'><strong>2.</strong></span> 
     </span>
    </p>
   </div>
   <div class='ocr_carea' id='block_1_8' title="bbox 1000 504 1896 2305">
    <p class='ocr_par' dir='ltr' id='par_1_8' title="bbox 1000 504 1896 2305">
     <span class='ocr_line' id='line_1_55' title="bbox 1018 504 1895 547; baseline -0.006 -1"><span class='ocrx_word' id='word_1_309' title='bbox 1018 508 1167 547; x_wconf 81' lang='lat' dir='ltr'>confert</span> <span class='ocrx_word' id='word_1_310' title='bbox 1193 507 1323 545; x_wconf 86' lang='lat' dir='ltr'>Sanct.</span> <span class='ocrx_word' id='word_1_311' title='bbox 1344 505 1508 544; x_wconf 70' lang='lat' dir='ltr'>Miner-v.</span> <span class='ocrx_word' id='word_1_312' title='bbox 1535 504 1600 543; x_wconf 88' lang='grc' dir='ltr'><strong>ΙΙΙ.</strong></span> <span class='ocrx_word' id='word_1_313' title='bbox 1627 509 1663 546; x_wconf 88' lang='grc'>3.</span> <span class='ocrx_word' id='word_1_314' title='bbox 1691 505 1740 542; x_wconf 88' lang='lat' dir='ltr'>V.</span> <span class='ocrx_word' id='word_1_315' title='bbox 1762 517 1895 547; x_wconf 75' lang='lat' dir='ltr'>mana,</span> 
     </span>
     <span class='ocr_line' id='line_1_56' title="bbox 1017 561 1896 611; baseline -0.005 -9"><span class='ocrx_word' id='word_1_316' title='bbox 1017 564 1153 602; x_wconf 86' lang='lat' dir='ltr'>Heius.</span> <span class='ocrx_word' id='word_1_317' title='bbox 1180 563 1230 601; x_wconf 87' lang='lat' dir='ltr'>ad</span> <span class='ocrx_word' id='word_1_318' title='bbox 1255 562 1370 600; x_wconf 81' lang='lat' dir='ltr'>Ovid.</span> <span class='ocrx_word' id='word_1_319' title='bbox 1385 562 1482 600; x_wconf 82' lang='lat' dir='ltr'>Met.</span> <span class='ocrx_word' id='word_1_320' title='bbox 1510 561 1575 600; x_wconf 87' lang='lat' dir='ltr'><strong>VI.</strong></span> <span class='ocrx_word' id='word_1_321' title='bbox 1592 566 1687 602; x_wconf 88' lang='lat'><strong>312.</strong></span> <span class='ocrx_word' id='word_1_322' title='bbox 1714 561 1786 600; x_wconf 68' lang='lat' dir='ltr'>ubi</span> <span class='ocrx_word' id='word_1_323' title='bbox 1807 562 1896 611; x_wconf 69' lang='lat' dir='ltr'>fixa</span> 
     </span>
     <span class='ocr_line' id='line_1_57' title="bbox 1017 617 1896 670; baseline -0.007 -10"><span class='ocrx_word' id='word_1_324' title='bbox 1017 621 1230 660; x_wconf 80' lang='lat' dir='ltr'>cacumine</span> <span class='ocrx_word' id='word_1_325' title='bbox 1256 619 1403 658; x_wconf 79' lang='lat' dir='ltr'>montis</span> <span class='ocrx_word' id='word_1_326' title='bbox 1429 619 1604 670; x_wconf 76' lang='lat' dir='ltr'>lt’qut&#39;tur</span> <span class='ocrx_word' id='word_1_327' title='bbox 1635 623 1674 656; x_wconf 80' lang='lat' dir='ltr'>et</span> <span class='ocrx_word' id='word_1_328' title='bbox 1704 617 1896 656; x_wconf 78' lang='lat' dir='ltr'>lacrimas</span> 
     </span>
     <span class='ocr_line' id='line_1_58' title="bbox 1016 672 1895 724; baseline -0.006 -9"><span class='ocrx_word' id='word_1_329' title='bbox 1016 678 1136 716; x_wconf 80' lang='lat' dir='ltr'>etiam</span> <span class='ocrx_word' id='word_1_330' title='bbox 1165 689 1274 716; x_wconf 83' lang='lat' dir='ltr'>nunc</span> <span class='ocrx_word' id='word_1_331' title='bbox 1297 688 1505 714; x_wconf 77' lang='lat' dir='ltr'>marmora</span> <span class='ocrx_word' id='word_1_332' title='bbox 1529 679 1705 713; x_wconf 82' lang='lat' dir='ltr'>manant.</span> <span class='ocrx_word' id='word_1_333' title='bbox 1757 672 1830 724; x_wconf 77' lang='lat' dir='ltr'>[ad</span> <span class='ocrx_word' id='word_1_334' title='bbox 1857 686 1895 723; x_wconf 85' lang='lat' dir='ltr'><strong>q.</strong></span> 
     </span>
     <span class='ocr_line' id='line_1_59' title="bbox 1017 728 1894 772; baseline -0.003 -2"><span class='ocrx_word' id='word_1_335' title='bbox 1017 732 1039 771; x_wconf 96' lang='lat' dir='ltr'><strong>l.</strong></span> <span class='ocrx_word' id='word_1_336' title='bbox 1073 733 1120 772; x_wconf 87' lang='lat' dir='ltr'>cf.</span> <span class='ocrx_word' id='word_1_337' title='bbox 1155 732 1277 771; x_wconf 85' lang='lat' dir='ltr'>Bach.</span> <span class='ocrx_word' id='word_1_338' title='bbox 1308 730 1464 769; x_wconf 85' lang='lat' dir='ltr'>Peerlk.</span> <span class='ocrx_word' id='word_1_339' title='bbox 1497 730 1544 769; x_wconf 85' lang='lat' dir='ltr'>ad</span> <span class='ocrx_word' id='word_1_340' title='bbox 1584 730 1718 768; x_wconf 83' lang='lat' dir='ltr'>Horat.</span> <span class='ocrx_word' id='word_1_341' title='bbox 1758 728 1834 766; x_wconf 91' lang='lat' dir='ltr'>Od.</span> <span class='ocrx_word' id='word_1_342' title='bbox 1869 729 1894 768; x_wconf 88' lang='lat' dir='ltr'><strong>l.</strong></span> 
     </span>
     <span class='ocr_line' id='line_1_60' title="bbox 1019 785 1893 830; baseline -0.009 -1"><span class='ocrx_word' id='word_1_343' title='bbox 1019 794 1079 829; x_wconf 90' lang='lat'>17.</span> <span class='ocrx_word' id='word_1_344' title='bbox 1100 793 1163 830; x_wconf 89' lang='grc'>16.</span> <span class='ocrx_word' id='word_1_345' title='bbox 1190 788 1274 827; x_wconf 88' lang='lat' dir='ltr'>lntt.</span> <span class='ocrx_word' id='word_1_346' title='bbox 1300 788 1351 827; x_wconf 85' lang='lat' dir='ltr'>ad</span> <span class='ocrx_word' id='word_1_347' title='bbox 1374 787 1506 826; x_wconf 89' lang='lat' dir='ltr'>Iuven.</span> <span class='ocrx_word' id='word_1_348' title='bbox 1534 786 1600 825; x_wconf 87' lang='lat' dir='ltr'>Vl.</span> <span class='ocrx_word' id='word_1_349' title='bbox 1616 790 1708 828; x_wconf 85' lang='lat'><strong>623.</strong></span> <span class='ocrx_word' id='word_1_350' title='bbox 1737 785 1787 823; x_wconf 85' lang='lat' dir='ltr'>ad</span> <span class='ocrx_word' id='word_1_351' title='bbox 1812 785 1893 824; x_wconf 82' lang='lat' dir='ltr'>Ho-</span> 
     </span>
     <span class='ocr_line' id='line_1_61' title="bbox 1015 842 1892 896; baseline -0.003 -13"><span class='ocrx_word' id='word_1_352' title='bbox 1015 850 1082 883; x_wconf 81' lang='lat' dir='ltr'>rat.</span> <span class='ocrx_word' id='word_1_353' title='bbox 1105 845 1231 896; x_wconf 73' lang='lat' dir='ltr'>Epist.</span> <span class='ocrx_word' id='word_1_354' title='bbox 1252 844 1277 883; x_wconf 91' lang='lat' dir='ltr'><strong>l.</strong></span> <span class='ocrx_word' id='word_1_355' title='bbox 1306 847 1368 885; x_wconf 86' lang='lat'><strong>19.</strong></span> <span class='ocrx_word' id='word_1_356' title='bbox 1397 849 1460 884; x_wconf 81' lang='grc'><strong>44.</strong></span> <span class='ocrx_word' id='word_1_357' title='bbox 1497 843 1628 882; x_wconf 82' lang='lat' dir='ltr'>Burm.</span> <span class='ocrx_word' id='word_1_358' title='bbox 1655 842 1705 881; x_wconf 83' lang='lat' dir='ltr'>ad</span> <span class='ocrx_word' id='word_1_359' title='bbox 1731 842 1892 881; x_wconf 81' lang='lat' dir='ltr'>Anthol.</span> 
     </span>
     <span class='ocr_line' id='line_1_62' title="bbox 1013 899 1893 952; baseline -0.006 -12"><span class='ocrx_word' id='word_1_360' title='bbox 1013 902 1102 942; x_wconf 81' lang='lat' dir='ltr'>Lat.</span> <span class='ocrx_word' id='word_1_361' title='bbox 1129 901 1173 940; x_wconf 87' lang='lat' dir='ltr'><strong>T.</strong></span> <span class='ocrx_word' id='word_1_362' title='bbox 1200 901 1228 940; x_wconf 93' lang='lat' dir='ltr'><strong>l.</strong></span> <span class='ocrx_word' id='word_1_363' title='bbox 1255 915 1292 952; x_wconf 85' lang='lat' dir='ltr'>p.</span> <span class='ocrx_word' id='word_1_364' title='bbox 1320 905 1382 942; x_wconf 87' lang='lat'><strong>10.</strong></span> <span class='ocrx_word' id='word_1_365' title='bbox 1411 905 1450 939; x_wconf 89' lang='lat' dir='ltr'>et</span> <span class='ocrx_word' id='word_1_366' title='bbox 1478 904 1569 941; x_wconf 83' lang='lat'><strong>173.</strong></span> <span class='ocrx_word' id='word_1_367' title='bbox 1595 899 1642 938; x_wconf 89' lang='lat' dir='ltr'><strong>II.</strong></span> <span class='ocrx_word' id='word_1_368' title='bbox 1668 913 1706 950; x_wconf 87' lang='lat' dir='ltr'>p.</span> <span class='ocrx_word' id='word_1_369' title='bbox 1724 902 1818 939; x_wconf 79' lang='lat'><strong>696.</strong></span> <span class='ocrx_word' id='word_1_370' title='bbox 1843 899 1893 936; x_wconf 88' lang='lat' dir='ltr'>ad</span> 
     </span>
     <span class='ocr_line' id='line_1_63' title="bbox 1013 957 1893 1010; baseline -0.003 -14"><span class='ocrx_word' id='word_1_371' title='bbox 1013 958 1190 1010; x_wconf 76' lang='lat' dir='ltr'>Propert.</span> <span class='ocrx_word' id='word_1_372' title='bbox 1208 957 1234 997; x_wconf 85' lang='lat' dir='ltr'><strong>l.</strong></span> <span class='ocrx_word' id='word_1_373' title='bbox 1255 962 1293 998; x_wconf 86' lang='lat'><strong>3.</strong></span> <span class='ocrx_word' id='word_1_374' title='bbox 1315 963 1350 998; x_wconf 95' lang='lat'><strong>7.</strong></span> <span class='ocrx_word' id='word_1_375' title='bbox 1379 957 1465 1009; x_wconf 83' lang='lat' dir='ltr'>Ego</span> <span class='ocrx_word' id='word_1_376' title='bbox 1488 957 1615 995; x_wconf 87' lang='lat' dir='ltr'>locum</span> <span class='ocrx_word' id='word_1_377' title='bbox 1637 969 1777 994; x_wconf 84' lang='lat' dir='ltr'>sanum</span> <span class='ocrx_word' id='word_1_378' title='bbox 1797 969 1893 993; x_wconf 67' lang='lat' dir='ltr'>esse</span> 
     </span>
     <span class='ocr_line' id='line_1_64' title="bbox 1012 1014 1891 1066; baseline -0.006 -12"><span class='ocrx_word' id='word_1_379' title='bbox 1012 1020 1155 1066; x_wconf 85' lang='lat' dir='ltr'>putans</span> <span class='ocrx_word' id='word_1_380' title='bbox 1179 1015 1232 1053; x_wconf 84' lang='lat' dir='ltr'>ita</span> <span class='ocrx_word' id='word_1_381' title='bbox 1257 1015 1425 1052; x_wconf 85' lang='lat' dir='ltr'>construi</span> <span class='ocrx_word' id='word_1_382' title='bbox 1446 1014 1579 1052; x_wconf 84' lang='lat' dir='ltr'>velim:</span> <span class='ocrx_word' id='word_1_383' title='bbox 1604 1026 1718 1051; x_wconf 86' lang='lat' dir='ltr'>mons</span> <span class='ocrx_word' id='word_1_384' title='bbox 1738 1026 1891 1050; x_wconf 81' lang='lat' dir='ltr'>summo</span> 
     </span>
     <span class='ocr_line' id='line_1_65' title="bbox 1012 1069 1890 1120; baseline -0.005 -10"><span class='ocrx_word' id='word_1_385' title='bbox 1012 1073 1210 1110; x_wconf 83' lang='lat' dir='ltr'>cacumine</span> <span class='ocrx_word' id='word_1_386' title='bbox 1220 1070 1537 1109; x_wconf 75' lang='lat' dir='ltr'>sontestluviales</span> <span class='ocrx_word' id='word_1_387' title='bbox 1553 1070 1734 1120; x_wconf 71' lang='lat' dir='ltr'>eliquans</span> <span class='ocrx_word' id='word_1_388' title='bbox 1749 1069 1799 1107; x_wconf 90' lang='lat' dir='ltr'>de</span> <span class='ocrx_word' id='word_1_389' title='bbox 1812 1083 1890 1107; x_wconf 77' lang='lat' dir='ltr'>lna-</span> 
     </span>
     <span class='ocr_line' id='line_1_66' title="bbox 1013 1127 1889 1176; baseline -0.003 -10"><span class='ocrx_word' id='word_1_390' title='bbox 1013 1129 1126 1167; x_wconf 86' lang='lat' dir='ltr'>nibus</span> <span class='ocrx_word' id='word_1_391' title='bbox 1144 1128 1240 1166; x_wconf 82' lang='lat' dir='ltr'>fabri</span> <span class='ocrx_word' id='word_1_392' title='bbox 1256 1128 1364 1165; x_wconf 77' lang='lat' dir='ltr'>sonte</span> <span class='ocrx_word' id='word_1_393' title='bbox 1374 1131 1556 1166; x_wconf 87' lang='lat' dir='ltr'>manante</span> <span class='ocrx_word' id='word_1_394' title='bbox 1570 1128 1758 1165; x_wconf 83' lang='lat' dir='ltr'>i.e.mons</span> <span class='ocrx_word' id='word_1_395' title='bbox 1775 1128 1836 1176; x_wconf 84' lang='lat' dir='ltr'>qui</span> <span class='ocrx_word' id='word_1_396' title='bbox 1853 1127 1889 1164; x_wconf 84' lang='lat' dir='ltr'>iu</span> 
     </span>
     <span class='ocr_line' id='line_1_67' title="bbox 1012 1183 1889 1235; baseline -0.001 -13"><span class='ocrx_word' id='word_1_397' title='bbox 1012 1186 1211 1224; x_wconf 83' lang='lat' dir='ltr'>cacumine</span> <span class='ocrx_word' id='word_1_398' title='bbox 1226 1197 1350 1235; x_wconf 85' lang='lat' dir='ltr'>aquas</span> <span class='ocrx_word' id='word_1_399' title='bbox 1371 1184 1501 1222; x_wconf 85' lang='lat' dir='ltr'>emisit</span> <span class='ocrx_word' id='word_1_400' title='bbox 1519 1183 1699 1221; x_wconf 80' lang='lat' dir='ltr'>fluviales</span> <span class='ocrx_word' id='word_1_401' title='bbox 1721 1196 1792 1234; x_wconf 86' lang='lat' dir='ltr'>per</span> <span class='ocrx_word' id='word_1_402' title='bbox 1811 1196 1889 1221; x_wconf 75' lang='lat' dir='ltr'>mn-</span> 
     </span>
     <span class='ocr_line' id='line_1_68' title="bbox 1011 1239 1888 1285; baseline -0.003 -6"><span class='ocrx_word' id='word_1_403' title='bbox 1011 1246 1167 1279; x_wconf 86' lang='lat' dir='ltr'>nantem</span> <span class='ocrx_word' id='word_1_404' title='bbox 1183 1241 1329 1279; x_wconf 86' lang='lat' dir='ltr'>sontem</span> <span class='ocrx_word' id='word_1_405' title='bbox 1344 1241 1551 1278; x_wconf 79' lang='lat' dir='ltr'>artificiose</span> <span class='ocrx_word' id='word_1_406' title='bbox 1566 1254 1589 1277; x_wconf 81' lang='lat' dir='ltr'>a</span> <span class='ocrx_word' id='word_1_407' title='bbox 1603 1239 1713 1278; x_wconf 84' lang='lat' dir='ltr'>fabro</span> <span class='ocrx_word' id='word_1_408' title='bbox 1731 1239 1888 1285; x_wconf 87' lang='lat' dir='ltr'>factum,</span> 
     </span>
     <span class='ocr_line' id='line_1_69' title="bbox 1011 1296 1887 1349; baseline 0 -16"><span class='ocrx_word' id='word_1_409' title='bbox 1011 1297 1073 1334; x_wconf 81' lang='lat' dir='ltr'>vel</span> <span class='ocrx_word' id='word_1_410' title='bbox 1088 1312 1157 1349; x_wconf 89' lang='lat' dir='ltr'>per</span> <span class='ocrx_word' id='word_1_411' title='bbox 1172 1297 1315 1335; x_wconf 86' lang='lat' dir='ltr'>fontem</span> <span class='ocrx_word' id='word_1_412' title='bbox 1332 1296 1431 1335; x_wconf 77' lang='lat' dir='ltr'>fabri</span> <span class='ocrx_word' id='word_1_413' title='bbox 1446 1300 1529 1334; x_wconf 85' lang='lat' dir='ltr'>arte</span> <span class='ocrx_word' id='word_1_414' title='bbox 1544 1300 1784 1335; x_wconf 79' lang='lat' dir='ltr'>manantem:</span> <span class='ocrx_word' id='word_1_415' title='bbox 1800 1310 1887 1333; x_wconf 88' lang='lat' dir='ltr'>nam</span> 
     </span>
     <span class='ocr_line' id='line_1_70' title="bbox 1011 1352 1887 1404; baseline -0.003 -12"><span class='ocrx_word' id='word_1_416' title='bbox 1011 1355 1062 1393; x_wconf 83' lang='lat' dir='ltr'>de</span> <span class='ocrx_word' id='word_1_417' title='bbox 1086 1354 1271 1393; x_wconf 74' lang='lat' dir='ltr'>nuwu&#39;bus</span> <span class='ocrx_word' id='word_1_418' title='bbox 1293 1353 1410 1404; x_wconf 82' lang='lat' dir='ltr'>fabri</span> <span class='ocrx_word' id='word_1_419' title='bbox 1435 1354 1554 1391; x_wconf 84' lang='lat' dir='ltr'>verba</span> <span class='ocrx_word' id='word_1_420' title='bbox 1578 1352 1755 1404; x_wconf 76' lang='lat' dir='ltr'>glossam</span> <span class='ocrx_word' id='word_1_421' title='bbox 1778 1352 1887 1391; x_wconf 84' lang='lat' dir='ltr'>libra-</span> 
     </span>
     <span class='ocr_line' id='line_1_71' title="bbox 1009 1410 1885 1448; baseline -0.001 -1"><span class='ocrx_word' id='word_1_422' title='bbox 1009 1411 1050 1447; x_wconf 87' lang='lat' dir='ltr'>rii</span> <span class='ocrx_word' id='word_1_423' title='bbox 1077 1411 1139 1448; x_wconf 84' lang='lat' dir='ltr'>vel</span> <span class='ocrx_word' id='word_1_424' title='bbox 1166 1410 1323 1448; x_wconf 78' lang='lat' dir='ltr'>lectoris</span> <span class='ocrx_word' id='word_1_425' title='bbox 1355 1422 1451 1447; x_wconf 75' lang='lat' dir='ltr'>esse</span> <span class='ocrx_word' id='word_1_426' title='bbox 1481 1410 1545 1447; x_wconf 79' lang='lat' dir='ltr'>vix</span> <span class='ocrx_word' id='word_1_427' title='bbox 1576 1410 1803 1447; x_wconf 87' lang='lat' dir='ltr'>crediderim</span> <span class='ocrx_word' id='word_1_428' title='bbox 1836 1410 1885 1446; x_wconf 85' lang='lat' dir='ltr'>ob</span> 
     </span>
     <span class='ocr_line' id='line_1_72' title="bbox 1009 1467 1886 1518; baseline -0.003 -14"><span class='ocrx_word' id='word_1_429' title='bbox 1009 1467 1061 1505; x_wconf 82' lang='lat' dir='ltr'>de</span> <span class='ocrx_word' id='word_1_430' title='bbox 1085 1467 1435 1518; x_wconf 78' lang='lat' dir='ltr'>praepositionem,</span> <span class='ocrx_word' id='word_1_431' title='bbox 1463 1479 1579 1516; x_wconf 87' lang='lat' dir='ltr'>quam</span> <span class='ocrx_word' id='word_1_432' title='bbox 1605 1467 1681 1503; x_wconf 81' lang='lat' dir='ltr'>iste</span> <span class='ocrx_word' id='word_1_433' title='bbox 1707 1479 1781 1504; x_wconf 89' lang='lat' dir='ltr'>non</span> <span class='ocrx_word' id='word_1_434' title='bbox 1813 1479 1886 1516; x_wconf 82' lang='lat' dir='ltr'>po-</span> 
     </span>
     <span class='ocr_line' id='line_1_73' title="bbox 1007 1522 1884 1574; baseline -0.001 -14"><span class='ocrx_word' id='word_1_435' title='bbox 1007 1523 1169 1569; x_wconf 73' lang='lat' dir='ltr'>suis-set,</span> <span class='ocrx_word' id='word_1_436' title='bbox 1191 1523 1262 1560; x_wconf 86' lang='lat' dir='ltr'>sed</span> <span class='ocrx_word' id='word_1_437' title='bbox 1285 1523 1416 1574; x_wconf 82' lang='lat' dir='ltr'>potius</span> <span class='ocrx_word' id='word_1_438' title='bbox 1435 1522 1646 1560; x_wconf 82' lang='lat' dir='ltr'>ablativum</span> <span class='ocrx_word' id='word_1_439' title='bbox 1666 1523 1884 1574; x_wconf 77' lang='lat' dir='ltr'>simplicem</span> 
     </span>
     <span class='ocr_line' id='line_1_74' title="bbox 1006 1579 1884 1631; baseline -0.002 -14"><span class='ocrx_word' id='word_1_440' title='bbox 1006 1579 1070 1617; x_wconf 71' lang='lat' dir='ltr'>vel</span> <span class='ocrx_word' id='word_1_441' title='bbox 1094 1594 1186 1631; x_wconf 76' lang='lat' dir='ltr'>per.</span> <span class='ocrx_word' id='word_1_442' title='bbox 1224 1580 1288 1618; x_wconf 83' lang='lat' dir='ltr'>De</span> <span class='ocrx_word' id='word_1_443' title='bbox 1314 1579 1416 1616; x_wconf 87' lang='lat' dir='ltr'>enim</span> <span class='ocrx_word' id='word_1_444' title='bbox 1441 1592 1510 1630; x_wconf 86' lang='lat' dir='ltr'>pro</span> <span class='ocrx_word' id='word_1_445' title='bbox 1534 1593 1622 1629; x_wconf 74' lang='lat' dir='ltr'>per,</span> <span class='ocrx_word' id='word_1_446' title='bbox 1651 1579 1806 1629; x_wconf 72' lang='lat' dir='ltr'>(plaudo</span> <span class='ocrx_word' id='word_1_447' title='bbox 1834 1580 1884 1616; x_wconf 84' lang='lat' dir='ltr'>in-</span> 
     </span>
     <span class='ocr_line' id='line_1_75' title="bbox 1007 1635 1884 1687; baseline -0.001 -14"><span class='ocrx_word' id='word_1_448' title='bbox 1007 1636 1193 1687; x_wconf 73' lang='lat' dir='ltr'>telligitur</span> <span class='ocrx_word' id='word_1_449' title='bbox 1231 1636 1286 1681; x_wconf 89' lang='lat' dir='ltr'>id,</span> <span class='ocrx_word' id='word_1_450' title='bbox 1335 1636 1440 1674; x_wconf 91' lang='lat' dir='ltr'>unde</span> <span class='ocrx_word' id='word_1_451' title='bbox 1482 1635 1629 1686; x_wconf 82' lang='lat' dir='ltr'>aliquid</span> <span class='ocrx_word' id='word_1_452' title='bbox 1667 1640 1785 1675; x_wconf 85' lang='lat' dir='ltr'>exeat</span> <span class='ocrx_word' id='word_1_453' title='bbox 1819 1640 1884 1674; x_wconf 82' lang='lat' dir='ltr'>aut</span> 
     </span>
     <span class='ocr_line' id='line_1_76' title="bbox 1006 1692 1883 1744; baseline -0.001 -14"><span class='ocrx_word' id='word_1_454' title='bbox 1006 1693 1108 1731; x_wconf 87' lang='lat' dir='ltr'>uude</span> <span class='ocrx_word' id='word_1_455' title='bbox 1134 1692 1279 1743; x_wconf 83' lang='lat' dir='ltr'>aliquid</span> <span class='ocrx_word' id='word_1_456' title='bbox 1308 1693 1492 1744; x_wconf 76' lang='lat' dir='ltr'>capiatur,</span> <span class='ocrx_word' id='word_1_457' title='bbox 1520 1706 1593 1730; x_wconf 89' lang='lat' dir='ltr'>non</span> <span class='ocrx_word' id='word_1_458' title='bbox 1619 1693 1672 1731; x_wconf 84' lang='lat' dir='ltr'>ita</span> <span class='ocrx_word' id='word_1_459' title='bbox 1698 1692 1883 1743; x_wconf 58' lang='lat' dir='ltr'>frequens¹</span> 
     </span>
     <span class='ocr_line' id='line_1_77' title="bbox 1006 1749 1884 1800; baseline 0 -13"><span class='ocrx_word' id='word_1_460' title='bbox 1006 1753 1087 1795; x_wconf 76' lang='lat' dir='ltr'>est,</span> <span class='ocrx_word' id='word_1_461' title='bbox 1121 1754 1161 1787; x_wconf 91' lang='lat' dir='ltr'>et</span> <span class='ocrx_word' id='word_1_462' title='bbox 1184 1749 1357 1800; x_wconf 82' lang='lat' dir='ltr'>Apuleio</span> <span class='ocrx_word' id='word_1_463' title='bbox 1388 1762 1483 1800; x_wconf 82' lang='lat' dir='ltr'>prae</span> <span class='ocrx_word' id='word_1_464' title='bbox 1509 1749 1652 1786; x_wconf 83' lang='lat' dir='ltr'>ceteris</span> <span class='ocrx_word' id='word_1_465' title='bbox 1678 1750 1884 1791; x_wconf 79' lang='lat' dir='ltr'>usitatum.-</span> 
     </span>
     <span class='ocr_line' id='line_1_78' title="bbox 1006 1805 1882 1856; baseline -0.002 -12"><span class='ocrx_word' id='word_1_466' title='bbox 1006 1805 1054 1844; x_wconf 85' lang='lat' dir='ltr'>cs.</span> <span class='ocrx_word' id='word_1_467' title='bbox 1081 1806 1131 1844; x_wconf 85' lang='lat' dir='ltr'>ad</span> <span class='ocrx_word' id='word_1_468' title='bbox 1157 1806 1253 1845; x_wconf 81' lang='lat' dir='ltr'>Met.</span> <span class='ocrx_word' id='word_1_469' title='bbox 1269 1805 1338 1843; x_wconf 75' lang='lat' dir='ltr'>lv.</span> <span class='ocrx_word' id='word_1_470' title='bbox 1353 1818 1389 1856; x_wconf 87' lang='lat' dir='ltr'>p.</span> <span class='ocrx_word' id='word_1_471' title='bbox 1410 1810 1502 1846; x_wconf 87' lang='grc'><strong>186.</strong></span> <span class='ocrx_word' id='word_1_472' title='bbox 1527 1806 1586 1844; x_wconf 83' lang='lat' dir='ltr'>de</span> <span class='ocrx_word' id='word_1_473' title='bbox 1610 1806 1794 1845; x_wconf 71' lang='lat' dir='ltr'>vindicta</span> <span class='ocrx_word' id='word_1_474' title='bbox 1822 1821 1882 1845; x_wconf 81' lang='lat' dir='ltr'>so-</span> 
     </span>
     <span class='ocr_line' id='line_1_79' title="bbox 1006 1861 1882 1913; baseline 0 -12"><span class='ocrx_word' id='word_1_475' title='bbox 1006 1862 1149 1901; x_wconf 81' lang='lat' dir='ltr'>latium</span> <span class='ocrx_word' id='word_1_476' title='bbox 1182 1863 1289 1901; x_wconf 82' lang='lat' dir='ltr'>date..</span> <span class='ocrx_word' id='word_1_477' title='bbox 1346 1861 1408 1900; x_wconf 81' lang='lat' dir='ltr'>De</span> <span class='ocrx_word' id='word_1_478' title='bbox 1439 1875 1580 1901; x_wconf 65' lang='lat' dir='ltr'>mamis</span> <span class='ocrx_word' id='word_1_479' title='bbox 1610 1875 1679 1913; x_wconf 84' lang='lat' dir='ltr'>pro</span> <span class='ocrx_word' id='word_1_480' title='bbox 1714 1868 1802 1901; x_wconf 79' lang='lat' dir='ltr'>arte</span> <span class='ocrx_word' id='word_1_481' title='bbox 1833 1863 1882 1901; x_wconf 77' lang='lat' dir='ltr'>cl&#39;.</span> 
     </span>
     <span class='ocr_line' id='line_1_80' title="bbox 1003 1918 1882 1971; baseline 0.001 -14"><span class='ocrx_word' id='word_1_482' title='bbox 1003 1919 1054 1957; x_wconf 88' lang='lat' dir='ltr'>ad</span> <span class='ocrx_word' id='word_1_483' title='bbox 1086 1919 1183 1958; x_wconf 83' lang='lat' dir='ltr'>Met.</span> <span class='ocrx_word' id='word_1_484' title='bbox 1217 1918 1279 1957; x_wconf 89' lang='lat' dir='ltr'>lll.</span> <span class='ocrx_word' id='word_1_485' title='bbox 1312 1922 1405 1959; x_wconf 90' lang='lat'><strong>201.</strong></span> <span class='ocrx_word' id='word_1_486' title='bbox 1443 1924 1630 1971; x_wconf 75' lang='lat' dir='ltr'>totasque</span> <span class='ocrx_word' id='word_1_487' title='bbox 1661 1920 1762 1958; x_wconf 75' lang='lat' dir='ltr'>artz&#39;s</span> <span class='ocrx_word' id='word_1_488' title='bbox 1790 1934 1882 1958; x_wconf 82' lang='lat' dir='ltr'>ma-</span> 
     </span>
     <span class='ocr_line' id='line_1_81' title="bbox 1003 1975 1881 2027; baseline 0 -13"><span class='ocrx_word' id='word_1_489' title='bbox 1003 1990 1101 2015; x_wconf 84' lang='lat' dir='ltr'>nus.</span> <span class='ocrx_word' id='word_1_490' title='bbox 1127 1976 1311 2014; x_wconf 79' lang='lat' dir='ltr'>Attamen</span> <span class='ocrx_word' id='word_1_491' title='bbox 1333 1975 1553 2027; x_wconf 79' lang='lat' dir='ltr'>negandum</span> <span class='ocrx_word' id='word_1_492' title='bbox 1577 1989 1650 2013; x_wconf 90' lang='lat' dir='ltr'>non</span> <span class='ocrx_word' id='word_1_493' title='bbox 1677 1979 1750 2022; x_wconf 83' lang='lat' dir='ltr'>est,</span> <span class='ocrx_word' id='word_1_494' title='bbox 1777 1975 1881 2014; x_wconf 82' lang='lat' dir='ltr'>Oud.</span> 
     </span>
     <span class='ocr_line' id='line_1_82' title="bbox 1004 2033 1880 2083; baseline -0.002 -13"><span class='ocrx_word' id='word_1_495' title='bbox 1004 2033 1315 2071; x_wconf 81' lang='lat' dir='ltr'>emendationem</span> <span class='ocrx_word' id='word_1_496' title='bbox 1338 2035 1497 2083; x_wconf 84' lang='lat' dir='ltr'>fontem</span> <span class='ocrx_word' id='word_1_497' title='bbox 1523 2038 1752 2071; x_wconf 82' lang='lat' dir='ltr'>manantem</span> <span class='ocrx_word' id='word_1_498' title='bbox 1772 2035 1880 2083; x_wconf 80' lang='lat' dir='ltr'>quip-</span> 
     </span>
     <span class='ocr_line' id='line_1_83' title="bbox 1002 2090 1880 2141; baseline 0.001 -15"><span class='ocrx_word' id='word_1_499' title='bbox 1002 2103 1054 2141; x_wconf 88' lang='lat' dir='ltr'>pe</span> <span class='ocrx_word' id='word_1_500' title='bbox 1075 2090 1298 2128; x_wconf 79' lang='lat' dir='ltr'>facillimam</span> <span class='ocrx_word' id='word_1_501' title='bbox 1324 2090 1623 2139; x_wconf 84' lang='lat' dir='ltr'>sententiaeque</span> <span class='ocrx_word' id='word_1_502' title='bbox 1649 2090 1880 2127; x_wconf 84' lang='lat' dir='ltr'>convenien-</span> 
     </span>
     <span class='ocr_line' id='line_1_84' title="bbox 1001 2145 1877 2197; baseline -0.001 -13"><span class='ocrx_word' id='word_1_503' title='bbox 1001 2150 1079 2184; x_wconf 88' lang='lat' dir='ltr'>tem</span> <span class='ocrx_word' id='word_1_504' title='bbox 1106 2160 1221 2197; x_wconf 86' lang='lat' dir='ltr'>quam</span> <span class='ocrx_word' id='word_1_505' title='bbox 1247 2147 1415 2185; x_wconf 83' lang='lat' dir='ltr'>maxime</span> <span class='ocrx_word' id='word_1_506' title='bbox 1440 2145 1608 2197; x_wconf 86' lang='lat' dir='ltr'>placere.</span> <span class='ocrx_word' id='word_1_507' title='bbox 1641 2145 1752 2185; x_wconf 86' lang='lat' dir='ltr'>Haec</span> <span class='ocrx_word' id='word_1_508' title='bbox 1778 2148 1877 2185; x_wconf 88' lang='lat' dir='ltr'>enim</span> 
     </span>
     <span class='ocr_line' id='line_1_85' title="bbox 1000 2202 1880 2255; baseline -0.001 -14"><span class='ocrx_word' id='word_1_509' title='bbox 1000 2204 1259 2241; x_wconf 80' lang='lat' dir='ltr'>ablativorum</span> <span class='ocrx_word' id='word_1_510' title='bbox 1292 2203 1501 2241; x_wconf 86' lang='lat' dir='ltr'>cumulatio</span> <span class='ocrx_word' id='word_1_511' title='bbox 1532 2202 1688 2241; x_wconf 78' lang='lat' dir='ltr'>molesti</span> <span class='ocrx_word' id='word_1_512' title='bbox 1722 2203 1814 2255; x_wconf 91' lang='lat' dir='ltr'>quid</span> <span class='ocrx_word' id='word_1_513' title='bbox 1841 2208 1880 2241; x_wconf 74' lang='lat' dir='ltr'>et</span> 
     </span>
     <span class='ocr_line' id='line_1_86' title="bbox 1000 2259 1878 2305; baseline 0.002 -8"><span class='ocrx_word' id='word_1_514' title='bbox 1000 2260 1116 2298; x_wconf 85' lang='lat' dir='ltr'>ieiuni</span> <span class='ocrx_word' id='word_1_515' title='bbox 1148 2260 1278 2298; x_wconf 86' lang='lat' dir='ltr'>habet.</span> <span class='ocrx_word' id='word_1_516' title='bbox 1327 2259 1452 2297; x_wconf 82' lang='lat' dir='ltr'>Modo</span> <span class='ocrx_word' id='word_1_517' title='bbox 1487 2272 1601 2305; x_wconf 84' lang='lat' dir='ltr'>cave,</span> <span class='ocrx_word' id='word_1_518' title='bbox 1640 2273 1689 2298; x_wconf 85' lang='lat' dir='ltr'>ne</span> <span class='ocrx_word' id='word_1_519' title='bbox 1721 2261 1774 2299; x_wconf 74' lang='lat' dir='ltr'>cle</span> <span class='ocrx_word' id='word_1_520' title='bbox 1798 2276 1878 2299; x_wconf 82' lang='lat' dir='ltr'>mu-</span> 
     </span>
    </p>
   </div>
   <div class='ocr_carea' id='block_1_9' title="bbox 999 2315 1444 2369">
    <p class='ocr_par' dir='ltr' id='par_1_9' title="bbox 999 2315 1444 2369">
     <span class='ocr_line' id='line_1_87' title="bbox 999 2315 1444 2369; baseline -0.002 -14"><span class='ocrx_word' id='word_1_521' title='bbox 999 2317 1117 2356; x_wconf 78' lang='lat' dir='ltr'>nibus</span> <span class='ocrx_word' id='word_1_522' title='bbox 1138 2317 1257 2367; x_wconf 76' lang='lat' dir='ltr'>fabri</span> <span class='ocrx_word' id='word_1_523' title='bbox 1281 2315 1444 2369; x_wconf 44' lang='lat' dir='ltr'>eiiciat—..J</span> 
     </span>
    </p>
   </div>
   <div class='ocr_carea' id='block_1_10' title="bbox 994 2394 1877 2844">
    <p class='ocr_par' dir='ltr' id='par_1_10' title="bbox 994 2394 1877 2844">
     <span class='ocr_line' id='line_1_88' title="bbox 1058 2394 1877 2449; baseline -0.004 -13"><span class='ocrx_word' id='word_1_524' title='bbox 1058 2396 1248 2449; x_wconf 79' lang='lat' dir='ltr'>capellae</span> <span class='ocrx_word' id='word_1_525' title='bbox 1269 2396 1492 2449; x_wconf 77' lang='lat' dir='ltr'>pauculae.</span> <span class='ocrx_word' id='word_1_526' title='bbox 1539 2394 1617 2434; x_wconf 85' lang='lat' dir='ltr'>Alii</span> <span class='ocrx_word' id='word_1_527' title='bbox 1645 2396 1750 2434; x_wconf 87' lang='lat' dir='ltr'>aiunt</span> <span class='ocrx_word' id='word_1_528' title='bbox 1778 2409 1877 2434; x_wconf 74' lang='lat' dir='ltr'>ores.</span> 
     </span>
     <span class='ocr_line' id='line_1_89' title="bbox 1000 2452 1876 2492; baseline -0.001 -1"><span class='ocrx_word' id='word_1_529' title='bbox 1000 2452 1063 2491; x_wconf 88' lang='lat' dir='ltr'>alii</span> <span class='ocrx_word' id='word_1_530' title='bbox 1090 2458 1242 2492; x_wconf 77' lang='lat' dir='ltr'>tauros.</span> <span class='ocrx_word' id='word_1_531' title='bbox 1294 2453 1397 2491; x_wconf 86' lang='lat' dir='ltr'>Vide</span> <span class='ocrx_word' id='word_1_532' title='bbox 1427 2455 1679 2491; x_wconf 84' lang='lat' dir='ltr'>monumenta</span> <span class='ocrx_word' id='word_1_533' title='bbox 1709 2453 1793 2490; x_wconf 83' lang='lat' dir='ltr'>eius</span> <span class='ocrx_word' id='word_1_534' title='bbox 1822 2453 1876 2491; x_wconf 77' lang='lat' dir='ltr'>l&#39;a-</span> 
     </span>
     <span class='ocr_line' id='line_1_90' title="bbox 999 2509 1876 2561; baseline -0.002 -13"><span class='ocrx_word' id='word_1_535' title='bbox 999 2509 1117 2548; x_wconf 79' lang='lat' dir='ltr'>bul-ae</span> <span class='ocrx_word' id='word_1_536' title='bbox 1154 2510 1188 2546; x_wconf 87' lang='lat' dir='ltr'>in</span> <span class='ocrx_word' id='word_1_537' title='bbox 1230 2509 1443 2561; x_wconf 79' lang='lat' dir='ltr'>lapidibus,</span> <span class='ocrx_word' id='word_1_538' title='bbox 1489 2510 1672 2555; x_wconf 74' lang='lat' dir='ltr'>nummis,</span> <span class='ocrx_word' id='word_1_539' title='bbox 1711 2510 1876 2560; x_wconf 72' lang='lat' dir='ltr'>gemmis</span> 
     </span>
     <span class='ocr_line' id='line_1_91' title="bbox 999 2566 1875 2619; baseline -0.001 -15"><span class='ocrx_word' id='word_1_540' title='bbox 999 2567 1104 2619; x_wconf 85' lang='lat' dir='ltr'>apud</span> <span class='ocrx_word' id='word_1_541' title='bbox 1129 2566 1196 2604; x_wconf 85' lang='lat' dir='ltr'>Dr.</span> <span class='ocrx_word' id='word_1_542' title='bbox 1223 2567 1273 2604; x_wconf 81' lang='lat' dir='ltr'>ad</span> <span class='ocrx_word' id='word_1_543' title='bbox 1299 2566 1368 2605; x_wconf 89' lang='lat' dir='ltr'>Sil.</span> <span class='ocrx_word' id='word_1_544' title='bbox 1397 2580 1432 2617; x_wconf 90' lang='lat' dir='ltr'>p.</span> <span class='ocrx_word' id='word_1_545' title='bbox 1461 2570 1553 2606; x_wconf 86' lang='grc'><strong>437.</strong></span> <span class='ocrx_word' id='word_1_546' title='bbox 1581 2569 1619 2603; x_wconf 87' lang='lat' dir='ltr'>et</span> <span class='ocrx_word' id='word_1_547' title='bbox 1645 2579 1745 2616; x_wconf 87' lang='lat' dir='ltr'>quos</span> <span class='ocrx_word' id='word_1_548' title='bbox 1772 2566 1875 2603; x_wconf 84' lang='lat' dir='ltr'>citat.</span> 
     </span>
     <span class='ocr_line' id='line_1_92' title="bbox 998 2622 1876 2675; baseline -0.003 -14"><span class='ocrx_word' id='word_1_549' title='bbox 998 2625 1091 2661; x_wconf 88' lang='lat' dir='ltr'>item</span> <span class='ocrx_word' id='word_1_550' title='bbox 1128 2624 1318 2675; x_wconf 85' lang='lat' dir='ltr'>Sponium</span> <span class='ocrx_word' id='word_1_551' title='bbox 1360 2622 1618 2661; x_wconf 76' lang='lat' dir='ltr'>Recherches</span> <span class='ocrx_word' id='word_1_552' title='bbox 1663 2622 1876 2661; x_wconf 55' lang='lat' dir='ltr'>Curieusesa</span> 
     </span>
     <span class='ocr_line' id='line_1_93' title="bbox 998 2678 1873 2731; baseline -0.002 -14"><span class='ocrx_word' id='word_1_553' title='bbox 998 2680 1203 2725; x_wconf 82' lang='lat' dir='ltr'>l)iss.17.,</span> <span class='ocrx_word' id='word_1_554' title='bbox 1228 2680 1293 2718; x_wconf 80' lang='lat' dir='ltr'>ubi</span> <span class='ocrx_word' id='word_1_555' title='bbox 1320 2679 1423 2717; x_wconf 80' lang='lat' dir='ltr'>male</span> <span class='ocrx_word' id='word_1_556' title='bbox 1450 2693 1499 2717; x_wconf 89' lang='lat' dir='ltr'>ex</span> <span class='ocrx_word' id='word_1_557' title='bbox 1527 2693 1597 2718; x_wconf 72' lang='lat' dir='ltr'>oce</span> <span class='ocrx_word' id='word_1_558' title='bbox 1622 2678 1687 2718; x_wconf 85' lang='lat' dir='ltr'>vel</span> <span class='ocrx_word' id='word_1_559' title='bbox 1709 2679 1873 2731; x_wconf 79' lang='lat' dir='ltr'>capella</span> 
     </span>
     <span class='ocr_line' id='line_1_94' title="bbox 996 2735 1870 2788; baseline -0.002 -14"><span class='ocrx_word' id='word_1_560' title='bbox 996 2736 1090 2775; x_wconf 81' lang='lat' dir='ltr'>facit</span> <span class='ocrx_word' id='word_1_561' title='bbox 1103 2737 1250 2788; x_wconf 82' lang='lat' dir='ltr'>glirem.</span> <span class='ocrx_word' id='word_1_562' title='bbox 1274 2735 1461 2787; x_wconf 81' lang='lat' dir='ltr'>Capellas</span> <span class='ocrx_word' id='word_1_563' title='bbox 1477 2738 1592 2774; x_wconf 87' lang='lat' dir='ltr'>etiam</span> <span class='ocrx_word' id='word_1_564' title='bbox 1609 2737 1739 2774; x_wconf 72' lang='lat' dir='ltr'>vaccis</span> <span class='ocrx_word' id='word_1_565' title='bbox 1754 2737 1870 2784; x_wconf 66' lang='lat' dir='ltr'>iungit</span> 
     </span>
     <span class='ocr_line' id='line_1_95' title="bbox 994 2792 1873 2844; baseline -0.002 -13"><span class='ocrx_word' id='word_1_566' title='bbox 994 2792 1157 2832; x_wconf 87' lang='lat' dir='ltr'>Lucian.</span> <span class='ocrx_word' id='word_1_567' title='bbox 1185 2794 1219 2831; x_wconf 89' lang='lat' dir='ltr'>in</span> <span class='ocrx_word' id='word_1_568' title='bbox 1247 2792 1366 2831; x_wconf 73' lang='lat' dir='ltr'>Dear.</span> <span class='ocrx_word' id='word_1_569' title='bbox 1393 2792 1469 2831; x_wconf 83' lang='lat' dir='ltr'>iud.</span> <span class='ocrx_word' id='word_1_570' title='bbox 1497 2792 1541 2830; x_wconf 83' lang='lat' dir='ltr'><strong>T.</strong></span> <span class='ocrx_word' id='word_1_571' title='bbox 1569 2792 1598 2832; x_wconf 91' lang='lat' dir='ltr'><strong>l.</strong></span> <span class='ocrx_word' id='word_1_572' title='bbox 1622 2806 1659 2844; x_wconf 82' lang='lat' dir='ltr'>p.</span> <span class='ocrx_word' id='word_1_573' title='bbox 1676 2795 1873 2834; x_wconf 75' lang='lat'><strong>256.259.</strong></span> 
     </span>
    </p>
   </div>
   <div class='ocr_carea' id='block_1_11' title="bbox 994 2883 1876 3220">
    <p class='ocr_par' dir='ltr' id='par_1_11' title="bbox 994 2883 1876 3220">
     <span class='ocr_line' id='line_1_96' title="bbox 1055 2883 1876 2937; baseline -0.004 -15"><span class='ocrx_word' id='word_1_574' title='bbox 1055 2884 1240 2923; x_wconf 75' lang='lat' dir='ltr'>Paridis.</span> <span class='ocrx_word' id='word_1_575' title='bbox 1312 2883 1448 2921; x_wconf 72' lang='lat' dir='ltr'>Verba</span> <span class='ocrx_word' id='word_1_576' title='bbox 1478 2883 1663 2937; x_wconf 69' lang='lat' dir='ltr'>I’leryyli</span> <span class='ocrx_word' id='word_1_577' title='bbox 1691 2885 1876 2934; x_wconf 69' lang='lat' dir='ltr'>pastoris</span> 
     </span>
     <span class='ocr_line' id='line_1_97' title="bbox 995 2939 1868 2979; baseline 0 -1"><span class='ocrx_word' id='word_1_578' title='bbox 995 2941 1160 2979; x_wconf 83' lang='lat' dir='ltr'>Scriver.</span> <span class='ocrx_word' id='word_1_579' title='bbox 1186 2939 1377 2978; x_wconf 79' lang='lat' dir='ltr'>uncinulis</span> <span class='ocrx_word' id='word_1_580' title='bbox 1404 2939 1571 2978; x_wconf 71' lang='lat' dir='ltr'>inclusit.</span> <span class='ocrx_word' id='word_1_581' title='bbox 1608 2939 1710 2978; x_wconf 85' lang='lat' dir='ltr'>Oud.</span> <span class='ocrx_word' id='word_1_582' title='bbox 1726 2939 1868 2978; x_wconf 82' lang='lat' dir='ltr'>mavult</span> 
     </span>
     <span class='ocr_line' id='line_1_98' title="bbox 996 2995 1874 3046; baseline -0.003 -9"><span class='ocrx_word' id='word_1_583' title='bbox 996 2997 1174 3037; x_wconf 75' lang='lat' dir='ltr'>Paridis</span> <span class='ocrx_word' id='word_1_584' title='bbox 1198 2998 1337 3035; x_wconf 82' lang='lat' dir='ltr'>vocab.</span> <span class='ocrx_word' id='word_1_585' title='bbox 1363 2996 1503 3041; x_wconf 82' lang='lat' dir='ltr'>deleri,</span> <span class='ocrx_word' id='word_1_586' title='bbox 1531 3000 1572 3034; x_wconf 87' lang='lat' dir='ltr'>ut</span> <span class='ocrx_word' id='word_1_587' title='bbox 1597 3009 1619 3032; x_wconf 92' lang='lat' dir='ltr'>e</span> <span class='ocrx_word' id='word_1_588' title='bbox 1645 2995 1785 3046; x_wconf 77' lang='lat' dir='ltr'>glossa</span> <span class='ocrx_word' id='word_1_589' title='bbox 1809 3010 1874 3034; x_wconf 85' lang='lat' dir='ltr'>na-</span> 
     </span>
     <span class='ocr_line' id='line_1_99' title="bbox 996 3052 1874 3103; baseline -0.001 -11"><span class='ocrx_word' id='word_1_590' title='bbox 996 3058 1076 3092; x_wconf 89' lang='lat' dir='ltr'>tum</span> <span class='ocrx_word' id='word_1_591' title='bbox 1102 3056 1141 3090; x_wconf 88' lang='lat' dir='ltr'>et</span> <span class='ocrx_word' id='word_1_592' title='bbox 1167 3066 1311 3090; x_wconf 85' lang='lat' dir='ltr'>merum</span> <span class='ocrx_word' id='word_1_593' title='bbox 1337 3052 1718 3103; x_wconf 82' lang='lat' dir='ltr'>interpretamentum</span> <span class='ocrx_word' id='word_1_594' title='bbox 1736 3054 1874 3091; x_wconf 82' lang='lat' dir='ltr'>verbo-</span> 
     </span>
     <span class='ocr_line' id='line_1_100' title="bbox 994 3108 1874 3163; baseline -0.002 -15"><span class='ocrx_word' id='word_1_595' title='bbox 994 3124 1076 3149; x_wconf 89' lang='lat' dir='ltr'>rum</span> <span class='ocrx_word' id='word_1_596' title='bbox 1094 3109 1276 3163; x_wconf 68' lang='lat' dir='ltr'>Plcryyt‘i</span> <span class='ocrx_word' id='word_1_597' title='bbox 1297 3110 1490 3161; x_wconf 61' lang='lat' dir='ltr'>pastori&amp;</span> <span class='ocrx_word' id='word_1_598' title='bbox 1517 3108 1632 3147; x_wconf 88' lang='lat' dir='ltr'>Nunc</span> <span class='ocrx_word' id='word_1_599' title='bbox 1651 3109 1749 3147; x_wconf 84' lang='lat' dir='ltr'>enim</span> <span class='ocrx_word' id='word_1_600' title='bbox 1766 3109 1798 3147; x_wconf 79' lang='lat' dir='ltr'><strong>A</strong></span> <span class='ocrx_word' id='word_1_601' title='bbox 1807 3122 1874 3161; x_wconf 83' lang='lat' dir='ltr'>pu-</span> 
     </span>
     <span class='ocr_line' id='line_1_101' title="bbox 997 3165 1874 3220; baseline 0 -15"><span class='ocrx_word' id='word_1_602' title='bbox 997 3167 1113 3206; x_wconf 87' lang='lat' dir='ltr'>leium</span> <span class='ocrx_word' id='word_1_603' title='bbox 1139 3166 1257 3204; x_wconf 85' lang='lat' dir='ltr'>modo</span> <span class='ocrx_word' id='word_1_604' title='bbox 1277 3179 1496 3220; x_wconf 79' lang='lat' dir='ltr'>proponere</span> <span class='ocrx_word' id='word_1_605' title='bbox 1514 3179 1641 3204; x_wconf 85' lang='lat' dir='ltr'>rerum</span> <span class='ocrx_word' id='word_1_606' title='bbox 1663 3165 1874 3206; x_wconf 85' lang='lat' dir='ltr'>hominum-</span> 
     </span>
    </p>
   </div>
   <div class='ocr_carea' id='block_1_12' title="bbox 1501 3231 1593 3278">
    <p class='ocr_par' dir='ltr' id='par_1_12' title="bbox 1501 3231 1593 3278">
     <span class='ocr_line' id='line_1_102' title="bbox 1501 3231 1593 3278; baseline 0.033 -3"><span class='ocrx_word' id='word_1_607' title='bbox 1501 3231 1593 3278; x_wconf 58' lang='lat' dir='ltr'>‹31ss</span> 
     </span>
    </p>
   </div>
  </div>
 </body>
</html>
