2221 3667
337 168 420 212 302

840 370 1253 420 CAPUT

600 167 646 207 L.
678 168 895 208 APULEll
927 164 1323 207 MADAURENSIS
1353 163 1891 205 METAMORPHOSEON

1367 370 1616 417 XXXV.

447 493 513 536 Sic
538 495 692 549 profata
717 495 829 547 virm
862 491 1068 540 conticuit,
1102 491 1361 544 ingressuque
1387 491 1463 531 iam
1488 491 1617 539 valido
1650 504 1811 546 pompae
1836 491 1964 555 populi
1990 504 2121 545 prose-

335 552 489 604 quentis
515 565 601 592 sese
627 551 790 591 miscuit..
820 550 901 588 ltur
913 548 959 587 ad
981 547 1235 588 coustitutum
1255 548 1453 602 scopulum
1473 548 1617 588 montis
1631 548 1765 598 ardui,
1794 547 2122 588 cuiusinsummo

335 608 512 648 acumine
542 615 725 648 statutam
759 605 922 659 puellam
955 603 1084 643 cuncti
1115 604 1321 654 deserunt,
1356 606 1566 658 taedasque
1591 604 1782 659 nuptiales
1807 603 1945 657 quibus
1971 603 2124 657 praelu-

334 671 480 704 xerant
503 664 643 704 ibidem
669 661 839 702 lacrimis
865 660 946 701 suis
972 660 1170 701 extinctas
1195 660 1476 714 relinquentes,
1505 661 1743 715 deiectisque
1763 660 1952 715 capitibus
1975 659 2123 701 domui-

419 791 590 831 praesata
609 793 644 819 G.
660 792 688 819 1.
720 788 888 829 prefacta
901 790 939 818 D.
954 796 974 818 a
987 796 1027 818 m.
1041 797 1070 824 p.
1118 789 1256 817 aetii-uit
1271 791 1307 818 Β.
1325 791 1409 818 unde
1422 791 1586 819 {Vasseus
1606 790 1745 819 coniecit
1763 789 1913 818 obticuit.
1958 788 1992 816 in
2004 795 2124 826 gressu

333 839 408 868 Am,
455 837 587 864 miscuit
602 842 673 863 sese
686 832 714 863 ὃ.
730 843 759 869 ι).
805 835 874 862 iter
887 843 942 869 pro
956 833 1028 862 itur
1041 836 1076 863 G.
1093 836 1122 864 1.
1146 834 1252 872 igitur
1266 843 1297 870 p.
1332 834 1400 861 iam
1415 836 1450 864 G.
1466 837 1495 864 2.
1510 837 1546 864 D.
1563 836 1597 864 P.
1612 844 1666 870 pro
1680 835 1762 863 itur.
1811 833 2044 863 cumscientiam
2058 835 2124 863 Ve-

334 888 396 912 net.
410 886 442 911 2.
492 880 680 908 deserentes
695 880 715 909 f.
731 881 779 908 ed.
793 888 838 914 pr.
852 882 936 909 lunt.
951 881 979 908 1.
993 881 1024 908 2.
1042 881 1118 908 ΑΜ.
1132 881 1245 910 Venet.
1259 882 1289 909 2.

1341 878 1459 907 taedas
1479 888 1609 917 quoque
1627 881 1763 909 coniecit
1783 881 1861 910 oud.
1909 878 2073 907 luserant
2087 880 2121 908 Ο.

329 927 572 965 praeluxerunt
586 928 621 954 G.
635 927 665 954 2.
680 926 718 954 D.
766 922 925 961 choragio
938 924 1056 962 itaque
1065 924 1222 964 perfeeto
1242 928 1322 953 haec
1342 928 1441 954 verba
1455 926 1569 954 desunt
1589 926 1624 953 F.
1642 926 1669 953 1.
1684 927 1714 953 3.
1729 927 1763 954 G.
1781 927 1808 954 1.
1823 927 1854 954 2.
1875 926 1912 953 D.
1926 925 1963 953 B.
1976 932 2012 954 π.
2037 924 2124 953 Solis

333 974 422 1001 codd.
432 974 466 1001 P.
477 971 549 1008 «μβ.
560 993 567 1005 ,
593 971 730 999 testibus
744 970 863 1004 Erycio
877 971 1023 998 Puteano
1037 973 1065 998 et
1080 971 1244 1008 Putschio,
1259 974 1289 1000 et
1302 971 1465 1006 Fulgentii
1479 971 1671 999 auctoritate
1684 972 1765 999 haec
1778 973 1878 1000 verba
1891 970 1951 998 niti
1963 970 2124 999 videntur.

332 1020 448 1047 Omnes
461 1018 530 1045 edd.
544 1019 621 1044 vett.
635 1022 673 1044 ea
686 1016 844 1045 omittunt.
891 1013 1112 1043 domuitionem
1127 1016 1164 1044 P.

331 1128 452 1166 fuisse
482 1126 654 1171 sormam,
679 1125 751 1164 sed
775 1126 899 1177 magis
925 1125 976 1165 ad
999 1127 1085 1164 soni
1110 1139 1197 1164 sua-

330 1185 486 1222 vitatem
511 1184 606 1221 inter
629 1186 831 1234 utrumque
856 1183 1028 1234 elegisse
1054 1182 1196 1221 Roma-

331 1255 402 1279 nos
440 1252 604 1285 censeo,
643 1253 744 1291 quae
774 1241 969 1278 sententia
1000 1243 1062 1277 est
1093 1239 1194 1277 Len-

329 1311 417 1348 nep.
442 1296 491 1335 ad
516 1295 630 1334 Ovid.
656 1295 813 1334 Heroid.
839 1295 930 1336 XX.
949 1300 1038 1336 141.
1063 1295 1125 1334 De
1140 1311 1195 1334 or-

330 1352 676 1405 thographiayocis
690 1352 737 1391 cf.
749 1351 850 1391 Cort.
859 1357 898 1391 et
906 1352 1024 1391 Kritz.
1037 1352 1084 1392 ad
1096 1353 1195 1392 Sall.

329 1410 408 1461 lug.
435 1409 531 1448 Llll.
557 1414 594 1450 8.
619 1408 792 1447 Broukh.
818 1410 867 1447 ad
886 1408 1194 1460 P1·0p.11.2.<111.

331 1467 507 1506 Staveer.
531 1466 580 1504 ad
597 1466 745 1505 Cornel.
763 1465 886 1505 Alcib.
903 1470 939 1508 6.
966 1466 1032 1504 Dr.
1047 1466 1097 1504 ad
1110 1466 1194 1503 Liv.

330 1522 522 1562 XXXIV.
550 1528 611 1563 15.
638 1523 670 1574 ᾧ.
696 1526 730 1563 9.
757 1522 877 1561 Bach.
903 1522 953 1561 ad
979 1522 1071 1561 Tae.
1095 1523 1193 1561 Ann.

328 1578 436 1618 le.
452 1584 516 1620 52.
542 1580 685 1630 ἴΥἱιξζη.
706 1579 755 1618 ad
771 1579 875 1630 Virg.
893 1578 1113 1628 Georg.111.
1128 1584 1192 1620 57.

330 1635 632 1676 Probabiliorem
643 1636 741 1674 banc
749 1635 869 1674 altera
884 1649 978 1674 esse
991 1648 1193 1687 perperam

329 1695 619 1745 pronuntiarunt
630 1693 718 1731 ΥΥ.
736 1692 843 1737 1)[).,
869 1706 970 1744 quos
996 1691 1129 1731 Eckst.
1146 1692 1196 1731 ad

331 1749 422 1787 Tac.
438 1750 545 1788 Orat.
562 1764 592 1788 e.
614 1755 675 1790 11.
696 1753 734 1787 et
759 1750 793 1787 in
820 1749 896 1787 ind.
921 1762 952 1787 s.
969 1763 1002 1788 v.
1025 1749 1195 1801 excitat]

385 1805 472 1845 CAP.
498 1805 671 1845 XXXV.
718 1805 988 1858 relinquentes
1017 1806 1197 1845 deiectis-

332 1877 408 1916 que
433 1864 649 1915 capitibus.
684 1861 915 1914 [Chora-qio
939 1863 1079 1915 itaque
1099 1876 1196 1913 per-

327 1923 458 1972 fecto,
492 1919 594 1971 quod
628 1932 649 1956 e
679 1919 873 1956 nonnullis
906 1919 1017 1957 codd.
1044 1923 1083 1956 et
1108 1918 1196 1956 Ful-

331 1980 435 2027 gent.
451 1976 598 2027 Expos.
620 1990 655 2028 p.
671 1979 764 2016 779.
790 1974 893 2014 Oud.
919 1989 1003 2013 cum
1029 1975 1116 2013 aliis
1141 1988 1197 2013 re-

331 2034 443 2083 cepit,
470 2033 649 2083 equidem
663 2033 888 2071 auctoritate
902 2032 1144 2083 plurimorum
1160 2035 1199 2070 et

331 2090 558 2140 optimorum
574 2089 685 2128 codd.
701 2089 930 2127 eiiciendum
945 2102 1039 2127 esse
1054 2090 1196 2140 putavi.

330 2145 431 2184 Nam
457 2147 577 2184 maior
601 2146 727 2185 adhuc
752 2146 891 2184 tributa
917 2149 977 2184 est
996 2145 1094 2183 fides
1108 2144 1198 2183 Ful-

330 2203 476 2253 gentio,
515 2216 630 2254 quam
674 2216 750 2253 qua
791 2203 945 2252 dignum
983 2216 1069 2240 eum
1105 2215 1198 2240 esse

330 2259 422 2297 mihi
453 2272 685 2310 persuasum
716 2263 789 2298 est.
836 2259 948 2297 Hanc
977 2272 1055 2297 rem
1086 2272 1196 2297 accu-

331 2317 449 2354 ratius
487 2320 738 2368 pertractme,
782 2329 804 2353 e
841 2329 881 2353 re
906 2316 1053 2354 videtur
1089 2329 1196 2361 esse,

333 2386 448 2423 quum
474 2373 562 2410 inde
589 2372 757 2418 eluceat,
783 2376 905 2410 utrum
929 2376 1087 2424 propter
1112 2373 1197 2410 eius

332 2429 458 2467 solam
483 2429 747 2467 auctoritatem
774 2430 809 2467 in
829 2429 1080 2480 scriptoribus
1107 2428 1198 2480 quid

333 2486 555 2525 mutandum
581 2487 631 2524 sit
650 2489 687 2523 et
707 2490 864 2538 propter
884 2499 952 2524 eos
974 2486 1058 2523 vice
1084 2498 1198 2524 versa

333 2544 368 2581 in
403 2541 619 2593 Fulgentio.
668 2542 732 2580 Ab
763 2542 931 2593 Apuleio
958 2543 1197 2594 incipiamus.

333 2599 494 2650 Legitur
507 2602 659 2650 praeter
672 2603 843 2637 nostrum
859 2598 981 2637 locum
998 2599 1096 2638 alius
1119 2599 1198 2651 qui-

333 2656 421 2695 dam
448 2669 495 2693 ex
521 2655 635 2701 Met..
668 2656 730 2706 qui
761 2655 878 2693 hodie
903 2669 975 2692 non
1003 2659 1200 2707 comparet

332 2727 370 2764 p.
399 2715 491 2753 779.
519 2712 718 2764 Apuleius
748 2713 864 2751 asino
890 2724 1038 2751 aureo.-
1071 2712 1197 2752 eduli-

333 2769 404 2808 bus
431 2769 606 2821 opipare
631 2774 823 2820 excepta,
856 2782 955 2819 quae
987 2769 1124 2818 glossa
1148 2782 1197 2806 ex

332 2825 429 2864 Met.
444 2826 494 2864 V.
519 2839 556 2876 p.
583 2829 674 2866 348.
709 2826 835 2864 beatis
865 2825 1050 2865 edulibus
1075 2830 1198 2878 atque

334 2883 465 2921 taedis
501 2882 676 2921 oblectat
710 2881 871 2921 conflata
908 2882 1055 2920 videtur
1091 2895 1197 2921 esse.

337 2936 392 2976 Cf.
419 2952 518 2989 quae
544 2939 593 2976 ad
616 2939 653 2977 h.
669 2939 691 2977 Ι.
718 2951 922 2990 exponam.
961 2938 1113 2977 Tertius
1134 2939 1197 2989 qui

336 3008 384 3032 ex
398 2995 566 3047 Apuleio
581 2995 724 3034 allatus
739 3000 802 3033 est
816 2995 942 3041 locus,
970 3008 1200 3046 quamquam

336 3054 370 3089 in
408 3052 626 3089 universum
662 3066 747 3091 cum
783 3056 891 3090 textu
921 3052 1087 3103 genuino
1114 3065 1201 3090 con-

336 3109 468 3153 sentit,
501 3109 704 3147 verborum
729 3113 854 3148 tamen
880 3110 1011 3161 positu
1035 3109 1198 3147 aberrat.

337 3164 384 3202 cs.
410 3178 447 3216 p-
475 3168 568 3206 338.
599 3166 662 3204 ubi
688 3165 881 3218 Apuleius
907 3165 1042 3204 habet:
1075 3170 1200 3217 putre

1256 1140 1341 1165 meo
1381 1127 1575 1165 seniorem
1616 1127 1802 1166 maritum
1846 1126 1992 1165 sortita
2026 1139 2124 1169 sum,

1255 1184 1350 1222 dein
1388 1183 1600 1222 cucurbita
1643 1183 1859 1222 calviorem
1901 1187 1940 1221 et
1982 1183 2124 1235 quovis

1248 1253 1383 1291 puero
1392 1239 1659 1291 pmnl'liorem.
1687 1238 1908 1290 Fulgentp.
1920 1242 2011 1279 775.
2029 1239 2124 1277 dein

1257 1297 1396 1350 quot-is
1416 1309 1552 1348 puero
1575 1295 1834 1347 pumiliorem
1859 1300 1895 1334 et
1910 1294 2124 1336 cucurbita

1255 1353 1484 1397 calviorem,
1511 1354 1574 1403 qni
1601 1351 1712 1389 locus
1728 1351 1841 1403 Fulg.
1860 1352 1908 1391 ab
1923 1351 2026 1390 initio
2040 1364 2124 1402 per-

1254 1409 1429 1448 turbatus
1456 1408 1714 1459 italegendus
1729 1407 1895 1447 videtur:
1923 1407 2122 1459 Apuleius

1255 1467 1370 1505 asino
1404 1479 1529 1504 aureo
1562 1466 1726 1505 inducit
1753 1479 1911 1504 sorores
1938 1464 2126 1518 Psychae

1254 1523 1305 1561 de
1318 1523 1471 1561 maritis
1485 1522 1744 1561 detrahentes
1752 1522 1888 1561 dicere
1902 1520 2003 1566 (cod.
2013 1519 2124 1558 Leid.

1252 1593 1412 1617 sorores
1443 1579 1575 1631 Psyee
1600 1578 1734 1617 mariti
1760 1578 1942 1624 detrah.)
1974 1577 2037 1615 ubi
2071 1576 2124 1614 fa-

1253 1635 1326 1672 cile
1352 1636 1402 1674 de
1429 1649 1498 1687 per
1523 1635 1762 1673 antecedens
1788 1649 1832 1673 ce
1865 1634 1985 1672 omitti
2016 1636 2125 1684 pote-

1255 1695 1329 1734 rat·
1354 1691 1404 1729 de
1430 1691 1604 1729 dictione
1621 1691 1667 1731 cf.
1696 1690 1772 1729 Cic.
1799 1690 1844 1729 ad
1871 1689 2037 1730 Att.X1.
2062 1694 2122 1730 11.

1255 1749 1336 1799 δ.2.
1362 1748 1490 1787 Beier.
1517 1748 1565 1786 ἰ(1
1592 1748 1668 1786 (ie.
1689 1747 1870 1786 deOffil.
1887 1752 1952 1788 37.
1966 1747 1996 1797 ξ.
2015 1749 2124 1795 134.)

1256 1805 1362 1843 ldem
1388 1819 1436 1843 ex
1461 1805 1548 1843 aliis
1573 1805 1827 1855 scriptoribus
1853 1805 1901 1843 dc
1915 1803 2124 1855 Fulgentio

1256 1860 1610 1914 complobarilicet.
1633 1861 1679 1900 cs.
1695 1875 1727 1899 s
1743 1874 1775 1899 v,
1791 1866 1914 1914 steqa.
1945 1861 2067 1900 Forte
2080 1864 2126 1899 ut

1256 1919 1389 1957 assedi
1403 1920 1416 1955 ί
1421 1933 1443 1957 η
1458 1923 1590 1971 ste-qa,
1606 1932 1708 1969 quae
1722 1918 1860 1969 glossa
1873 1918 1908 1956 in
1923 1915 2125 1955 Bacchidi-

1256 1976 1330 2013 bus
1345 1974 1472 2013 Plauti
1486 1988 1560 2013 non
1578 1975 1726 2025 legitur,
1751 1978 1793 2012 ut
1805 1974 1866 2012 bic
1880 1986 2034 2025 quoque
2048 1986 2125 2011 me-

1257 2034 1377 2069 moria
1392 2031 1622 2081 Fulgentius
1644 2031 1768 2069 falsus
1788 2044 1881 2069 esse
1901 2031 2126 2068 existiman-

1258 2088 1331 2126 dus
1363 2089 1423 2126 sit.
1472 2087 1529 2126 lta
1560 2088 1685 2127 locum
1717 2101 1739 2125 e
1777 2086 1923 2126 Cistell.
1962 2100 1998 2138 p.
2033 2090 2108 2126 781

1257 2158 1339 2184 s.v.
1366 2145 1540 2184 cistella:
1568 2145 1765 2184 cistellam
1790 2147 1905 2199 effers
1930 2157 2018 2183 cum
2043 2157 2125 2182 ere·

1252 2203 1427 2254 pundiis
1456 2202 1623 2240 invenire
1650 2215 1723 2239 non
1749 2202 1871 2252 potui,
1902 2214 1975 2239 nec
1999 2200 2048 2239 ab
2074 2201 2124 2238 in-

1255 2259 1487 2308 terpretibus
1509 2258 1619 2296 locus
1640 2258 1702 2296 ubi
1730 2258 1878 2308 legatur
1888 2257 2038 2296 'allatus
2053 2260 2124 2294 est.

1256 2316 1417 2354 innuere
1430 2315 1581 2353 videtur
1595 2328 1733 2353 versus
1748 2314 1841 2352 (Tist.
1856 2313 1923 2353 IV.
1940 2317 1974 2354 1.
1990 2317 2013 2354 3
2029 2317 2067 2351 et
2081 2317 2123 2352 li:

1256 2374 1326 2412 sed
1353 2372 1456 2425 quid
1480 2372 1558 2410 boc
1583 2376 1656 2416 est,
1696 2371 1797 2411 leaee
1829 2370 1943 2423 quod
1967 2369 2124 2410 cistella

1258 2430 1324 2468 liic
1356 2431 1462 2468 iacet
1493 2442 1580 2468 enm
1607 2428 1856 2480 crepundiis.
1905 2426 2007 2465 Hinc
2031 2429 2123 2478 puto

1258 2485 1363 2536 apud
1395 2484 1572 2535 Fulgent.
1605 2498 1637 2522 s,
1663 2498 1697 2522 v.
1731 2485 1950 2536 friquttire
1985 2497 2008 2521 e
2039 2482 2124 2521 cod.

1258 2542 1370 2581 Leid.
1409 2555 1494 2580 cum
1531 2544 1621 2579 sett.
1661 2541 1749 2579 edd.
1789 2540 1995 2591 legendum
2032 2551 2125 2577 esse

1261 2599 1457 2652 quidnam
1467 2601 1512 2650 fr
1515 2598 1674 2649 iquttis,
1701 2609 1931 2647 quamquam
1948 2597 1983 2634 in
1997 2595 2125 2634 Plauti

1259 2656 1346 2693 loco
1373 2653 1883 2705 Casi11.lt.3.49.legit11r
1908 2666 1999 2691 uam
2025 2651 2127 2717 quid

1254 2713 1449 2764 friyzettis
1468 2715 1506 2748 et
1526 2723 1573 2748 ex
1595 2711 1733 2749 eodem
1753 2709 1838 2748 cod.
1860 2709 1895 2747 in
1918 2709 2002 2747 loco
2017 2708 2065 2745 Υ
2057 2720 2124 2758 urg.

1259 2768 1354 2806 Aen.
1371 2767 1429 2806 ΙΙΙ.
1445 2772 1536 2808 545.
1554 2767 1743 2812 velamus,
1769 2778 2001 2816 quamquam
2016 2765 2064 2801 Υ
2057 2777 2123 2815 urg.

1257 2824 1358 2863 Mss.
1384 2824 1528 2863 habent
1553 2824 1741 2863 velmnur.
1767 2822 1863 2860 Item
1883 2821 2127 2859 emendanda

1258 2885 1320 2919 est
1350 2880 1487 2931 glossa
1520 2895 1557 2933 p.
1585 2883 1675 2920 773.
1716 2879 1944 2918 luscitiosos
1981 2891 2003 2915 e
2039 2877 2123 2915 cod.

1256 2937 1368 2976 Leid.
1396 2942 1434 2976 et
1459 2939 1563 2977 aliis:
1590 2937 1698 2976 uude
1722 2941 1761 2974 ct
1774 2935 1949 2975 Plantas
1962 2936 2004 2973 in
2019 2935 2124 2973 Mer-

1261 2996 1414 3034 cator-is
1428 2994 1642 3033 comoedia
1666 2994 1744 3031 ait.-
1769 2993 1923 3038 mirum,
1951 2991 2050 3030 lolio
2074 2991 2122 3029 ci-

1260 3053 1405 3090 etitare
1430 3057 1466 3090 te
1491 3056 1572 3090 tam
1602 3049 1673 3089 rili
1698 3050 1854 3093 tritico,
1883 3049 1980 3100 quia
2007 3047 2123 3087 lusci-

1260 3109 1383 3147 tiosus
1408 3121 1478 3146 es.:
1504 3119 1618 3158 quam
1639 3105 1808 3143 editores
1834 3105 2023 3155 corrigere
2049 3117 2122 3142 non

1259 3165 1466 3210 debebant,
1493 3164 1670 3215 quoniam
1697 3161 1800 3200 salsa
1824 3161 2050 3200 comoediae
2075 3160 2122 3198 ci-
