2155 3590
626 134 811 174 LIBER
840 136 890 176 V.
950 134 1077 174 CAP.
1107 133 1205 174 XX.
1234 133 1310 174 XI.
1762 130 1843 173 359

23 288 28 292 ,
75 246 299 302 cunctisque
333 247 420 289 istis
455 247 571 288 sociis
608 247 733 287 tecum
768 247 926 297 relatis,
963 247 1106 288 votivis
1141 246 1284 300 nuptiis
1322 245 1515 286 hominem
1557 251 1595 285 te
1638 245 1844 299 iungemus

74 304 230 346 homini.

617 456 1048 504 CAPUT
1138 455 1302 504 XXI.

181 588 271 629 Tali
304 589 512 630 verborum
547 589 724 629 incendio
761 589 954 629 flammata
989 589 1142 629 viscera
1176 587 1324 628 sororis
1351 586 1429 626 iam
1452 584 1620 640 'prorsus
1651 584 1840 624 ardentis.

69 643 309 685 Deserentes
339 645 460 698 ipsam
491 645 689 699 protinuS‚
722 645 819 685 tanti
851 645 941 684 mali
967 645 1172 686 confinium
1198 644 1271 684 sibi
1295 643 1411 684 etiam
1435 641 1580 682 eximie
1604 647 1840 689 metuentes,

70 700 184 741 flatus
215 701 316 741 alitis
347 701 512 755 impulsu
542 702 655 742 solito
681 708 882 755 porrectae
908 715 1023 756 super
1047 701 1244 756 scopulum
1269 700 1372 740 illico
1396 698 1545 753 pernici
1569 710 1611 737 se
1635 697 1729 749 fuga
1753 710 1844 750 pro-

69 817 260 855 cunctisque
273 817 349 846 istis
363 818 461 846 suciis
473 820 547 847 F.3.
562 821 597 847 G.
610 820 674 848 1.·2.
687 819 769 846 D.P.
779 819 851 847 etF.
865 826 905 846 ex
918 821 1024 847 collat.
1040 819 1080 847 ad
1092 825 1192 852 marg.
1209 818 1355 846 ed.Colv.
1370 816 1426 852 (In
1437 812 1667 850 Lindenbrogii
1681 812 1843 846 excerptis

68 863 150 892 nihil
163 865 362 892 emendatum
377 863 444 898 est]
458 867 484 892 et
501 864 533 892 in
548 864 695 892 omnibus
708 864 859 892 edd.x·ett.
875 871 936 900 que
949 866 1038 892 abest
1053 871 1070 892 a
1085 863 1107 891 f.
1143 864 1204 891 Pro
1219 862 1317 890 sociis
1330 863 1423 890 habet
1437 862 1473 889 B.
1499 866 1599 896 ocyus
1612 862 1645 887 ut
1659 859 1755 887 etiam
1768 858 1803 886 F.
1814 858 1842 885 1.

65 907 102 936 in
116 909 189 936 coll.
201 909 294 937 Lind.
309 909 421 945 apibus
435 917 470 937 π.
485 910 519 937 Ο.
566 908 642 936 isus
656 911 745 937 abest
761 909 793 936 in
808 910 855 937 ed.
871 908 959 937 Colv.
1009 911 1115 936 tecum
1129 907 1262 936 rebusB.
1277 908 1359 935 Elm.
1373 906 1493 935 Florid.
1540 904 1688 942 fugemus
1700 903 1735 932 P.
1783 900 1844 930 lto-

67 952 188 981 minum
203 954 237 981 G.
254 952 282 981 1.
297 961 317 982 a
330 962 369 982 m.
384 962 413 988 p.

146 995 333 1035 flammata
348 1000 382 1027 G.
400 1000 427 1026 1.
443 1006 461 1027 a
475 1006 515 1026 m.
531 1007 559 1033 p.
608 998 754 1025 rv'sstera
769 999 803 1027 G.
821 1000 847 1028 1.
863 1005 934 1027 am.
951 1006 979 1032 ρ.
1025 998 1100 1034 ipsa
1113 998 1148 1026 F.
1162 999 1192 1025 3.
1216 997 1322 1033 ipsam
1336 997 1371 1024 F.
1387 997 1416 1023 1.
1430 992 1457 1024 ὃ.
1474 996 1556 1029 quod
1569 995 1648 1023 Oud.
1661 995 1787 1027 probat,
1815 991 1844 1021 st

64 1043 224 1079 legeretur
226 1041 409 1080 flammam
426 1043 549 1070 τίει-θη
562 1046 613 1072 vel
617 1040 810 1080 flammatis
829 1042 1019 1070 visceribus.
1032 1045 1069 1071 In
1083 1046 1154 1071 cett.
1169 1042 1270 1078 ipsae.
1300 1039 1500 1068 disserentes
1511 1042 1594 1068 lunt.
1604 1041 1634 1068 2.
1670 1036 1844 1065 consilium

65 1095 122 1122 pro
141 1086 318 1118 confinium
332 1090 368 1117 R.
383 1089 403 1116 f.
419 1086 446 1116 ὃ.
460 1089 572 1117 venet.
588 1090 617 1116 4.
637 1089 740 1117 Paris.
754 1089 855 1116 Basil.
874 1089 899 1116 1.
921 1090 1007 1115 Male
1026 1089 1186 1116 stewech.
1207 1089 1246 1115 ab
1266 1085 1448 1115 adulterina
1466 1092 1564 1113 mann
1585 1087 1613 1112 et
1628 1081 1800 1110 consilium
1813 1084 1845 1109 et

65 1129 318 1168 confim'umesse
333 1137 431 1167 putat.
467 1132 630 1162 e.2·7'7111'1'D.
645 1141 665 1162 a
677 1141 717 1162 m.
731 1141 760 1167 p.
781 1130 877 1169 flatu
891 1130 920 1160 ὃ.
935 1130 1052 1168 flatus
1065 1130 1182 1159 halim
1194 1133 1276 1160 Iunt.
1289 1132 1320 1159 2.
1338 1131 1413 1158 Ald.
1428 1127 1534 1166 statis
1546 1131 1627 1158 Iunt.
1643 1130 1672 1157 1.
1685 1129 1799 1157 Vellet.
1812 1128 1844 1155 2.

63 1179 150 1206 unde
163 1179 252 1207 Colv.
267 1180 410 1207 emendat
420 1175 548 1215 flantis
558 1201 565 1211 ,
591 1175 801 1214 Oud.-flantis
817 1175 955 1205 laalz'lus.
1003 1175 1102 1204 solito
1117 1179 1207 1206 abest
1222 1183 1242 1205 a
1253 1177 1289 1205 P.
1314 1173 1412 1203 solite
1425 1176 1462 1203 D.
1505 1173 1638 1211 pernici
1649 1180 1683 1201 se
1694 1174 1733 1202 D.
1764 1179 1845 1209 per-

63 1222 283 1262 m'ciosefuga
293 1225 375 1252 lunt.
392 1225 420 1251 1.
457 1223 551 1262 fuga
563 1230 598 1250 se
609 1231 639 1258 p.
653 1220 682 1251 δ.

121 1322 354 1374 cunctisque
376 1322 460 1360 istis
483 1322 602 1361 sociis
626 1326 753 1360 tecum
770 1321 923 1360 relatis.

63 1376 304 1428 Magnopere
327 1378 388 1415 hic
413 1377 521 1415 locus
544 1378 654 1415 torsit
677 1378 920 1428 interpretes,

63 1435 300 1478 nescientes,
333 1433 424 1484 quid
458 1435 532 1471 sibi
567 1434 661 1471 velit
691 1433 920 1472 vocabulum

62 1491 190 1529 sociis.
244 1489 423 1528 Omnium
457 1489 727 1528 ridiculissime
764 1490 921 1540 exponit

61 1545 246 1585 Beroald.
272 1550 310 1584 et
334 1545 512 1584 Orleans.
533 1546 582 1584 ad
603 1545 723 1585 Tacit.
738 1546 879 1585 Annal.
895 1544 922 1583 l.

62 1615 100 1654 p.
127 1606 190 1642 85.
213 1603 466 1654 familite‘um,
491 1616 563 1640 nec
586 1603 716 1641 tactile
740 1616 811 1641 nec
837 1603 923 1640 visi·

61 1659 151 1697 bile.
199 1658 277 1697 Alii
297 1658 452 1696 codices
466 1660 652 1710 praebent
667 1661 794 1705 ocius,
822 1658 924 1710 quod

62 1713 163 1754 Oud.
189 1719 326 1760 tuetur,
352 1715 384 1754 S
406 1729 454 1753 ex
478 1715 725 1766 praecedenti
750 1717 835 1755 istis
859 1715 923 1752 ad-

60 1771 243 1810 haesisse
256 1772 339 1810 voci
355 1773 465 1811 ocius
483 1772 720 1811 existimans.
745 1771 833 1818 Qua
845 1785 919 1809 non

61 1827 270 1873 intellecta,
280 1827 422 1879 opibus
435 1827 594 1866 dedisse
608 1829 783 1867 librarios
791 1827 921 1866 Oxon.

61 1888 101 1922 et
124 1882 212 1923 Par.
259 1883 350 1935 lpse
373 1897 465 1922 vero
492 1897 577 1923 cum
602 1885 677 1923 alio
704 1885 781 1923 viro
807 1884 920 1922 docto

58 1940 205 1979 mavult
215 1941 327 1992 yazis
339 1939 402 1977 vel
416 1942 564 1992 copiis,
591 1941 692 1991 quod
708 1954 790 1979 cum
803 1942 922 1979 sociis

61 1996 243 2036 confundi
267 1997 504 2034 demonstrat
525 2010 573 2034 ex
587 1996 699 2035 Caes.
714 1996 759 2035 Β.
775 1996 821 2035 G.
835 1995 920 2034 vll.

61 2057 127 2093 54.
158 2051 260 2104 [Ego
280 2053 400 2091 sociis
417 2053 585 2092 retinens
605 2066 748 2104 sequor
762 2052 920 2103 Sciopp.

60 2110 97 2147 in
129 2108 247 2159 Susp.
278 2107 306 2146 Ι.
337 2112 402 2148 20.
438 2110 689 2154 sententiam,
726 2108 789 2158 qui
828 2122 923 2159 opes

58 2165 159 2203 innui
197 2164 302 2210 dicit,
343 2164 474 2202 socias
509 2178 643 2203 secum
679 2164 921 2203 auferendas.

59 2220 117 2259 lta
142 2220 255 2259 lectio
280 2233 355 2258 non
380 2220 623 2259 sollicitanda
647 2225 708 2259 est
720 2219 920 2271 vegenll.

60 2281 99 2316 7.
112 2277 333 2329 colliyalas
346 2290 478 2316 secum.
492 2280 655 2329 fasces
674 2277 923 2328 pertrahunt

58 2334 237 2378 socios,
261 2333 325 2370 ubi
349 2331 450 2370 Oud.
476 2333 591 2372 etiam
617 2335 728 2373 ocius
751 2332 924 2385 praefert

58 2388 148 2428 Val.
163 2388 293 2427 Flacc.
314 2387 378 2426 ΙΙΙ.
399 2392 487 2430 161.
512 2391 649 2428 socia
671 2390 743 2428 secl
767 2390 923 2428 disiicit

59 2447 226 2497 aymina
246 2445 364 2485 clava
382 2445 404 2483 i.
425 2457 457 2483 e.
478 2458 591 2497 quam
611 2458 766 2496 semper
785 2457 919 2483 secum

57 2500 229 2540 habebat
252 2501 466 2554 comiteur]

114 2558 320 2596 hominem.
357 2556 577 2596 Beroaldus
601 2558 782 2596 observat
800 2558 920 2596 homi-

57 2626 144 2653 nem
167 2613 230 2652 hic
253 2613 326 2651 dici
351 2613 401 2651 de
422 2615 578 2665 femina
602 2615 817 2665 probatque
843 2612 920 2653 Cic.

58 2668 659 2721 locoEpist.adDivers.1V.5.§.
669 2674 704 2710 4.
723 2670 922 2716 Quoniam

58 2727 160 2764 Ιιοηι
171 2740 194 2764 ο
211 2730 309 2765 nata
328 2731 426 2764 erat.
442 2724 538 2764 Cios.
548 2730 587 2764 et
599 2726 727 2764 Burm.
741 2726 791 2764 ad
805 2725 916 2764 Ovid.

56 2781 156 2828 Met.
178 2780 283 2820 XIII.
309 2785 402 2821 405.
429 2782 479 2820 de
503 2782 683 2820 Hecuba:
720 2782 917 2821 Perdidit

57 2838 210 2890 infelix
234 2837 438 2877 hominis
459 2844 556 2890 post
581 2839 713 2876 omnia
730 2840 917 2890 formam.

60 2891 285 2945 [Iuven.VI.
308 2895 402 2936 284.
431 2894 512 2932 Sed
537 2894 612 2932 hoc
636 2893 919 2932 observandum

59 2952 139 2996 est,
163 2949 280 2989 Ιιοηιο
305 2950 355 2988 de
380 2950 522 2994 semina
545 2950 808 2988 tantiumnodo
834 2948 920 2997 dici,

58 3004 126 3043 ubi
143 3005 193 3043 ad
209 3018 334 3057 genus
351 3011 472 3045 totum
491 3007 711 3057 respicitur,
737 3007 795 3044 cui
816 3005 920 3045 aliud

61 3061 154 3111 quid
176 3062 416 3113 opponimus.
447 3062 503 3101 Ita
527 3062 707 3113 saepius,
733 3062 796 3100 ubi
822 3063 920 3102 deus

61 3119 101 3154 et
122 3116 240 3156 Immo
263 3117 324 3157 vel
357 3119 480 3160 bestia
502 3119 577 3158 sibi
600 3119 855 3170 respondent,
878 3123 920 3158 ut

978 1323 1109 1359 nostro
1134 1318 1241 1364 Ioco,
1267 1332 1342 1371 quo
1370 1317 1517 1368 Cupido
1556 1317 1654 1355 deus
1684 1316 1844 1354 marItus

979 1377 1181 1429 opponitur
1204 1374 1388 1427 Psychae
1414 1378 1527 1412 natae
1550 1371 1729 1423 homini.]

1037 1431 1123 1471 CAr.
1148 1431 1256 1470 XXI.
1299 1431 1375 1470 tali
1388 1444 1420 1468 v.
1435 1429 1626 1468 incendio
1638 1430 1843 1480 flammata

978 1490 1129 1529 vvt'scera
1151 1489 1303 1527 sororis
1321 1489 1403 1525 iam
1416 1500 1462 1538 p.
1483 1485 1573 1523 ard.
1610 1484 1844 1522 Desereutes

981 1547 1122 1598 ipsam.
1160 1543 1271 1583 Hanc
1284 1543 1488 1582 lectionem
1503 1554 1551 1579 ex
1565 1540 1718 1592 optimis
1732 1538 1843 1578 codd.

981 1602 1140 1640 restitui.
1187 1600 1300 1639 Bene
1324 1600 1398 1637 iam
1423 1597 1568 1636 monuit
1593 1595 1715 1642 Oud.,
1741 1594 1844 1634 male

982 1657 1068 1705 dici,
1104 1661 1146 1695 ut
1181 1658 1287 1709 prius
1324 1655 1643 1705 coniungebatur,
1688 1653 1844 1691 viscera

979 1715 1186 1768 flammata
1219 1713 1418 1757 deserere,
1453 1710 1556 1748 unde
1586 1708 1651 1748 ille
1683 1709 1846 1747 coniecit

977 1773 1182 1826 flammato
1215 1771 1374 1821 vIscere.
1422 1766 1532 1806 Bene
1563 1770 1690 1804 tamen
1718 1765 1845 1803 onmia

978 1842 1051 1866 suo
1076 1827 1162 1865 loco
1181 1829 1284 1864 stare
1304 1827 1487 1876 possunt,
1513 1823 1545 1861 si
1560 1825 1650 1873 post
1663 1821 1844 1859 ardentis

980 1885 1132 1935 signum
1156 1880 1447 1933 interpungendi
1474 1879 1597 1917 maius
1616 1877 1779 1929 ponitur,
1803 1880 1845 1913 ut

978 1945 1070 1979 sant
1104 1938 1333 1989 cogitatione
1376 1935 1596 1974 addendum
1632 1934 1700 1980 sit,
1740 1936 1781 1982 et
1821 1945 1844 1969 a

981 1996 1202 2035 deserentes
1259 2006 1360 2031 nova
1412 1991 1567 2043 incipiat
1620 1989 1843 2027 enuntiatio.

981 2052 1117 2103 Ipsam
1148 2064 1170 2087 e
1201 2049 1314 2089 codd.
1340 2048 1509 2087 Florent.
1541 2051 1574 2087 1.
1606 2049 1645 2084 et
1670 2044 1843 2083 d‘Orvill.

979 2121 1122 2158 recepi,
1139 2107 1278 2156 quibus
1292 2104 1504 2143 adsentitur
1516 2102 1562 2141 F.
1577 2107 1632 2147 3.,
1652 2102 1724 2140 nisi
1739 2101 1844 2152 qnod

980 2164 1070 2202 vitio
1096 2162 1235 2200 librarii
1259 2160 1405 2212 virgula
1431 2160 1577 2199 omissa
1602 2162 1681 2204 est,
1708 2171 1784 2209 qua
1808 2171 1844 2196 m

980 2218 1104 2258 littera
1129 2218 1253 2257 finalis
1279 2218 1315 2256 in
1340 2217 1454 2256 codd.
1478 2213 1745 2266 significatur]

1034 2277 1156 2329 flatus
1170 2275 1281 2314 alitis
1294 2273 1480 2326 impulsu.
1508 2269 1751 2324 [Fugitoud.
1762 2269 1843 2308 dili-

979 2332 1146 2383 gentiam
1161 2332 1378 2369 conlectura
1386 2329 1544 2367 Robert.
1554 2327 1642 2366 Titii
1653 2330 1717 2367 ⁴20.
1727 2326 1843 2364 locor.

982 2387 1228 2427 Controv.13.
1238 2387 1286 2425 ad
1295 2385 1379 2424 Liv.
1391 2384 1534 2423 XLIV.
1548 2387 1594 2424 21
1604 2382 1705 2433 .§.7.,
1716 2382 1777 2433 qui
1793 2382 1843 2420 ibi

979 2457 1271 2495 avespronares
1281 2441 1486 2494 legendum
1496 2454 1589 2479 esse
1599 2443 1745 2484 censet,
1756 2438 1845 2489 quia

978 2505 1109 2540 notum
1121 2500 1190 2545 sit,
1215 2499 1357 2550 globos
1371 2502 1559 2537 certarum
1573 2496 1698 2535 avium
1713 2494 1842 2544 aliquo

978 2557 1066 2595 ferri
1113 2556 1346 2607 quandoque
1393 2553 1649 2592 consuevisse
1700 2552 1845 2602 impetu

978 2617 1195 2659 ventorum,
1228 2625 1328 2663 quae
1353 2610 1602 2662 postmodum
1632 2611 1746 2645 vento
1775 2606 1842 2644 illo

980 2673 1180 2715 cessante,
1205 2668 1336 2706 statim
1361 2668 1409 2705 ab
1435 2666 1511 2704 illis
1540 2664 1654 2708 locis,
1680 2663 1844 2714 adquae

977 2726 1130 2765 fortuito
1150 2723 1306 2764 delatae
1332 2723 1481 2768 suerint,
1505 2720 1687 2759 recedant
1696 2735 1706 2767 3
1732 2719 1842 2758 excit.

978 2783 1102 2822 Strab.
1121 2782 1171 2820 V.
1196 2794 1233 2832 p.
1260 2784 1351 2821 221.
1388 2778 1506 2817 Arist.
1534 2777 1582 2815 de
1607 2775 1710 2814 Hist.
1730 2775 1779 2814 V.
1807 2779 1842 2816 9.

978 2838 1111 2877 Simile
1147 2840 1349 2889 peccatum
1383 2838 1493 2886 putat
1528 2834 1563 2871 in
1594 2835 1724 2870 nostro
1754 2829 1842 2870 loco

978 2909 1088 2941 esse,
1113 2898 1156 2933 ut
1179 2893 1347 2931 fortasse
1367 2904 1436 2941 pro
1457 2890 1657 2929 consensis
1674 2887 1844 2928 navibus

979 2950 1186 3002 legendum
1215 2949 1267 2987 sit
1291 2947 1445 2992 ατίΙιιιε,
1476 2950 1515 2984 et
1538 2959 1575 2996 p.
1602 2947 1693 2984 370.
1727 2945 1844 2997 quasi

979 3008 1030 3046 cle
1055 3011 1179 3045 morte
1200 3008 1416 3057 parentemn
1441 3001 1605 3054 aliquid
1630 3001 1842 3053 comper-[s-

978 3069 1053 3109 sei,
1077 3064 1212 3102 statim
1235 3073 1394 3099 navem
1420 3057 1658 3096 conscendit
1681 3069 1748 3107 pro
1775 3071 1843 3096 na-

976 3131 1258 3160 vem—arem.
1297 3115 1413 3161 Aves,
1440 3114 1546 3166 quod
1570 3114 1606 3152 in
1631 3111 1731 3152 Livii
1756 3111 1842 3152 loco
