2155 3590
631 114 816 154 LIBER
849 114 924 154 lx,
979 114 1101 154 sAP.
1132 114 1294 154 XXXI.
1798 114 1878 154 8:33

92 239 210 279 quae,
248 225 354 265 nullo
390 225 543 277 quidem
580 226 717 266 domus
752 226 1011 266 infortunium
1048 227 1274 275 nuntiante,
1316 233 1456 267 cuneta
1494 233 1707 279 cognorat.
1748 226 1816 266 sed
1842 227 1876 265 ei

91 295 160 335 per
183 281 349 334 quietem
375 281 514 320 obtulit
537 294 624 322 sese
650 282 788 322 flebilis
815 283 934 336 patris
960 282 1019 323 sui
1047 283 1190 332 facies,
1219 283 1343 322 adhuc
1368 283 1470 322 nodo
1495 283 1678 322 revincta
1704 282 1873 331 nervice,

89 338 201 390 eique
219 344 339 377 totum
363 350 557 377 novercae
577 338 704 378 scelus
724 339 897 392 aperuit,
926 339 972 378 de
991 339 1203 388 adulterio,
1232 339 1278 377 de
1291 338 1482 378 maleficio
1497 345 1536 378 et
1554 338 1876 391 quemadmodum

88 394 263 433 larvatus
294 394 342 433 ad
372 393 527 433 Inferos
559 394 791 434 demeasset.
841 394 904 434 Ea
929 409 1014 434 cum
1045 408 1088 435 se
1118 394 1268 434 diutino
1298 393 1488 447 plangore
1519 394 1755 444 cruciasset,
1784 408 1876 434 con-

88 463 206 489 cursu
230 449 481 489 familiarium
507 449 698 501 cohibita,
725 451 882 491 tandem
907 464 1067 504 pausam
1094 450 1214 490 luctui
1239 450 1346 489 fecit.
1398 448 1558 502 Iamque
1584 464 1688 489 nono
1715 451 1776 490 die
1800 450 1877 490 rite

87 506 286 559 completis
325 507 424 559 apud
462 505 646 545 tumulum
687 507 948 558 solemnibus,
985 505 1169 546 familiam
1209 505 1567 559 supellectilemque
1599 513 1638 545 et
1662 506 1793 546 omnia
1815 507 1875 546 iu-

84 568 215 601 menta
252 562 298 601 ad
324 561 599 602 hereditariam
626 563 781 603 deducit
803 563 1039 604 auctionem.
1089 562 1203 602 Tunc
1240 576 1359 602 unum
1389 562 1513 601 larem
1544 561 1654 601 varie
1687 562 1877 616 dispergit

84 617 318 658 venditionis
347 617 522 658 incertae
551 618 757 663 licentiosa
781 619 954 659 fortuna.
1005 618 1073 659 Me
1097 618 1262 671 denique
1286 618 1412 672 ipsum
1437 617 1694 672 pauperculus
1720 618 1874 670 quidam

83 733 309 773 infortunium
322 737 432 764 exulat
447 742 467 763 a
480 732 509 763 ὃ.
557 743 625 772 qua
646 736 694 764 ed.
716 743 761 770 pr.
775 736 903 765 Vicent.
915 736 1029 764 Venet.
1044 737 1074 765 2.
1122 737 1287 772 cognorat
1300 736 1336 764 F.
1351 736 1381 763 3.
1397 736 1433 763 G.
1448 736 1478 763 2.
1495 743 1523 769 p.
1560 735 1716 771 cognovit
1736 736 1772 762 G.
1796 736 1824 762 1.
1839 734 1872 761 11.

82 781 120 808 111
140 782 211 808 cett.
233 782 450 816 cognoverat.
497 778 606 807 adhoc
624 781 660 808 G.
682 782 711 810 2.
730 781 768 809 D.
806 779 912 808 adhec
925 777 955 809 δ.
1002 779 1160 808 devincta
1180 789 1209 815 p.
1246 780 1379 807 revicta
1401 782 1436 809 G.
1459 781 1489 808 1.
1523 782 1628 816 atque
1646 787 1703 813 pro
1723 778 1818 816 eique
1837 781 1872 807 0.

83 824 247 860 apparuit
260 826 296 853 G.
312 827 340 854 1.
388 824 542 853 laniatus
556 833 610 859 pro
624 823 783 853 larvatus
796 827 834 854 D.
881 832 923 853 ea
936 833 1009 853 cum
1023 832 1057 853 se
1071 825 1129 854 alii
1148 826 1237 854 codd.
1255 828 1404 854 monente
1423 826 1512 854 Colv.
1537 824 1695 858 Equidem
1713 824 1824 853 inveni
1840 825 1872 852 111

82 870 118 898 F.
133 871 163 898 3.
178 871 214 899 Β.
229 873 257 898 et
271 877 298 904 p.
313 871 361 899 ed.
376 878 420 904 pr.
434 871 559 899 Vivent.
572 872 684 899 Venet.
700 872 730 899 2.
742 872 827 899 lunt.
842 871 872 898 1.
885 873 917 899 2.
929 871 1004 899 Am.
1029 872 1064 899 In
1078 874 1149 898 cett.
1168 873 1204 896 et
1220 878 1303 899 cnm.
1351 870 1544 898 concresset
1561 876 1617 904 pro
1634 869 1823 896 cruciasset
1843 867 1873 897 δ’.

83 921 225 943 occursu
234 916 268 943 B.
279 937 286 951 ‚
311 917 392 949 quod
408 917 488 944 Oud.
502 916 760 952 exnpraegressis
774 916 931 944 defendit:
948 914 1032 951 filio
1045 916 1214 947 occurrit,
1239 915 1293 943 ubi
1309 915 1418 949 optimi
1431 916 1520 943 codd.
1536 913 1694 942 accurrit
1705 917 1871 948 praebent.

81 961 167 988 unde
181 960 365 989 Seriverius
379 960 477 988 edidit
492 968 647 988 accursu.
673 961 726 989 Sic
739 961 837 989 etiam
849 961 1008 989 Pricaeus
1021 961 1054 989 in
1066 960 1152 989 notis
1169 965 1199 988 111
1214 968 1241 994 p.
1258 962 1332 988 663.
1358 967 1540 988 accurru
1548 962 1591 987 nl
1616 959 1738 986 moesti
1753 966 1871 995 suppe-

83 1005 175 1040 &1185
200 1013 230 1040 p.
250 1007 325 1034 065.
351 1007 387 1032 uc
413 1004 689 1033 accurrentz‘u
699 1013 729 1031 m
753 1005 856 1032 etiam
866 1004 1101 1044 familiarimn
1119 1013 1220 1032 mmm
1241 1004 1468 1033 se.l1·berarec.
1507 1002 1730 1045 familiarum
1744 1005 1871 1033 Viceur.

81 1049 195 1079 Venet.
213 1052 244 1079 2.
263 1052 347 1078 lunt.
371 1051 396 1078 l.
415 1051 490 1079 Ald.
530 1049 657 1089 facere
675 1051 744 1079 edd.
765 1053 840 1079 vett.
860 1054 986 1084 praeter
1003 1052 1087 1079 lunt.
1109 1052 1138 1079 2.
1160 1057 1262 1084 usque
1281 1051 1320 1079 ad
1343 1051 1501 1079 Colvium.
1557 1048 1761 1087 supeletilem
1781 1051 1817 1078 G.
1845 1051 1869 1077 Ι.

80 1095 246 1122 actionem
261 1092 290 1124 δ’.
303 1104 333 1130 p.
348 1097 396 1124 ed.
411 1103 457 1129 pr.
471 1095 594 1124 Vicent.
609 1096 723 1124 Venet.
736 1096 768 1124 2.
816 1095 1006 1123 auctionem
1020 1094 1074 1123 vel
1083 1095 1279 1131 emptionem
1294 1097 1329 1124 G.
1348 1097 1374 1124 1.
1396 1104 1437 1124 ex
1451 1098 1574 1131 glossa.
1622 1093 1812 1122 lucentius-a
1831 1096 1870 1122 D.

79 1139 218 1168 licentia
231 1140 253 1170 f.
300 1139 409 1168 virum
423 1148 478 1175 pro
492 1148 592 1168 unum
605 1141 642 1168 L.
657 1137 686 1168 ὅ.
733 1139 839 1176 sptium
863 1147 927 1169 non
941 1144 1104 1175 comparet
1115 1140 1149 1168 in
1164 1141 1198 1168 0.
1247 1138 1376 1177 quidem
1391 1142 1473 1169 lunt.
1491 1142 1519 1169 1.
1535 1141 1610 1169 ΑΜ.

79 1251 154 1277 nec
183 1236 326 1277 Caenis
349 1238 396 1276 in
421 1237 550 1276 ullos
576 1238 824 1288 Denupsit
846 1238 943 1278 tha-

79 1294 226 1333 lamos
249 1293 494 1332 scribendum
514 1293 877 1347 essem-bitrabatur
901 1295 943 1333 in

79 1350 209 1402 quod,
236 1363 350 1400 quam
374 1351 606 1388 sententiam
631 1353 720 1388 ante
745 1362 833 1387 eum
856 1364 941 1401 pro-

77 1406 263 1444 baverant
303 1405 438 1444 Heius.
483 1406 531 1444 ad
575 1405 689 1443 Ovid.
730 1405 829 1443 Met.
856 1404 940 1444 Vll.

76 1465 170 1502 856.
200 1461 330 1500 Burni.
356 1462 406 1501 ad
430 1461 516 1500 XII.
545 1464 634 1502 196.
666 1465 706 1500 et
734 1461 784 1500 ad
809 1460 939 1507 Quint.

74 1517 190 1558 Dect.
215 1522 306 1559 338.
331 1533 368 1571 p.
384 1522 475 1558 701.
503 1517 580 1556 Cic.
606 1531 674 1569 pro
701 1517 936 1558 Coe1.c.14.

75 1573 178 1613 Oud.
202 1574 253 1613 ad
275 1573 420 1613 Lucan.
446 1573 510 1613 lll.
538 1578 601 1615 23.
629 1573 696 1627 [cf.
724 1573 866 1612 Deder.
887 1574 937 1612 ad

74 1630 176 1670 Dict.
203 1630 301 1670 Cret.
319 1630 384 1670 VI.
423 1635 458 1671 3.
496 1630 628 1669 Gloss
653 1644 690 1682 p.
723 1634 835 1676 372„
873 1630 937 1681 qui

73 1691 278 1740 praeterea
305 1686 433 1726 Plaut.
466 1686 635 1726 Trin.V.
667 1690 703 1727 2.
736 1690 774 1727 9.
809 1686 936 1725 affert:

73 1757 253 1783 sororem
272 1743 592 1795 despondisse
609 1744 658 1781 in
678 1747 770 1781 tam
785 1744 937 1793 fortem

70 1799 283 1850 familiam.
318 1799 581 1838 Nihilominus
595 1798 775 1850 equidem
788 1799 934 1837 retineo

73 1855 277 1894 lectionem
301 1856 345 1894 in
372 1869 464 1908 quo,
489 1869 589 1907 quae
614 1869 687 1893 non
713 1854 841 1893 solum
866 1854 934 1893 dif-

71 1911 203 1950 ficilior
220 1911 295 1950 sed
313 1911 362 1950 ad
383 1911 457 1950 loci
475 1912 706 1950 sententiam
725 1913 848 1961 aptior
862 1915 934 1949 est.

73 1967 123 2006 In
153 1967 355 2020 familiam
386 1967 447 2004 vel
471 1969 513 2006 in
545 1968 706 2006 domum
730 1968 878 2006 nubere
902 1980 934 2005 s.

72 2023 275 2063 denubere
298 2024 323 2061 ii
347 2023 448 2060 bene
473 2024 662 2069 dicuntur,
689 2023 751 2073 qui
772 2023 806 2061 in
829 2023 934 2061 sami-

72 2078 161 2117 liam
176 2080 286 2130 quasi
300 2080 549 2124 introeunt,et
558 2081 640 2118 eius
649 2080 740 2117 fiunt
751 2080 934 2125 membra,

71 2137 124 2174 ita
141 2139 183 2173 ut
202 2135 275 2174 diei
294 2140 461 2186 nequeat
481 2137 522 2174 in
545 2136 710 2186 fann'lia
734 2135 935 2175 denubere

70 2192 230 2237 femina,
267 2205 367 2243 quae
403 2193 637 2230 matrimonio
675 2205 760 2230 cum
792 2191 936 2230 familia

70 2248 237 2299 quadam
252 2248 506 2298 coniungitur,
531 2252 572 2286 ut
592 2261 662 2286 nos
677 2261 831 2298 quoque
845 2248 935 2286 dici·

69 2317 175 2342 mus:
200 2304 287 2343 sicli
300 2306 342 2343 in
360 2305 446 2344 eine
463 2305 500 2343 F
496 2305 630 2344 amilie
642 2303 933 2343 verhec‘ratlzen.

72 2360 155 2399 Sed
183 2361 284 2399 bene
314 2360 404 2399 ferri
427 2364 560 2413 potest
584 2361 795 2405 ablativus,
825 2361 859 2398 si
883 2359 934 2398 de

70 2415 158 2455 loco
184 2430 312 2455 sermo
339 2420 418 2464 est3
445 2430 676 2468 quamquam
695 2416 757 2455 hic
776 2428 933 2467 quoque

69 2473 314 2512 accusativus
329 2487 402 2512 non
417 2474 661 2524 improbatur,
680 2476 720 2511 ut
733 2485 821 2510 nos:
847 2471 934 2512 sicle.

70 2530 112 2568 in
137 2531 246 2568 einer
267 2530 393 2569 Stadt
414 2530 693 2568 verleeiratleen
718 2532 757 2566 et
779 2529 864 2568 sich
889 2529 932 2566 in

71 2586 156 2624 elne
186 2586 311 2625 stadt
339 2586 624 2625 verlieiratlzen.
671 2584 729 2623 Ita
752 2588 844 2636 puto
870 2584 933 2622 hic

68 2641 291 2681 vertendum
310 2655 420 2680 esse:
445 2656 518 2682 aus
537 2643 627 2681 dem
644 2641 837 2680 niiclesten
860 2640 932 2680 Ca-

69 2697 174 2745 stell,
205 2699 247 2736 in
276 2698 461 2738 wele-leem
490 2699 546 2737 sie
574 2697 661 2736 siclt
688 2711 762 2735 vor
786 2697 932 2748 lansser

72 2753 160 2792 Zeit
185 2754 452 2794 rerlzeiratlwt
481 2755 611 2799 hatte;
647 2756 686 2791 et
715 2754 768 2791 ita
796 2752 931 2790 defen-

70 2808 235 2848 dendum
266 2810 392 2849 locum
425 2810 552 2857 Quint.
583 2809 693 2848 Decl.
720 2812 831 2854 338.,
867 2809 930 2846 11111

71 2864 182 2902 codd.
213 2865 359 2905 firmant
393 2867 637 2917 scripturam:
675 2865 792 2904 Haec
828 2865 931 2904 enim

73 2922 248 2972 quamvis
270 2925 454 2963 maritum
480 2923 626 2962 habere
651 2922 847 2967 desiisset,
873 2925 930 2960 at-

73 2989 149 3028 que
172 2982 270 3017 esset
291 2992 339 3018 εα
362 2980 503 3023 domo,
534 2980 576 3017 in
603 2993 694 3031 qua
718 2978 836 3030 viryo
860 2991 930 3016 nn-

67 3038 230 3083 pserat,
255 3035 396 3086 pulsa,
434 3036 496 3074 ubi
530 3035 697 3073 Gronov.
729 3037 769 3071 et
797 3033 927 3071 Burm.

68 3092 110 3126 ‘In
138 3102 253 3140 qnam
278 3091 364 3128 sine
389 3092 467 3129 ulla
493 3104 634 3129 caussa
666 3090 927 3127 emendarunt.

1001 1239 1104 1278 Nam
1135 1252 1301 1278 caussae
1336 1243 1522 1289 patronus
1559 1238 1594 1276 id
1633 1238 1869 1289 praeeeteris

999 1308 1159 1333 monere
1191 1295 1288 1339 vult,
1320 1308 1369 1333 ne
1400 1295 1476 1333 hoc
1507 1294 1680 1344 quidem,
1712 1294 1815 1344 quod
1846 1307 1869 1330 e

999 1351 1116 1389 domo
1146 1355 1224 1388 tam
1256 1351 1320 1389 diu
1351 1355 1390 1388 et
1419 1351 1510 1389 inde
1536 1351 1584 1389 ab
1611 1350 1753 1400 nuptiis
1777 1363 1867 1401 pos-

997 1421 1115 1445 sessa
1141 1406 1255 1445 vidua
1280 1407 1392 1444 fuerit
1423 1407 1566 1450 eiecta,
1601 1406 1867 1444 tantummodo

997 1464 1033 1501 ei
1047 1463 1277 1501 detrimento
1293 1475 1398 1506 esse,
1409 1462 1637 1514 quamquod
1652 1462 1728 1499 11110
1743 1466 1868 1499 morte

996 1521 1047 1558 sit
1071 1520 1217 1557 orbata.
1266 1519 1482 1558 Denubere
1500 1522 1541 1556 111
1559 1519 1708 1558 nubere
1728 1517 1788 1555 hic
1802 1518 1867 1555 ab·

995 1575 1126 1614 solute
1151 1577 1320 1626 positum
1346 1579 1428 1621 est,
1461 1588 1576 1626 quem
1602 1586 1714 1612 usum
1743 1574 1861 1612 lexicn

994 1632 1093 1671 Satis
1118 1631 1300 1683 firmant]

1045 1724 1125 1763 per
1140 1710 1309 1762 quietem
1326 1711 1481 1750 obtulit.
1531 1708 1646 1760 [Prie.
1667 1714 1866 1760 comparat

995 1765 1126 1813 Quint.
1157 1766 1269 1804 Deci.
1297 1771 1394 1807 315:
1431 1766 1562 1805 stabat
1593 1770 1686 1804 ante
1724 1765 1864 1805 oculos

992 1823 1194 1862 laceratus
1207 1827 1245 1860 et
1257 1823 1396 1862 adhuc
1410 1826 1597 1861 cruentus
1605 1826 1729 1873 pater
1739 1826 1862 1860 osten-

993 1879 1195 1930 debatque
1219 1881 1344 1931 effusa
1369 1878 1527 1922 vitalia,
1553 1879 1616 1928 qui
1641 1877 1750 1916 locus
1776 1891 1861 1915 cum

993 1938 1126 1973 nostro
1141 1934 1314 1972 defendit
1328 1934 1453 1972 locum
1463 1932 1559 1972 Met.
1575 1947 1609 1985 p.
1620 1937 1712 1974 530.
1727 1934 1863 1973 sanie

994 1995 1211 2030 cruentam.
1221 1989 1238 2043 ]

1050 2058 1244 2097 larvatus.
1289 2057 1329 2109 [i.
1345 2071 1377 2095 e.
1393 2071 1413 2096 a
1430 2057 1547 2095 lauis
1561 2057 1820 2108 expugnatus
1822 2062 1859 2095 et

992 2113 1226 2152 stimulatus.
1252 2114 1297 2152 cf.
1314 2113 1465 2151 Fiimic.
1480 2113 1566 2152 adi.
1582 2114 1704 2152 Math.
1714 2113 1777 2152 111.
1797 2119 1857 2154 14.

995 2171 1033 2209 Γ
1029 2169 1258 2209 ascmantes
1272 2170 1466 2215 mulieres,
1493 2183 1599 2222 qnae
1614 2171 1735 2209 etiam
1749 2171 1861 2220 ipsos

992 2231 1106 2266 artus
1136 2226 1272 2265 larva
1282 2227 1326 2264 ri
1361 2239 1412 2264 oc
1445 2227 1649 2276 fascinari
1681 2227 1856 2276 saciant.

992 2281 1089 2320 Prie.
1100 2282 1244 2321 excitat
1258 2281 1628 2332 veteremlnscript.:
1645 2282 1733 2321 Nec
1747 2283 1858 2321 laem

991 2352 1065 2377 nec
1079 2336 1255 2377 lacrimis
1269 2339 1415 2377 misera
1434 2352 1485 2377 ac
1504 2337 1521 2375 l
1526 2351 1607 2376 arr
1617 2343 1698 2377 ata
1717 2343 1856 2376 nostra

990 2395 1175 2447 defleatis
1185 2395 1338 2445 funera
1352 2398 1391 2433 et
1411 2393 1545 2432 Gloss.
1567 2392 1698 2445 Cyl-ill.
1713 2407 1748 2445 p.
1765 2398 1857 2434 420.

992 2448 1235 2501 δαιμονισμός
1260 2450 1455 2496 larvatus,
1488 2451 1552 2488 11111
1579 2450 1754 2490 larvatio
1779 2463 1856 2487 ma-

991 2507 1073 2545 vult
1086 2505 1185 2545 Prie.
1200 2506 1261 2544 vel
1276 2508 1406 2558 potius
1425 2504 1736 2556 δαιμονιζόμενος.
1774 2505 1854 2555 Ego

992 2561 1172 2603 lanatus
1196 2576 1264 2614 pro
1291 2562 1534 2601 substantivo
1561 2562 1771 2601 habuerim.
1781 2561 1797 2614 ]

1045 2655 1156 2680 nono
1193 2642 1263 2680 die
1296 2643 1374 2680 rite
1411 2642 1631 2693 completis.
1681 2640 1854 2679 Glossm

989 2695 1144 2736 Philox.
1169 2711 1205 2748 11.
1236 2701 1332 2737 144:
1370 2695 1504 2736 ἕννατα
1528 2695 1586 2735 fin?
1611 2697 1744 2749 νεκροῦ
1768 2694 1854 2747 (276-

987 2767 1100 2803 μενιις
1123 2753 1266 2792 Donat.
1293 2754 1343 2792 ad
1369 2752 1524 2791 Terent.
1549 2752 1706 2791 Ρ1101·.111
1730 2751 1758 2791 Ι.
1786 2757 1854 2793 16;

987 2809 1038 2848 In
1056 2811 1210 2861 nuptiis
1234 2811 1352 2848 etiam
1378 2811 1568 2861 septimus
1592 2810 1679 2847 dies
1703 2811 1854 2849 instau—

987 2867 1188 2904 rationem
1220 2866 1303 2904 υοΐί
1341 2866 1478 2910 lmbet,
1521 2866 1565 2904 nt
1599 2866 1647 2903 in
1682 2866 1856 2915 funere

989 2934 1143 2961 nonus
1168 2921 1292 2961 dies.
1327 2935 1408 2973 quo
1427 2922 1666 2972 parentalia
1692 2921 1855 2961 conclu-

989 2978 1153 3017 dantur.
1204 2976 1305 3028 [lntt.
1326 2977 1377 3015 ad
1396 2977 1488 3015 Hor.
1509 2975 1773 3027 Epod.Xth.
1789 2982 1853 3017 48.

989 3034 1098 3071 Serv.
1125 3032 1173 3072 ad
1190 3033 1294 3079 Yirg.
1317 3033 1413 3070 Aen.
1431 3033 1477 3070 V.
1494 3037 1560 3072 64.
1586 3033 1709 3072 Voss.
1724 3033 1853 3083 Etym.

987 3103 1069 3128 s.v.
1096 3089 1262 3140 noemin]

1536 3144 1587 3185 53
