2155 3590
715 113 901 153 LIBER
924 113 997 153 lx,
1057 112 1185 153 CAP.
1214 111 1264 152 X.
1767 109 1848 153 771

76 226 194 267 tutari
222 225 414 266 terrerive
439 232 620 279 potuere,
653 227 721 267 sed
752 226 974 266 *mendoso
999 225 1120 265 *risu
1152 223 1402 264 cavillantes:
1437 220 1520 271 En,
1553 220 1753 274 inquiunt,
1787 220 1848 260 in-

75 283 212 336 dignae
236 282 294 321 rei
319 282 590 321 scaevitatem!
620 296 731 334 quam
758 281 930 336 plerique
954 281 1130 322 insontes
1154 278 1425 334 periclitantur
1443 277 1639 318 homines!
1663 275 1849 332 lpropter
1872 282 1937 316 612

75 338 227 379 unicum
252 337 470 386 caliculum,
499 351 610 390 quem
625 336 750 378 Deum
775 345 901 378 mater
924 338 1052 378 sorori
1077 350 1170 377 snae
1195 334 1304 375 Deae
1329 333 1470 388 Syriae
1494 332 1683 387 hospitale
1707 346 1847 372 munus

73 394 230 444 obtulit,
269 394 412 434 noxios
446 393 650 448 religionis
676 393 871 434 antitistes
903 394 950 434 ad
980 393 1188 434 discrimen
1212 390 1349 432 vocari
1373 388 1525 444 capitis.
1576 387 1660 428 Has
1685 394 1725 428 et
1749 388 1845 428 alias

71 518 247 558 consulati
267 521 393 551 Viceni.
442 524 532 549 terre
555 521 626 549 rice
651 524 685 550 G.
716 524 742 551 i.
789 520 900 550 u'edoso
913 524 949 550 L.
986 519 1139 549 mendaci
1159 521 1253 549 Fulv.
1278 527 1295 548 e
1318 517 1513 547 coniectura.
1558 513 1621 543 hen
1640 517 1676 545 G.
1693 516 1721 544 1.
1758 522 1797 543 eu
1815 522 1846 550 p.

68 563 204 623 n‘ndae‘glssz
216 592 252 619 G.
275 592 302 618 1.
350 590 549 616 saevitatem
563 590 599 618 Β,
614 586 642 617 δ.
656 594 684 618 e(
699 590 767 618 edd.
781 592 857 618 vett.
870 597 971 623 usque
985 589 1026 616 ad
1039 588 1129 617 Colv.
1141 588 1238 616 solita
1249 585 1451 615 aberratione
1463 583 1503 612 cf.
1518 583 1557 612 ad
1571 585 1648 611 Met.
1660 583 1715 610 m.
1728 590 1757 616 p.
1775 583 1848 611 198.

69 634 268 662 scuruatem
286 636 323 663 G.
347 636 374 662 1.
410 635 627 661 securitatem
646 636 681 663 P.
701 636 736 663 Ο.
771 634 968 662 scenitatem
989 635 1026 662 G.
1046 635 1077 662 2.
1095 634 1134 661 D.
1182 640 1250 668 qua
1269 632 1304 659 G.
1326 632 1353 659 1.
1374 631 1405 657 2.
1425 630 1459 658 Ο.
1478 629 1515 657 Ρ.
1533 629 1571 656 Ι).
1590 629 1628 656 R.
1643 627 1666 656 f.
1680 623 1710 654 δ.
1733 628 1848 655 Incert.

63 676 261 716 plerumque
278 681 313 708 G.
336 680 364 707 1.
384 680 413 707 ⁶2.
433 680 468 707 O.
488 681 524 708 P.
543 681 582 708 D.
601 680 637 707 1..
657 681 693 708 R.
716 679 736 707 f.
756 681 792 708 B.
807 687 836 713 p.
849 676 975 707 afilani.
989 679 1019 706 2.
1067 678 1216 704 insontes
1229 677 1338 705 exulat
1353 682 1374 703 a
1387 675 1422 703 Ρ.
1469 671 1646 700 caliculum
1658 669 1695 699 F.
1712 673 1741 699 1.
1760 679 1790 705 p.
1810 672 1847 700 Β.

68 727 96 751 01
117 725 187 753 edd.
205 728 280 753 vett.
300 732 403 758 usque
423 725 463 752 ad
484 725 573 752 Colv.
612 722 822 751 Cantharam
844 729 1037 758 quamquam
1054 723 1153 751 etiam
1171 722 1206 750 in
1218 722 1254 749 F.
1268 722 1298 749 3.
1313 722 1464 748 contextu
1477 717 1657 753 invenitur,
1682 716 1763 744 utin
1776 719 1848 743 cett.

68 769 157 797 codd.
172 773 200 797 et
215 770 301 798 edd..
326 769 360 797 in
380 769 526 803 margine
543 773 647 797 lamen
667 772 706 797 ab
727 770 838 797 eadem
856 776 951 796 manu
977 767 1194 801 conscriptum
1217 770 1265 794 est
1289 763 1480 792 caliculum.
1515 769 1602 800 qnae
1615 759 1708 788 deum
1723 757 1752 789 δ.
1788 757 1848 787 do-

67 813 150 840 mini
172 817 284 841 mater
303 815 372 842 edd.
393 818 469 842 velt.
490 822 592 847 usque
612 815 651 842 ad
672 814 761 842 colv.
781 818 907 847 praeter
925 815 1008 841 lunt.
1029 814 1058 841 2.
1107 810 1188 838 deae
1207 811 1242 839 F.
1265 812 1294 838 1.
1314 811 1346 838 3.
1366 811 1402 837 G.
1424 810 1452 837 1.
1471 809 1503 836 2.
1522 809 1557 836 0.
1571 808 1608 835 Ρ.
1622 803 1651 835 δ.
1665 807 1703 834 D.
1717 813 1753 834 π.
1767 805 1848 833 con.

66 859 163 888 voss.
190 861 300 888 [neeri.
326 863 354 886 01
379 860 526 886 Eimenh.
552 866 640 892 seqq.
661 859 726 886 iam
745 859 842 886 tacite
865 854 1086 886 inseruerunt.
1110 858 1146 884 In
1167 858 1239 883 0011.
1259 855 1468 884 desideratur.
1515 851 1674 880 innoxios
1698 848 1849 879 Floridu's

67 903 164 932 tacite
200 905 337 937 recepit,
374 904 585 938 probantibus
608 904 640 931 id
666 904 762 931 etiam
789 903 922 931 Bramio
948 906 976 930 01
1003 902 1151 930 Pricaeo.
1174 902 1272 928 Inuuo
1296 900 1330 928 in
1356 900 1436 928 Coll.
1459 899 1557 926 voss.
1582 899 1671 925 clare
1695 895 1742 923 ita
1764 894 1849 930 legi-

66 951 127 977 tur.
151 951 188 977 In
201 953 273 977 0011.
288 949 419 977 noa-ios.
455 946 653 975 anthitistes
667 949 702 977 G.
719 949 747 975 1.
785 945 1025 974 addis-veracius
1040 947 1075 974 G.
1093 947 1120 974 1.
1135 949 1163 973 et
1176 945 1248 973 sine
1261 944 1356 973 dubio
1371 943 1467 972 etiam
1481 943 1516 971 0.
1526 963 1534 979 ,
1552 949 1632 977 quos
1645 938 1850 968 dt'sseratum

66 995 184 1022 habere
204 994 283 1022 Oud.
302 1001 343 1022 ex
361 993 588 1021 collationibus
606 993 678 1020 suis
697 992 838 1027 protulit.
887 991 1050 1019 coc-uritis
1068 992 1104 1019 B.
1119 999 1150 1025 p.
1164 990 1276 1019 et'edd.
1295 993 1370 1018 ante
1387 987 1546 1017 Colvium.
1570 989 1608 1015 In
1627 989 1700 1014 cett.
1717 982 1848 1012 vocari.

65 1038 182 1065 vocati
193 1035 222 1067 δ.
269 1037 322 1065 ln's
342 1041 375 1064 et
393 1036 472 1065 aliis
491 1036 652 1065 sn'tm'li'bus
670 1036 812 1075 afunm's
823 1037 971 1075 frustra
991 1035 1197 1063 ablaterat&
1216 1035 1251 1063 F.
1265 1035 1294 1063 3.
1315 1035 1372 1062 sed
1391 1041 1432 1061 ex
1444 1032 1660 1067 correctione,
1685 1030 1762 1064 quid
1773 1036 1851 1058 vero

64 1083 155 1117 prius
168 1084 202 1112 in
215 1089 250 1111 eo
266 1083 477 1117 perscriptum
491 1082 602 1118 fuerit,
627 1082 782 1111 librarius
796 1084 847 1110 vel
862 1083 1051 1117 dignoscere
1063 1088 1126 1108 non
1139 1079 1240 1114 potuit
1252 1081 1305 1107 vel
1319 1079 1504 1107 adscribere
1517 1076 1634 1105 omisit.
1681 1073 1746 1102 has
1759 1073 1850 1102 alias

64 1127 188 1155 similes
202 1127 351 1167 affonas
363 1127 503 1163 frustra
515 1126 764 1154 abblatm-antis
783 1127 819 1155 F.
838 1128 864 1154 1.
883 1130 964 1154 teste
976 1126 1210 1160 Lindenbrog.,
1237 1123 1454 1150 oblatrantes
1473 1122 1506 1150 in
1520 1121 1683 1155 excerptis
1696 1121 1735 1149 ad
1748 1127 1850 1154 marg.

64 1173 113 1201 ed.
127 1174 234 1207 Colv„
260 1180 323 1201 nou
343 1172 453 1200 addita
471 1172 611 1206 priorum
630 1174 799 1199 verborum
819 1171 967 1199 lectione.
1004 1168 1068 1197 has
1086 1172 1119 1196 et
1139 1167 1262 1197 similes
1281 1166 1444 1207 offaniae
1454 1166 1602 1203 frustra
1620 1163 1850 1193 ablaterantis

64 1217 99 1246 F.
122 1219 150 1246 1.
171 1221 250 1246 teste
268 1219 351 1246 Eim.
387 1215 450 1245 has
464 1219 499 1243 et
511 1215 600 1244 alius
613 1214 737 1243 similes
750 1215 1068 1254 uffam‘asfrustra
1079 1213 1310 1242 ablaterantis
1324 1217 1405 1241 teste
1424 1212 1503 1241 oud.
1522 1212 1558 1240 F.
1578 1212 1606 1239 1.
1625 1213 1655 1238 et
1674 1218 1704 1244 p.
1751 1207 1804 1237 his
1817 1211 1854 1236 et

63 1261 144 1289 aliis
156 1261 317 1290 similibus
331 1261 619 1300 mamusfiuslra
632 1259 860 1288 ablat-[eratis
878 1262 915 1288 G.
939 1262 967 1288 1.

1013 1258 1067 1287 his
1086 1261 1120 1285 et
1138 1257 1217 1286 aliis
1236 1256 1398 1286 similibus
1412 1255 1553 1284 asanais
1558 1255 1705 1294 frustra
1718 1253 1851 1281 oeblate-

62 1307 152 1335 νιιιίε
160 1308 196 1336 G.
207 1304 236 1335 2'.
245 1308 283 1335 1).
313 1304 366 1334 lais
379 1309 412 1333 et
423 1304 470 1334 al.
483 1304 644 1334 similibus
657 1305 800 1344 asanias
804 1304 861 1343 fr.
870 1303 1076 1332 ablateram
1091 1310 1120 1337 p.
1145 1301 1198 1331 ln's
1212 1305 1246 1330 et
1258 1301 1336 1330 aliis
1350 1300 1615 1341 affanniisfrus
1621 1302 1678 1327 cra
1690 1297 1851 1327 ablatra-

120 1403 205 1443 Cir.
230 1403 282 1442 X.
330 1404 535 1443 mendoso.
582 1402 690 1441 Colv.
717 1401 860 1440 Floria.
888 1407 926 1440 et

62 1460 165 1499 Oud.
199 1460 236 1499 in
271 1473 320 1498 ea
355 1459 519 1499 lectione
561 1472 676 1510 quum
716 1458 925 1503 offendant,

63 1516 221 1555 Colvius
256 1517 477 1561 invidioso,
515 1515 697 1553 Floridus
734 1515 926 1553 mendaci

60 1586 249 1626 reponere
278 1572 442 1617 malunt,
474 1571 577 1623 quod
602 1572 649 1609 ab
676 1570 779 1610 Oud.
809 1570 926 1608 vehe-

62 1633 212 1667 menter
235 1629 487 1679 vituperatum
512 1631 591 1673 est,
622 1628 809 1666 mendaci
838 1641 862 1666 a
887 1627 926 1664 li-

62 1686 185 1724 brario
200 1685 235 1724 in
250 1684 439 1723 mendoso
454 1683 575 1722 fuisse
589 1683 842 1734 depravatum*
861 1697 925 1721 ne·

62 1745 196 1793 gante,
228 1744 269 1780 et
297 1743 497 1792 utramque
528 1740 732 1777 lectionem
763 1740 798 1776 in
823 1752 926 1778 men·

62 1798 279 1838 ducissime
291 1809 492 1848 perperam
506 1795 704 1835 conflante.
730 1794 819 1846 lpse
835 1808 926 1834 vero

64 1852 185 1892 Coivii
209 1853 518 1891 emendationem
549 1852 751 1890 invidioso
776 1851 926 1902 probat,

62 1909 189 1948 donec
229 1909 371 1947 certius
414 1908 507 1959 quid
547 1907 648 1947 alius
691 1908 927 1958 expiscetur.

64 1965 301 2017 [Beroaldus
336 1964 526 2003 mendoso
562 1963 730 2014 explicat
764 1963 924 2007 doloso,

62 2021 166 2060 unde
207 2025 311 2066 erat,
359 2033 474 2071 quum
516 2020 695 2070 equidem
741 2024 925 2058 numios-0

65 2077 110 2117 cf.
141 2090 260 2129 supra
288 2090 326 2128 p.
359 2080 452 2116 607.
488 2076 510 2114 1.
536 2089 570 2114 0.
606 2075 754 2114 doloso
774 2075 926 2125 fallaci

64 2133 259 2185 legerem,
307 2143 539 2183 quamquam
580 2131 656 2169 hoc
696 2131 925 2169 vocabulum

65 2191 290 2229 auctoritate
304 2189 500 2240 scriptoris
519 2187 615 2226 tueri
633 2200 797 2238 nequeo.
833 2185 925 2224 For·

65 2251 177 2285 tasse
200 2246 314 2283 etiam
340 2244 414 2295 legi
428 2248 567 2295 posset
586 2244 924 2282 mentosoamini-

65 2316 169 2348 scor,
187 2302 305 2339 veteri
321 2300 454 2344 forma,
469 2313 583 2351 quam
597 2299 743 2337 Festus
757 2299 848 2337 dicit
860 2312 924 2336 an-

64 2358 227 2408 tiquitus
234 2357 412 2396 usitatam
422 2356 547 2394 fnisse
554 2369 622 2406 pro
631 2356 877 2400 reminiscor,
884 2358 925 2394 ut

66 2418 237 2454 mentum
248 2414 351 2452 idem
363 2414 425 2458 sit,
438 2412 541 2462 quod
550 2415 818 2451 commentum.
843 2411 925 2450 Sed

66 2469 156 2508 mihi
180 2471 270 2522 ipse
285 2469 348 2507 his
367 2468 593 2507 coniecturis
617 2480 693 2505 non
712 2467 924 2506 satisfacio.

67 2525 268 2566 Mendoso
283 2525 368 2563 ferri
385 2538 458 2563 non
474 2537 607 2576 posse,
615 2523 926 2574 vocabulumque

64 2582 376 2621 substituendum
403 2581 517 2632 longe
536 2580 769 2618 rarissimum
790 2579 926 2632 patet]

124 2638 354 2679 caliculum.
381 2636 438 2675 Cf.
448 2637 586 2675 XVuss.
609 2636 645 2673 in
666 2635 928 2674 0115001101)ρ

65 2706 169 2747 serv.
192 2693 283 2732 Vol.
298 2692 341 2732 ll.
363 2692 408 2731 Τ.
423 2692 485 2732 111.
510 2707 545 2745 p.
561 2695 654 2733 396.
679 2691 806 2730 Recte
829 2691 932 2730 Oud.

67 2750 288 2790 caliculum
309 2750 492 2795 restituit,
519 2761 634 2799 quem
652 2752 740 2786 ante
756 2751 932 2786 vocatum

72 2806 312 2846 cantharum
347 2805 470 2844 fuisse
502 2804 701 2844 adleverat
736 2803 935 2855 glossator

72 2861 245 2911 quidam,
273 2862 377 2901 unde
406 2863 441 2900 in
471 2864 617 2900 textum
641 2860 803 2912 irrepsit.
851 2858 935 2897 Sed

68 2916 271 2968 eleganter
294 2917 400 2969 fingit
417 2917 629 2969 Apuleius,
654 2916 752 2954 istos
776 2915 933 2953 nebulo-

74 2985 146 3011 nes
168 2973 332 3012 sceleris
348 2974 409 3013 sui
429 2972 660 3012 extenuandi
679 2985 822 3010 caussa
842 2985 934 3010 ean-

73 3029 234 3070 tharum
256 3029 342 3068 sive
363 3028 545 3082 poculum
569 3041 748 3080 magnum
768 3039 934 3066 vocasse

73 3098 176 3125 nunc
204 3085 420 3128 caliculum
450 3100 483 3125 s.
512 3098 670 3138 parvum
694 3083 810 3123 modo
835 3082 934 3122 cala-

986 1403 1091 1440 thum
1118 1405 1155 1439 et
1181 1400 1372 1452 cyathum.
1420 1399 1513 1450 lpse
1543 1410 1590 1436 se
1614 1401 1746 1436 auctor
1770 1395 1851 1435 illu-

986 1462 1099 1504 strat,
1125 1470 1212 1495 cum
1225 1456 1319 1494 Met.
1334 1454 1385 1493 X.
1400 1468 1435 1506 p.
1451 1459 1543 1495 708.
1570 1467 1736 1494 aureum
1757 1466 1850 1492 can·

986 1515 1160 1553 tltarmn.
1198 1526 1234 1564 p.
1267 1515 1362 1552 709.
1390 1511 1706 1563 yrmzdissz’nmm
1736 1509 1852 1548 illum

988 1571 1154 1610 calicem
1178 1570 1360 1607 nominet.
1395 1566 1442 1606 cs.
1471 1567 1587 1606 Gron.
1614 1565 1779 1604 Observ.
1804 1563 1851 1602 Il.

988 1631 1051 1666 24.
1088 1640 1125 1677 p.
1163 1629 1254 1665 418.
1294 1627 1465 1676 (p.·207.
1492 1623 1552 1662 ed.
1578 1622 1706 1673 Lips.)
1757 1619 1852 1673 [Co-

986 1684 1092 1733 gitari
1119 1682 1240 1720 etiam>
1259 1684 1402 1732 potest,
1428 1680 1622 1724 librarios,
1648 1677 1751 1728 quod
1777 1676 1854 1714 hoc

986 1738 1166 1790 poculum
1225 1741 1306 1775 tota
1363 1736 1579 1775 narratione
1633 1733 1852 1773 cantharus

986 1794 1217 1840 nominetur,
1243 1793 1305 1831 hic
1329 1805 1485 1843 quoque
1510 1791 1610 1830 hanc
1634 1802 1771 1828 vocem
1794 1801 1851 1827 re-

986 1851 1173 1888 stituisse.
1253 1848 1498 1887 Glossatoris
1547 1847 1647 1885 enirn
1695 1858 1851 1883 manum

987 1907 1049 1944 hic
1067 1919 1141 1944 non
1162 1906 1393 1957 agnoverim.
1435 1903 1537 1942 Dein
1559 1902 1756 1942 caliculus
1774 1913 1851 1939 vox

983 1976 1069 2001 rara
1093 1967 1172 2008 est,
1203 1965 1242 2000 et
1271 1961 1366 1999 inter
1408 1960 1672 2011 glossatorum
1712 1970 1849 1997 manus

986 2033 1060 2057 non
1081 2019 1131 2056 ita
1150 2019 1247 2057 trita.
1271 2016 1385 2055 Error
1399 2015 1593 2066 quomodo
1612 2018 1769 2054 exortus
1787 2014 1850 2059 sit,

987 2076 1130 2126 optime
1144 2073 1314 2112 ostendit
1332 2073 1497 2124 scriptor
1510 2072 1595 2112 cod.
1610 2071 1778 2110 Florent.
1795 2069 1849 2122 3.]

1042 2165 1203 2203 noxios.
1248 2154 1360 2202 Hanc
1389 2162 1593 2202 lectionem
1618 2161 1721 2200 Oud.
1749 2161 1852 2199 bene

986 2220 1160 2258 defendit
1173 2223 1310 2258 'contra
1327 2221 1487 2258 istorum
1505 2218 1772 2262 temeritatem,
1787 2218 1851 2267 qui

986 2277 1074 2314 loeo
1105 2290 1178 2314 non
1210 2276 1407 2314 intellecto
1438 2276 1632 2314 innoxios
1661 2285 1851 2325 reponere

985 2336 1143 2371 tentant.
1189 2332 1355 2372 Nostius
1379 2332 1479 2369 enim
1504 2331 1567 2369 hic·
1591 2334 1653 2369 est
1674 2343 1765 2368 reus
1789 2342 1851 2367 sa-

987 2388 1133 2440 crilegii
1152 2392 1196 2426 et·
1209 2384 1344 2427 laesae
1362 2401 1435 2426 seu
1453 2387 1621 2426 violatae
1638 2385 1850 2437 religionis,

986 2449 1028 2483 ut
1051 2443 1345 2483 Tacit.'Ann.V.
1365 2449 1429 2484 11.
1462 2443 1515 2483 Ut
1538 2444 1730 2483 noxium
1755 2455 1851 2480 con·

986 2501 1202 2540 iurationis
1225 2501 1282 2540 ad
1296 2501 1626 2553 ‘clisquisitcmaem
1651 2498 1854 2537 trahebat.

988 2557 1138 2595 Auson.
1164 2556 1287 2595 Carm.
1312 2554 1457 2595 Pasch.
1483 2558 1519 2596 8'.
1546 2555 1712 2600 Noxia
1738 2567 1853 2608 quem

989 2613 1182 2652 scelerum.
1200 2612 1338 2665 plebes
1362 2613 1504 2652 tremit.

1048 2692 1120 2730 lias
1146 2696 1184 2730 et
1207 2691 1312 2730 alias
1335 2691 1484 2730 similes
1507 2703 1671 2730 assanas
1692 2692 1852 2740 frustra

993 2748 1294 2787 adblaterantes
1323 2760 1388 2786 eos
1411 2751 1622 2786 retrorsus.
1676 2744 1853 2797 [Difficil-

994 2804 1125 2842 limum
1156 2807 1218 2841 est
1249 2803 1300 2842 de
1327 2816 1421 2842 vera
1450 2802 1565 2841 buius
1589 2802 1665 2840 loci
1691 2800 1855 2838 lectione

993 2859 1190 2905 iudicium,
1215 2872 1330 2910 quum
1350 2858 1440 2909 quid
1455 2858 1499 2897 F.
1514 2862 1550 2898 3.
1563 2871 1714 2896 amanu
1727 2869 1854 2894 emen-

993 2915 1154 2960 datrice,
1179 2928 1252 2952 nec
1263 2928 1354 2953 vero
1375 2914 1466 2966 quid
1485 2928 1507 2953 a
1520 2914 1687 2964 genuina
1699 2912 1854 2958 habeat,

994 2974 1230 3021 compertum
1255 2971 1323 3015 511,
1349 2975 1388 3008 01
1411 2970 1529 3008 ceteri
1555 2970 1697 3021 quique
1723 2969 1856 3020 optimi

993 3027 1106 3066 codd.
1144 3027 1240 3064 inter
1275 3027 1536 3065 accusativum
1573 3030 1612 3064 et
1647 3025 1857 3064 ablativum

992 3082 1148 3122 mirifice
1170 3082 1363 3123 fluctuent.
1411 3081 1505 3122 Cum
1529 3095 1622 3121 vero
1648 3080 1858 3122 ablativum

1486 3138 1576 3180 49*
