2155 3590
682 146 871 188 mes-R
901 145 975 188 111.
1037 143 1165 187 CAP.
1197 134 1296 188 ΧΠ.
1809 137 1880 187 '171

100 273 222 306 teram
247 264 450 304 laetiorem
475 268 536 304 me
560 262 781 315 refingens,
810 262 976 302 comiter
1000 261 1186 302 abeuntes
1220 260 1472 314 magistratus
1504 257 1667 313 appello.
1717 258 1772 299 Et
1796 265 1887 300 ecce

99 321 251 375 quidam
273 321 378 360 intro
401 333 563 360 currens
587 318 770 358 famulus:
797 317 931 371 Rogat
949 324 1006 369 te,
1035 318 1103 368 ait,
1133 324 1197 358 tua
1223 330 1365 370 parens
1385 315 1634 371 Byrrhaena,
1658 312 1695 356 et
1714 312 1887 369 coiiviiiii

98 378 160 418 cui
185 383 222 417 te
247 390 336 417 sero
362 376 625 430 desponderas
649 375 725 414 iam
752 374 1094 429 appropinquantis
1120 374 1321 414 admonet!
1351 373 1411 412 Ad
1440 373 1534 412 haec
1559 386 1635 426 ego
1654 368 1884 421 formidans,-

98 439 137 474 et
166 433 301 487 procul
330 432 635 486 perhorrescens
667 431 783 471 etiam
814 431 936 485 ipsam
963 432 1114 471 domum
1141 430 1241 471 eius:
1273 428 1400 482 Quam
1425 428 1587 478 vellem,
1616 429 1793 481 inquam,
1822 441 1888 481 pa*

98 503 206 540 rens,
233 489 351 529 iussis
377 489 453 528 tuis
479 487 708 541 obsequium
735 488 1002 537 commodare,
1031 487 1064 528 si
1091 500 1159 540 per
1182 486 1292 526 fidem
1318 486 1455 526 liceret
1480 486 1515 524 id
1543 486 1688 525 facere.
1735 484 1888 538 Hospes

99 546 201 587 enim
228 559 335 585 meus
361 543 489 585 Milon
516 559 585 598 per
601 544 778 584 hodierni
804 544 879 583 diei
906 543 1429 597 praesentissimum,numen
1453 542 1637 582 adiurans
1665 541 1818 590 effecit,
1846 543 1890 580 ut

97 602 180 642 eius
201 601 206 657 Ι
229 601 440 642 hodiernae
478 615 623 641 coenae
660 600 912 654 pignerarer,
953 614 1023 641 nec
1054 601 1136 655 ipse
1168 599 1332 640 discedit
1362 613 1433 639 nec
1464 612 1524 638 me
1550 598 1700 651 digredi
1726 598 1885 651 patitur.

97 718 288 758 refringens
302 716 330 747 δ.
354 718 544 757 refringant
560 719 580 748 f.
630 717 765 746 abemes
778 719 891 747 Venel.
906 720 936 746 2.
984 716 1092 754 apello
1106 719 1219 746 Venet.
1232 719 1263 745 2.
1311 720 1342 743 el
1363 720 1438 745 ante
1458 723 1532 743 ecce
1545 718 1636 744 abest
1650 716 1683 743 in
1697 716 1731 743 0.
1779 714 1889 751 inquil

98 773 152 799 pro
166 764 219 792 m't
229 767 395 800 vulgares.
419 765 482 792 Sed
502 764 647 797 Colvius.
667 771 760 797 quein
779 763 972 797 posteriores
990 764 1095 791 secuti
1113 767 1204 797 sunt,
1230 762 1369 791 restituit
1390 762 1458 796 ait,
1491 764 1522 789 ut
1543 769 1652 789 omnes
1672 762 1789 788 habent
1808 762 1890 788 Mss.

96 813 134 837 ,ιι
147 809 291 837 convivii
302 806 330 837 δ.
378 807 417 836 de
431 816 504 836 sero
513 810 547 837 Ο.
577 811 608 836 te
620 809 708 837 serio
722 810 770 837 ed.
783 808 886 836 Scriv.
932 808 1213 845 appropinquatis
1226 809 1262 836 P.
1281 805 1545 844 propz'nquanlae's
1558 808 1593 835 B.
1642 803 1796 833 admovet
1811 806 1847 833 G.
1861 808 1891 833 et

97 855 133 883 Ι).
153 862 171 883 a
192 862 231 884 m.
253 863 283 889 p.
330 861 388 891 ego
409 857 501 883 abest
521 861 540 883 a
558 863 588 889 p.
637 857 671 881 et
687 853 790 881 etium
805 851 1068 890 perhorrescens
1085 851 1260 890 proculo.
1303 850 1569 889 perhorrescent
1585 852 1713 880 vicent.
1732 851 1845 879 venet.
1860 852 1889 878 ἱ).

98 901 205 936 ‚psam
220 903 310 929 abest
325 907 345 928 a
357 900 377 928 f.
425 899 532 936 ipsam
547 907 602 935 pro
615 899 753 937 inquam
766 897 828 927 Ms-
842 899 895 927 Al.
911 902 991 928 teste
1005 899 1094 927 Colv.
1132 899 1194 926 Pro
1208 897 1308 926 fassis
1323 897 1390 925 tm's
1404 897 1550 926 emendat
1566 897 1643 926 oud.
1659 903 1755 930 quum
1768 895 1891 923 Lucius

97 953 227 974 servum
240 946 451 980 adloquatur,
477 953 539 973 non
554 946 792 979 Byrrhaenam:
816 944 971 980 parentis
992 943 1091 971 iussis
1107 943 1174 979 piis
1193 942 1260 971 obs,
1286 945 1352 972 Nec
1371 943 1446 979 fingi
1466 950 1562 977 posse
1581 942 1710 970 videtur
1723 940 1892 969 adstitisse

98 990 315 1025 praecurrenti
329 990 450 1019 famulo
462 991 571 1019 statim
586 991 690 1024 ipsam
704 991 933 1024 Byrrhaenam.
959 988 1011 1024 [In
1025 997 1061 1017 eo
1075 997 1146 1017 cum
1161 990 1239 1017 Oud.
1254 989 1437 1023 consentio,
1463 988 1613 1023 quoiiiam
1633 995 1695 1016 non
1714 986 1893 1015 verisimile

97 1039 156 1069 cst,
172 1037 395 1070 Byrrhaenam
411 1035 544 1063 Milonis
559 1037 685 1064 domum
700 1035 855 1071 intrasse;
883 1038 981 1063 totam
997 1042 1074 1062 vero
1089 1042 1154 1062 rem
1168 1035 1200 1061 in
1216 1034 1352 1062 aedibus
1366 1034 1501 1062 Milonis
1522 1036 1684 1068 peractam
1705 1040 1795 1066 esse,
1820 1039 1892 1066 pro-

98 1084 172 1109 bant
189 1081 304 1115 priora.
330 1082 391 1109 Sed
407 1081 535 1109 defendi
551 1084 651 1116 potest
666 1080 806 1109 fortasse
821 1079 888 1107 tuis
904 1088 959 1114 per
972 1080 1072 1108 animi
1086 1086 1244 1107 suminam
1259 1079 1511 1114 commotionem,
1526 1086 1591 1112 qua
1603 1079 1703 1106 verba
1715 1084 1755 1106 ea.
1768 1076 1893 1105 ratione

98 1134 194 1154 servo
209 1127 324 1162 dictat,
351 1133 415 1159 qua
429 1126 485 1154 ille
499 1126 708 1160 pronuntiare
723 1127 848 1154 debeat.
873 1125 979 1153 Aliter
992 1125 1144 1158 expedire
1158 1132 1208 1152 me
1221 1122 1371 1159 nequeo}
1410 1122 1514 1150 Milon
1527 1124 1563 1151 F.
1578 1124 1608 1151 3.
1623 1125 1659 1151 G.
1672 1119 1710 1151 D.
1724 1124 1761 1150 Ρ.
1776 1118 1806 1150 δ.
1820 1122 1854 1150 O.
1870 1122 1892 1151 f.

98 1174 127 1199 et
141 1171 210 1199 edd.
225 1174 300 1200 vett.
314 1174 441 1206 praeter
454 1171 502 1199 ed.
519 1179 564 1205 pr.
580 1173 608 1200 et
622 1172 706 1199 lunt.
724 1172 753 1199 2.
769 1177 851 1204 quae
865 1171 995 1198 eaedem
1010 1170 1079 1197 edd.
1095 1169 1180 1197 infra
1196 1167 1299 1195 Milon
1321 1171 1474 1203 praebent
1501 1168 1541 1196 cf.
1556 1171 1632 1196 Met.
1649 1176 1676 1203 p.
1694 1169 1768 1196 191.
1783 1168 1822 1197 ad
1836 1168 1891 1196 lv.

99 1224 127 1249 p.
141 1217 217 1244 308.
241 1217 277 1244 In
293 1219 365 1244 cett.
381 1213 474 1243 Milo.
502 1215 630 1253 quistet·
642 1213 717 1243 lma'.
731 1216 769 1243 D.
783 1222 803 1243 a
816 1223 856 1243 in.
871 1223 896 1243 s.
918 1213 1113 1250 praesentis
1127 1211 1157 1241 δ.
1182 1211 1346 1240 udm'rmts
1360 1215 1474 1242 Venet.
1489 1215 1519 1241 4.
1544 1210 1655 1252 efficit
1669 1221 1698 1248 p.
1725 1215 1760 1241 nl
1775 1208 1893 1240 eilmd.

97 1262 132 1289 F.
151 1262 177 1289 1.
197 1269 238 1290 ex
251 1261 373 1290 omissa
397 1261 579 1295 compendii
604 1261 735 1295 virgula
760 1259 810 1287 εἷ’.

99 1302 200 1346 {gredi
217 1303 246 1334 ὃ.
293 1303 462 1343 degredl's.

96 1397 163 1431 tur.
213 1393 260 1432 cf.
292 1389 396 1431 Vlll.
432 1407 469 1445 p.
502 1394 596 1432 527.
633 1392 696 1430 ubi
733 1392 868 1430 eadem
907 1395 968 1429 est

96 1449 307 1501 scripturae
321 1449 592 1500 discrepantia,
618 1448 712 1487 Met.
728 1448 796 1488 lv,
820 1462 856 1500 p.
875 1451 965 1488 328.

99 1509 138 1544 et
150 1504 218 1544 Vl.
244 1519 280 1558 p.
295 1509 387 1546 393.
417 1504 531 1544 Certe
551 1506 585 1544 in
611 1505 779 1544 ablativo
805 1505 965 1544 alteram

98 1563 275 1615 nuspiam
306 1562 443 1600 inveni.
494 1561 539 1600 cf.
577 1561 681 1600 Mos.
713 1562 762 1600 ad
793 1560 910 1600 Tusc.
938 1560 962 1599 Ι.

98 1624 160 1661 42.
187 1633 224 1671 p.
250 1618 367 1673 345]

155 1677 431 1716 introcurrens
457 1676 648 1728 santulus.
699 1675 965 1727 [Invitatores

98 1737 135 1772 et
162 1738 367 1772 vocatores
392 1732 686 1771 nominabantur
710 1733 733 1770 ii
753 1745 964 1777 servornm,

98 1789 237 1841 quibus
261 1802 400 1828 munus
425 1795 523 1834 erat,
550 1790 598 1828 ab
619 1789 713 1827 hero
735 1789 783 1827 ad
806 1800 966 1826 coenam

99 1846 316 1885 invitandos
353 1845 525 1897 rogandi.
575 1845 882 1884 Accnratissime
919 1845 968 1883 de

99 1903 146 1941 ils
167 1903 246 1955 agit
258 1901 412 1953 Pignor.
427 1900 477 1941 de
497 1915 597 1941 serv.
618 1902 653 1940 in
675 1900 811 1939 Polen.
829 1901 966 1953 Suppl.

100 1958 220 1998 Thes.
246 1956 354 1998 Anu.
380 1957 443 1997 lll.
468 1973 507 2010 p.
536 1957 678 2010 1167]

155 2021 192 2056 te
219 2028 320 2055 sero.
368 2014 572 2054 Praeferre
602 2015 754 2053 videtur
779 2013 881 2052 Oud.
917 2013 967 2051 le-

99 2073 263 2111 ctionem
274 2072 335 2110 ed.
346 2071 467 2110 Scriv.
483 2072 533 2111 de
541 2073 647 2111 serio
661 2083 710 2109 ex
725 2070 810 2108 loco
820 2074 968 2122 p.167.,

100 2142 214 2183 quum
230 2128 398 2180 alioquin
409 2127 582 2166 videatur
591 2127 701 2166 obiici
709 2126 833 2165 Lucio
849 2126 968 2164 ebrie-

101 2186 239 2230 tatem,
264 2198 334 2237 per
360 2197 475 2235 quani
501 2183 646 2222 oblitus
672 2186 801 2229 esset,
834 2195 879 2221 sc
904 2182 969 2220 de·

102 2240 318 2292 spondissc
343 2241 538 2286 convivio,
565 2241 654 2290 quia
679 2240 716 2277 id
732 2252 822 2277 sero
838 2243 876 2276 et
890 2252 969 2278 cra-

101 2297 195 2349 pula
224 2297 416 2336 distentus
447 2297 608 2347 egisset.
659 2295 739 2334 Sed
771 2295 912 2333 rectius
938 2310 969 2334 c.

100 2353 264 2393 Pontan.
289 2354 339 2393 ad
363 2353 537 2392 Macrob.
563 2351 609 2391 ll.
637 2356 674 2393 3.
700 2351 971 2403 explicandum

103 2414 166 2449 est
190 2410 278 2450 heri
302 2412 473 2462 vesperi,
499 2414 539 2448 ut
558 2408 657 2447 idem
675 2408 790 2459 Apul.
807 2402 832 2445 I.
853 2421 889 2459 p.
906 2413 969 2449 54.

102 2481 190 2507 eum
217 2481 297 2521 quo
322 2480 411 2506 sero
438 2466 673 2506 devorteras
698 2465 799 2504 dicit.

49 2572 56 2577 ὓ
159 2524 254 2563 diei.
305 2516 619 2562 MalePricae11s
635 2535 719 2561 cum
734 2521 820 2560 aliis
836 2522 969 2560 nescio

102 2579 242 2631 quibus
269 2580 337 2619 dei
360 2593 430 2630 pro
457 2579 540 2618 diei
564 2579 718 2630 probat,
754 2579 840 2628 ipse
866 2577 971 2616 diem

102 2636 218 2674 deum
237 2635 388 2674 faciens
403 2636 566 2686 eiusque
581 2648 718 2673 numen
733 2634 967 2684 intelligens.

101 2693 157 2732 At
180 2706 322 2732 numen
347 2692 443 2731 leod.
470 2692 555 2731 diez·
584 2691 686 2730 Oud.
719 2694 825 2729 recte
855 2692 970 2729 inter-

103 2752 271 2801 pretatur
283 2748 442 2795 Risum,
469 2749 532 2800 qui
557 2748 632 2787 hoc
657 2745 720 2786 die
746 2747 880 2786 colitur
903 2747 971 2786 hu-

104 2806 245 2857 iusque
270 2804 345 2844 diei
370 2817 536 2858 praeses
561 2808 633 2843 est.

162 2863 245 2903 eius
269 2861 364 2902 laod.
391 2874 553 2902 coenae.
605 2860 742 2913 [Miror
767 2859 882 2907 Oud.,
909 2861 972 2912 qui

104 2916 311 2958 Pricaeum
339 2931 386 2957 ex
403 2918 571 2957 Florent.
591 2924 623 2958 1.
639 2919 675 2956 ei
700 2917 973 2956 defendentem

105 2974 221 3026 sequi
254 2975 442 3027 potuerit,
488 2987 603 3025 quum
646 2973 708 3012 hic
744 2973 819 3012 duo
857 2973 973 3012 dativi

106 3030 211 3069 nullo
236 3031 352 3070 modo
368 3029 609 3082 comprobari
626 3033 778 3080 queant.
804 3029 860 3068 lbi
875 3031 973 3069 enim

108 3087 412 3134 locumhabent,
436 3088 499 3126 uhi
521 3087 625 3139 qnod
639 3087 688 3125 de
702 3100 742 3124 re
755 3099 974 3138 personave

107 3143 142 3182 in
157 3144 374 3184 universum
394 3143 566 3196 positum
581 3146 658 3190 est,
684 3143 973 3183 accuratissime

853 1259 1056 1296 pignorare!
1081 1260 1117 1287 R.
1144 1258 1165 1286 f.
1186 1259 1386 1295 pigneraret
1406 1260 1442 1287 L.
1464 1256 1545 1287 Elui.
1567 1259 1670 1286 Scriv.
1692 1257 1776 1286 Pric-
1823 1257 1893 1295 ipse

1026 1395 1105 1430 tum
1120 1390 1360 1436 describitur,
1386 1393 1427 1428 ut
1454 1404 1544 1442 pars
1564 1391 1675 1442 qnasi
1690 1404 1813 1442 genus
1830 1404 1892 1429 ex-

1025 1448 1154 1499 plicet.
1181 1446 1228 1485 cf.
1255 1447 1400 1486 dictata
1425 1447 1475 1485 ad
1499 1447 1594 1486 Met.
1610 1446 1653 1485 ΙΙ.
1680 1460 1716 1498 p.
1744 1452 1832 1489 165.
1855 1451 1895 1486 et

1024 1518 1060 1555 p.
1091 1508 1180 1545 107.
1208 1502 1375 1541 Temere
1399 1516 1556 1555 semper
1580 1502 1617 1542 in
1644 1504 1690 1541 iis
1714 1507 1894 1542 versatus

1024 1565 1087 1599 est
1124 1560 1225 1599 Oud.
1262 1560 1348 1599 Nec
1384 1561 1509 1599 minus
1547 1559 1757 1611 displicent
1794 1572 1895 1610 quae

1024 1618 1123 1656 idem
1138 1618 1340 1669 apposuit,
1369 1631 1518 1657 coenae
1531 1631 1599 1669 per
1614 1617 1769 1669 ellipsin
1786 1629 1895 1667 prae-

1023 1674 1255 1727 positionum
1271 1688 1426 1719 caussa,
1434 1677 1590 1726 qratia.
1601 1674 1707 1714 ἕνεκα
1721 1669 1895 1712 secundo

1026 1745 1121 1770 casu
1146 1743 1269 1782 posse
1295 1731 1458 1769 desumi.
1487 1729 1526 1768 ln
1553 1729 1615 1769 liis
1636 1729 1895 1782 cautuquuis⁴⁴

1027 1801 1102 1839 que
1129 1789 1319 1838 interpres
1346 1799 1439 1825 esse
1464 1788 1600 1833 ‹lebet;
1632 1788 1681 1825 de
1707 1797 1783 1837 qua
1807 1791 1896 1825 con·

1027 1845 1238 1883 structione
1279 1843 1326 1882 cl'.
1342 1843 1426 1882 lntt.
1448 1844 1497 1882 ad
1514 1843 1590 1882 Cic.
1607 1843 1655 1881 de
1669 1843 1762 1881 Nat.
1776 1842 1895 1882 Deor.

1027 1900 1054 1940 1.
1070 1905 1134 1941 22.
1151 1899 1309 1952 Rupert.
1327 1900 1361 1938 in
1381 1900 1455 1938 ind.
1472 1900 1604 1939 latinit.
1616 1899 1737 1938 Tacit.
1752 1891 1895 1951 1³31ss-

1028 1961 1066 1995 et
1091 1970 1191 2009 quos
1217 1957 1359 1995 excitat
1383 1955 1449 1996 Dr.
1471 1957 1520 1995 acl
1545 1956 1632 1995 Liv.
1652 1954 1804 1995 XXXI.
1833 1958 1896 1996 12.

1028 2014 1058 2065 ξ.
1086 2019 1122 2053 4.
1174 2013 1291 2058 Eius,
1332 2013 1435 2064 quod
1467 2026 1604 2051 omncs
1636 2012 1753 2052 ceteri
1785 2012 1896 2052 codd.

1028 2069 1231 2122 exhibent,
1257 2070 1395 2120 cuique
1421 2070 1582 2121 probum
1603 2070 1692 2114 erit,
1717 2071 1757 2108 et
1780 2070 1898 2108 totius

1028 2125 1102 2165 loci
1130 2125 1394 2164 difficultatem
1420 2126 1630 2179 removet]

1080 2184 1340 2235 piynermer.
1368 2182 1454 2236 [Sic
1478 2196 1527 2221 ex
1551 2183 1627 2221 lide
1640 2182 1900 2233 Mssubique

1030 2238 1224 2277 edendum
1250 2238 1397 2286 curavi,
1430 2250 1661 2291 quamquam
1692 2251 1755 2278 res
1780 2237 1830 2277 ad
1855 2238 1900 2276 li·

1031 2295 1188 2347 quidum
1203 2295 1388 2347 perducta
1401 2296 1490 2334 mihi
1506 2310 1582 2334 non
1598 2296 1759 2341 videtur,
1782 2307 1900 2346 quum

1033 2352 1115 2390 libri
1141 2352 1251 2390 nimis
1265 2351 1499 2404 discrepent.
1527 2347 1644 2399 Quod
1664 2353 1763 2390 enim
1777 2365 1899 2403 gram-

1031 2409 1157 2447 matici
1184 2410 1454 2460 proponebant
1486 2409 1688 2448 discrimen
1720 2410 1901 2461 pigynera

1030 2478 1154 2504 rerum
1187 2478 1299 2511 esse,
1329 2467 1515 2519 pignora
1554 2479 1643 2504 vero
1674 2464 1836 2503 tiliorum
1863 2466 1902 2502 et

1031 2523 1309 2560 necessitatum
1341 2523 1390 2562 ab
1427 2522 1493 2561 Dr.
1532 2522 1581 2561 ad
1618 2521 1705 2561 Liv.
1732 2520 1797 2560 lll.
1835 2519 1898 2561 38.

1030 2577 1060 2628 ᾧ.
1092 2582 1152 2619 12.
1186 2577 1256 2617 ΙΧ.
1292 2583 1353 2619 15.
1388 2578 1417 2630 §.
1451 2583 1486 2619 7.
1520 2579 1663 2616 dudum
1695 2575 1902 2616 refutatum

1028 2638 1102 2680 est,
1128 2648 1200 2673 nec
1223 2636 1369 2674 nostris
1394 2636 1634 2686 temporibus
1654 2634 1822 2672 debebat
1840 2642 1900 2671 re·-

1029 2692 1125 2742 peti,
1150 2695 1191 2731 ut
1216 2706 1239 2730 a
1263 2689 1426 2741 Banmg.
1454 2690 1562 2730 Crus.
1579 2692 1613 2728 in
1630 2691 1718 2729 edit.
1739 2686 1899 2729 sueton.

1031 2748 1171 2787 factum
1199 2751 1269 2786 est.
1299 2747 1417 2800 [Oud.
1445 2747 1566 2786 affert.
1583 2746 1899 2797 Bm·m.adVitg.

1030 2803 1113 2844 Ecl.
1141 2798 1244 2842 Vlll.
1271 2808 1335 2846 92.
1362 2808 1401 2842 et
1425 2807 1497 2842 sua
1521 2804 1571 2842 ad
1598 2802 1710 2842 Caes.
1738 2802 1784 2842 B.
1812 2801 1852 2841 C.
1873 2801 1900 2842 l.

1031 2860 1121 2914 39.]
1159 2860 1375 2911 Utrumque
1400 2862 1435 2898 in
1460 2869 1534 2899 usu
1562 2860 1685 2899 fuisse
1705 2859 1812 2912 *apud
1838 2869 1902 2898 ve-

1031 2922 1146 2963 teres,
1156 2921 1320 2956 testatnr
1329 2915 1583 2955 Pi·is·ctan.Vl.
1592 2930 1628 2969 p.
1639 2918 1731 2958 281.
1746 2915 1901 2955 iffi-elib}

1031 2975 1132 3013 uude
1158 2977 1278 3012 totam
1293 2985 1373 3011 rem
1388 2987 1436 3011 ex
1450 2973 1551 3011 Mss.
1569 2974 1794 3025 auctoritate
1808 2979 1901 3023 pen-

1031 3031 1123 3070 dere
1155 3031 1301 3077 iudico3
1351 3029 1398 3067 cs.
1431 3029 1560 3067 Burni.
1593 3029 1641 3068 ad
1666 3028 1827 3069 Anthol.
1853 3028 1900 3068 L.

1032 3087 1142 3126 Tom.
1158 3086 1184 3126 I.
1206 3101 1242 3138 p.
1260 3091 1351 3139 201.
1381 3085 1551 3138 (Ἰοιᾞῑιᾶν
1572 3085 1719 3125 Lucan.
1741 3084 1786 3124 ll.
1807 3086 1900 3126 370.

1030 3143 1161 3197 Kopp.
1187 3143 1237 3182 ad
1249 3142 1363 3182 Mart.
1379 3140 1632 3196 Capell.11.§.
1650 3147 1738 3184 1⁴80.
1755 3154 1792 3194 p.
1807 3145 1900 3183 ⁶230.

1915 606 1978 639 195
