2155 3590
672 145 861 185 LIBER
889 144 962 184 IV.

85 266 261 301 currunt.

1023 143 1151 184 CAP.
1181 142 1302 182 XIV.
1787 141 1867 184 251

309 258 423 299 Tunc
448 271 469 299 e
494 271 539 299 re
564 265 657 298 nata
681 258 821 298 subtile
847 258 1050 299 consilium
1076 271 1149 311 ego
1174 263 1213 297 et
1232 256 1306 296 ist-e
1325 255 1487 295 babulus
1508 254 1585 295 tale
1611 253 1871 294 comminisci-

83 390 190 416 παι-ια
203 389 238 417 G.
252 389 282 416 2.
296 388 376 417 etl).
390 394 410 416 a
422 395 463 416 m.
476 395 507 422 p.
526 388 584 416 sed
602 387 638 416 in
657 394 759 422 marg.
779 390 953 416 correctum
973 394 994 416 a
1005 395 1046 416 m.
1061 395 1087 415 s.
1105 388 1201 414 nata.
1236 379 1398 413 nacti'ed.
1418 392 1464 418 pr.
1483 384 1597 413 venet.
1610 385 1642 412 2.
1654 383 1781 412 Vicent.
1794 383 1870 412 Ald.

83 432 223 462 bubulus
235 434 272 462 F.
285 435 316 461 2.
330 434 360 462 3.
375 434 411 461 G.
424 434 455 461 2.
469 434 507 461 D.
521 430 599 466 [sed
612 427 645 460 in
657 439 758 468 marg.
771 433 890 468 legitur
902 431 1070 467 balbulus)
1085 433 1121 460 B.
1136 435 1166 460 et
1179 432 1227 460 ed.
1242 438 1286 465 pr.
1310 432 1348 458 In
1360 429 1522 464 plerisque
1536 430 1605 457 edd.
1619 432 1695 457 vett.
1720 426 1872 456 Babulus

84 479 239 513 scriptum
253 481 313 514 est,
328 481 360 506 111
374 485 429 512 pro
443 477 570 505 nomine
583 478 710 511 proprio
724 478 864 506 editores
877 479 1043 513 hahuisse,
1058 479 1194 506 eluceat.
1218 477 1255 504 In
1268 476 1305 505 F.
1322 477 1351 504 1.
1365 474 1522 508 scriptum
1535 474 1662 502 videtur
1676 473 1779 502 fuisse
1792 472 1873 500 bar-

84 522 191 559 dqus,
207 530 290 557 quae
301 523 397 551 lectio
409 526 457 551 est
471 523 520 550 ed.
534 516 643 559 Co'lv.,
669 530 764 556 quum
785 525 824 551 ab
841 524 999 551 Lindenb.
1020 523 1103 550 nihil
1120 523 1307 551 adnotatum
1318 515 1378 549 'sin
1410 517 1582 546 bumbulus
1595 521 1690 548 habet
1705 520 1740 547 G.
1758 520 1786 547 1.
1801 525 1873 546 cum

83 571 196 603 glossa
208 568 425 597 interlineari:
449 574 567 594 nomen
574 568 762 603 proprium.
810 567 986 595 comz‘sz'eur
998 569 1033 597 G.
1045 570 1073 597 1.
1109 566 1354 595 commiscimur
1365 566 1480 594 Vener.
1493 566 1524 594 2.

141 666 319 706 bubulus.
367 664 517 704 Omnes
554 665 636 704 fere
667 667 800 717 optimi
839 667 953 705 codd.

86 726 305 762 constanter
329 723 380 760 ita
406 722 555 772 legunt,
582 723 684 773 quod
700 722 808 761 Colv.
834 723 870 761 in
886 724 952 762 bu-

87 780 218 825 balus,
243 778 424 817 Beroald.
449 780 485 816 in
511 780 708 818 bardalns
733 793 780 817 ex
804 778 952 830 Papiae

87 836 221 874 Gloss.
254 836 424 887 babiyer
452 835 607 882 stultus,
639 835 798 886 Soping.
824 837 859 874 in
887 837 951 875 ba·

87 893 208 932 barus
233 891 318 930 coll.
343 891 434 929 lsid.
449 890 581 943 Origg.
596 891 646 930 X.
662 895 725 932 31.
754 893 951 933 babarus.-

86 949 227 989 staltus
240 950 400 999 ineptas
413 948 631 994 emendant,
645 949 707 986 ubi
723 949 808 987 cod.
824 948 952 987 Guelf.

86 1005 204 1044 habet
229 1005 431 1049 balbam&
457 1004 560 1054 quod
585 1004 686 1043 Oud.
713 1006 954 1043 coniecturae

88 1062 260 1112 proxime
285 1060 505 1099 accederet:
534 1061 720 1101 balbulus
734 1062 794 1099 vel
812 1062 953 1100 balbil-

89 1118 149 1157 lus
168 1132 191 1156 a
211 1117 343 1156 balbo.
383 1116 465 1154 Sed
485 1118 572 1168 ipse
592 1118 729 1155 retinet
748 1118 954 1156 lectionem

89 1174 267 1219 bubulus,
278 1173 381 1225 quod
391 1173 491 1211 idem
501 1186 594 1210 esse
607 1173 698 1212 dicit
711 1187 756 1212 ac
765 1174 952 1219 babarus,

88 1244 204 1281 quum
236 1229 403 1280 liquidae
434 1230 533 1267 istae
561 1230 710 1268 litterae
741 1230 758 1268 l
780 1234 818 1268 et
841 1243 862 1268 r
887 1229 952 1267 ali-

89 1287 243 1337 quoties
265 1286 435 1323 vicissim
453 1285 651 1324 adhibitae
671 1290 737 1324 aut
756 1286 907 1324 Graeca
921 1288 957 1324 P

88 1357 112 1381 a
143 1342 294 1381 Latinis
324 1355 394 1392 per
418 1342 456 1380 L
481 1355 671 1392 expressa
696 1343 952 1380 inveniantur:

88 1400 176 1438 utin
191 1399 270 1437 PA
282 1398 406 1437 CKO
419 1398 654 1437 YHORIC
676 1398 954 1450 It'leascupolis

88 1455 175 1494 coll.
201 1455 289 1493 dict.
314 1454 364 1493 ad
389 1455 496 1493 Suet.
524 1453 606 1492 Tib.
623 1459 686 1495 37.
713 1455 897 1494 Latiaris
918 1458 956 1493 et

90 1512 290 1551 Latialis.-
325 1511 484 1550 Palilia.
515 1515 555 1548 et
579 1512 744 1550 Parilia
770 1512 819 1549 ad
846 1512 953 1549 Suet.

90 1568 210 1618 Calig.
240 1572 301 1609 16.
327 1571 367 1605 et
392 1571 455 1608 22.
484 1567 641 1619 [Heind.
667 1568 717 1606 ad
743 1567 819 1606 sic.
846 1567 953 1607 N.D.

90 1624 135 1663 Π.
166 1627 226 1664 19.
252 1623 283 1673 ᾧ.
311 1627 376 1664 50.
401 1628 440 1662 et
466 1628 529 1664 64.
557 1625 586 1675 ξ.
617 1628 706 1665 160.
755 1624 883 1662 Multa
908 1638 954 1662 sc

90 1681 279 1732 praebent
303 1681 502 1731 cogitanti,
529 1694 629 1731 quae
653 1681 741 1719 huic
766 1681 958 1719 vocabulo

89 1737 272 1776 substitui
289 1738 452 1788 possint.
481 1737 564 1775 Sed
583 1737 738 1776 difficile
763 1741 825 1775 est
843 1737 958 1783 dictu,

91 1806 192 1844 quae
238 1793 481 1844 potissimum
518 1794 613 1831 ratio
657 1794 858 1844 sequenda
894 1795 957 1832 sit.

92 1850 187 1889 Cum
218 1849 319 1888 Oud.
351 1850 451 1887 enim
481 1864 557 1888 non
590 1850 762 1896 fecerim,
795 1851 856 1900 qui
889 1864 957 1901 pro

93 1920 182 1945 vero
206 1907 378 1951 nomine,
403 1906 597 1944 allusione
617 1907 666 1946 ad
685 1906 851 1959 aliquem
878 1921 956 1945 cor-

90 1964 195 2015 poris
210 1963 272 2000 vel
285 1964 424 2001 mentis
450 1962 622 2001 habitum
651 1963 766 2009 facta,
793 1964 959 2002 vocabu-

92 2020 170 2058 lum
183 2020 352 2070 positum
367 2032 459 2057 esse
474 2020 678 2058 contendit.
705 2020 791 2058 Hoc
810 2021 844 2058 si
858 2033 959 2057 com-

93 2076 338 2128 probaveris,
377 2076 546 2115 babulns
580 2080 619 2114 et
655 2077 855 2116 baburrus
885 2090 958 2113 non

93 2136 226 2185 potest
255 2131 436 2178 stabiliri,
473 2132 579 2182 quod
610 2133 674 2183 qui
706 2136 783 2170 tam
814 2132 960 2170 subtile

94 2189 329 2239 excogitavit
341 2188 542 2226 consilium
554 2218 564 2233 ,
589 2189 734 2228 stultas
748 2193 786 2226 et
799 2190 959 2239 ineptus

94 2246 169 2284 dici
192 2245 333 2295 nequit.
374 2244 605 2282 Accuratius
631 2244 718 2282 huic
742 2245 960 2283 sententiae

94 2301 256 2340 accedat
287 2301 496 2346 barbatus,
533 2301 636 2351 quod
670 2300 842 2339 Glossae
868 2300 960 2340 Isid.

94 2373 133 2411 p.
148 2362 223 2400 671
234 2388 242 2397 .
256 2356 468 2408 explicant:
497 2358 723 2408 operarias,
740 2358 958 2397 inundans.

94 2414 233 2453 Potius
262 2418 388 2451 tamen
422 2414 582 2452 iocantis
615 2417 653 2451 et
680 2413 870 2451 lusitantis
895 2427 961 2451 vo-

97 2470 277 2509 cabulum
314 2469 509 2520 quoddam
545 2470 855 2508 substituendum
887 2474 960 2515 cst,

99 2541 175 2578 quo
206 2541 281 2565 non
313 2525 472 2564 alterius
498 2526 710 2576 ingenium,
744 2526 817 2563 sed
850 2539 961 2564 suam

99 2584 222 2635 ipsius
259 2581 505 2621 affectionem
543 2582 638 2619 latro
676 2582 880 2633 exprimat,
922 2587 964 2620 111

99 2640 152 2678 ita
175 2639 346 2678 babulas
375 2639 503 2689 possit
529 2638 695 2676 defendi.
743 2637 838 2677 Puto
865 2641 964 2677 enim

98 2696 135 2733 in
160 2695 235 2734 hac
250 2708 346 2734 voce
360 2695 628 2734 constituenda
644 2695 965 2746 proficiscendum

99 2765 194 2790 esse
218 2765 242 2790 a
265 2765 350 2790 voc.
365 2751 477 2791 babit
499 2751 684 2799 (babossO,
711 2751 812 2802 quod
829 2751 964 2790 Gloss.

99 2806 252 2847 Philox.
266 2822 304 2860 p.
319 2812 384 2848 27.
410 2811 607 2859 exponunt
631 2810 776 2858 γαυριᾶ.
803 2809 823 2846 i.
837 2821 871 2846 e.
898 2821 966 2847 ex-

101 2864 240 2910 sultat,
265 2865 407 2916 yestit3
444 2863 493 2902 cf.
524 2863 659 2902 Gloss.
691 2862 779 2902 Lat.
809 2878 848 2915 p.
875 2868 966 2904 415.

101 2919 219 2971 Apud
234 2920 410 2959 Graecos
424 2921 523 2958 onim
545 2924 583 2957 et
595 2919 760 2958 Latinos
774 2933 823 2957 ea
836 2921 967 2966 verba,

103 2988 204 3026 quae
233 2977 432 3027 ineptiam,
463 2976 715 3014 stoliditatem
739 2977 967 3028 exprimunt,

104 3031 342 3082 gloriabundi
378 3037 417 3071 et
451 3033 630 3071 iactantis
667 3033 782 3070 etiam
823 3032 970 3071 habent

104 3087 439 3138 significationem:
453 3085 549 3141 βλάξ
563 3089 664 3126 6111111
678 3102 752 3126 11011
768 3088 968 3141 50111111ῃὶ-

103 3156 241 3195 yrum,
265 3145 481 3197 infirmum,
511 3147 690 3198 ineptum
715 3144 873 3184 denotat
919 3145 969 3186 cf.

1010 665 1165 704 Ruhnk.
1199 664 1298 704 Tim.
1329 679 1366 717 p.
1401 668 1467 705 80.
1514 663 1688 714 Hesych.
1726 658 1874 714 βλάζειν

1008 725 1220 775 μωραιίειν,
1246 721 1447 760 sedetiam
1469 721 1676 766 lascivam,
1702 719 1873 763 mollem,

1009 780 1255 832 yloriautem
1281 777 1327 817 cf.
1354 778 1487 817 Gloss.
1514 777 1577 816 Gr.
1603 762 1691 815 Lat.
1715 790 1753 828 p.
1778 775 1872 816 410.

1008 838 1054 888 β).
1058 838 1163 874 am'ce:
1188 836 1379 881 iactatio,
1410 830 1520 887 βλάξε
1552 835 1720 873 ἰασΐαηε.
1747 831 1877 870 Κο611.

1010 892 1060 931 ad
1085 892 1202 943 Greg.
1216 905 1252 942 p.
1268 896 1359 931 557.
1384 888 1547 944 βακηλος
1570 903 1681 941 porro
1707 888 1876 927 testibus

1013 948 1135 987 Suida
1171 952 1210 986 et
1244 947 1446 999 Hesychio
1484 960 1598 997 quum
1634 959 1802 998 maqnus
1838 947 1878 982 et
1912 987 1915 991 ⁴

1012 1007 1171 1056 ineptus
1195 1006 1245 1042 511
1270 1004 1318 1042 cf.
1345 1004 1494 1042 Schott.
1520 1003 1569 1042 ad
1594 1002 1741 1041 Zenob.
1768 1000 1878 1039 Cent.

1011 1061 1038 1099 I.
1060 1065 1143 1105 62..
1173 1065 1252 1098 tum
1277 1060 1378 1098 idem
1404 1060 1508 1111 quod
1534 1060 1745 1098 lasciviens
1767 1062 1807 1095 et
1833 1057 1877 1096 li-

1013 1118 1224 1156 bidinosus
1248 1120 1309 1154 est
1340 1117 1387 1155 cf.
1421 1116 1559 1154 Thom.
1585 1115 1692 1166 Mag.
1718 1129 1756 1167 p.
1787 1117 1876 1155 138.

1012 1173 1136 1211 Salm.
1163 1173 1211 1211 ad
1237 1173 1357 1211 Solin.
1384 1186 1418 1223 p.
1446 1177 1558 1217 580..
1583 1172 1686 1210 unde
1712 1186 1785 1209 non
1811 1171 1877 1208 du-

1012 1230 1098 1267 bius
1123 1242 1228 1273 511111.
1255 1230 1343 1278 quin
1370 1230 1478 1267 Suet.
1505 1229 1604 1279 Aug.
1626 1233 1690 1268 87.
1718 1227 1880 1267 bacelas

1012 1284 1293 1335 legendumsit.
1321 1285 1386 1323 Sic
1410 1282 1526 1336 fiante
1549 1286 1683 1330 rudis,
1708 1286 1880 1336 ineptus,

1012 1343 1188 1381 ἰηίίιῖΐιιε
1214 1341 1277 1393 [cf.
1295 1342 1396 1380 baro
1410 1342 1568 1394 stultns]
1587 1341 1799 1379 derivatum
1814 1340 1879 1377 ha

1011 1393 1882 1450 1161βα1)1·)ἐτας,1]11011Εῒκηι.Μειης.ἀὶαζών

1014 1456 1189 1506 exponit.
1211 1454 1455 1493 οίῖΝ161111111.
1470 1454 1618 1492 inMus.
1627 1453 1754 1492 Rhen.
1765 1452 1810 1491 T.
1818 1451 1881 1490 ΙΙΙ.

1014 1525 1049 1562 p.
1080 1516 1140 1551 11.
1178 1525 1224 1549 ac
1258 1508 1419 1562 μάταιος
1455 1515 1493 1549 et
1528 1512 1706 1561 ineptum
1744 1514 1783 1547 et
1820 1522 1881 1547 va-

1014 1568 1225 1621 niloquum
1238 1567 1437 1619 significat.
1464 1566 1583 1618 Apud
1597 1566 1762 1605 Latinos
1781 1565 1883 1603 idem

1014 1626 1048 1663 in
1074 1639 1147 1662 11511
1173 1623 1314 1667 fuisse,
1340 1625 1426 1674 ipse
1453 1623 1587 1661 Cicero
1613 1626 1793 1664 testatur.
1820 1621 1884 1672 qui

1019 1683 1180 1732 ineptas
1205 1681 1254 1718 de
1279 1680 1387 1719 Orat.
1414 1679 1458 1719 ll.
1487 1685 1522 1720 4.
1548 1681 1577 1731 ξ.
1609 1684 1670 1720 17.
1698 1678 1883 1730 explicat:

1021 1739 1090 1790 qai
1115 1741 1189 1776 aut
1214 1742 1368 1789 tempas
1394 1738 1498 1789 quid
1520 1736 1701 1788 postulet
1723 1750 1805 1774 non
1833 1735 1883 1773 vi-

1018 1795 1105 1834 det.
1132 1799 1204 1832 aut
1224 1794 1352 1844 plara
1377 1794 1560 1845 loquitur
1575 1797 1644 1831 aut
1668 1806 1713 1831 se
1739 1797 1884 1830 osten-

1017 1856 1105 1895 tat,
1138 1849 1237 1888 unde
1269 1849 1372 1900 apud
1403 1849 1535 1887 Horat.
1568 1849 1648 1887 Sat.
1681 1847 1708 1887 l.
1747 1852 1785 1888 3.
1819 1851 1883 1887 49.

1018 1907 1294 1956 coniunguntur
1319 1907 1478 1957 [neptus
1507 1910 1547 1950 et
1569 1906 1794 1945 iactantior
1819 1904 1886 1942 ln‘c

1013 1964 1148 2016 paulo
1175 1967 1231 2002 est
1255 1966 1293 1999 et
1317 1962 1422 2012 apud
1442 1960 1539 2000 Plin.
1554 1961 1602 1999 H.
1616 1961 1665 2000 N.
1680 1960 1727 2000 Il.
1740 1963 1885 2001 43.43.

1021 2020 1137 2059 bruta
1170 2022 1208 2056 et
1240 2032 1344 2058 rana.
1366 2018 1556 2070 fnlme‘na.
1604 2017 1716 2056 Haec
1741 2016 1886 2068 duplex

1019 2080 1057 2114 et
1081 2075 1269 2114 stultitiae
1294 2078 1334 2112 et
1357 2075 1571 2113 iactationis
1597 2073 1824 2125 significatio
1850 2074 1886 2111 in

1021 2132 1136 2170 latino
1163 2132 1353 2170 vocabulo
1382 2131 1520 2170 babt're
1538 2131 1601 2168 vel
1623 2131 1768 2169 babere
1787 2129 1888 2168 eius·

1020 2201 1095 2239 que
1109 2188 1290 2226 derivatis
1306 2188 1437 2226 inesse
1457 2187 1618 2225 videtur.
1644 2186 1736 2225 15111.
1752 2186 1887 2226 Gloss.

1016 2258 1054 2296 p.
1072 2249 1164 2285 670.
1181 2248 1287 2282 extat
1302 2244 1490 2296 babe'ger:
1514 2244 1660 2283 stultus
1685 2247 1724 2281 et
1743 2257 1780 2295 p.
1795 2247 1887 2283 671.

1020 2301 1218 2353 babe'yera
1242 2301 1382 2346 stulta,
1415 2301 1519 2351 quod
1549 2301 1633 2338 51116
1659 2300 1775 2338 dubio
1802 2313 1889 2338 cum

1019 2358 1159 2399 habire
1171 2361 1326 2410 γαυριᾶν
1339 2357 1555 2395 arctissime
1569 2356 1766 2395 cohaeret.
1781 2355 1889 2393 Idem

1018 2415 1178 2452 restituo
1205 2413 1340 2452 Gloss.
1368 2414 1486 2452 Arab.
1511 2413 1598 2451 Lat.
1631 2427 1667 2464 p.
1695 2413 1794 2454 707:
1826 2413 1890 2449 ubi

1020 2484 1119 2508 nunc
1151 2470 1288 2516 legitur
1319 2470 1479 2516 babier,
1510 2470 1738 2521 pracsertim
1772 2481 1889 2519 quum

1021 2527 1200 2565 balmrra
1236 2527 1367 2564 statim
1404 2532 1605 2577 sequatur,
1645 2526 1750 2576 quod
1787 2524 1890 2563 idem

1022 2583 1238 2633 significare
1252 2583 1398 2621 scimus
1412 2596 1461 2620 ex
1470 2582 1605 2621 Gloss.
1616 2581 1766 2619 Philox.
1776 2595 1813 2632 p.
1824 2585 1890 2621 28.

1021 2640 1086 2678 ubi
1119 2640 1321 2679 barburra
1353 2638 1638 2677 emendandum
1670 2642 1731 2675 est
1761 2639 1796 2675 in
1823 2638 1890 2676 ba-

1025 2696 1149 2736 barra
1174 2690 1304 2747 ἆᾳρων
1329 2693 1488 2745 ἀνόητος
1510 2691 1680 2745 μάταιος.
1708 2693 1802 2732 Cum
1829 2693 1890 2732 his

1022 2753 1124 2790 bene
1156 2752 1328 2803 congruit
1359 2765 1496 2790 nomen
1528 2752 1721 2802 propriiuu
1753 2750 1891 2795 Baba.

1027 2809 1130 2858 quod
1157 2809 1258 2859 apud
1286 2808 1424 2846 Senec.
1452 2808 1565 2859 epist.
1596 2812 1657 2847 15.
1689 2807 1720 2858 ξ.
1747 2810 1802 2849 8..
1827 2806 1892 2844 11111

1024 2864 1227 2916 Ruhkopf.
1254 2865 1321 2910 cs..
1349 2865 1546 2909 invenitur,
1573 2867 1611 2901 et
1626 2863 1789 2908 fatuum,
1814 2866 1892 2901 sto-

1027 2921 1145 2959 lidum
1187 2921 1300 2959 huius
1342 2921 1528 2971 temporis
1570 2919 1765 2957 hominem
1807 2933 1893 2958 cum

1025 2977 1157 3015 Ixione
1182 2977 1381 3028 significat.
1408 2976 1474 3015 Sic
1499 2976 1613 3014 facile
1639 2977 1725 3027 quis
1749 2977 1785 3014 in
1806 2990 1893 3015 cona

1025 3035 1207 3072 iecturam
1233 3033 1359 3084 possit
1384 3033 1572 3075 incidere.
1605 3033 1706 3071 baro
1732 3034 1894 3082 eiusque

1027 3090 1201 3128 derivata
1229 3090 1372 3140 ubique
1404 3090 1440 3126 in
1473 3089 1577 3128 babo
1609 3102 1702 3128 esse
1728 3103 1893 3127 commu-

1026 3146 1162 3193 tanda,
1200 3146 1262 3185 vel
1298 3145 1437 3186 habire
1473 3159 1558 3185 cum
1582 3145 1678 3200 —suis
1709 3144 1893 3185 derivatis
