2155 3590
764 176 947 217 LIBER
982 176 1104 217 VIII.
1164 173 1291 216 CAP.
1323 175 1350 216 1.

1850 178 1934 221 637

146 288 318 343 locuples
343 290 360 308 ⁹
375 288 443 329 sed
476 288 647 329 luxurie
672 289 878 343 popz'nalz’
904 289 1124 344 scortisque
1154 295 1194 330 et
1224 288 1375 329 diurnis
1400 289 1666 344 potationibus
1691 290 1934 332 exercitatus

145 425 301 464 locuple-z·
315 429 351 457 G.
368 428 396 456 1.
411 429 442 456 2.
456 424 486 456 δ’.
499 435 529 462 p.
545 427 566 458 f.
590 429 674 456 Iunt.
691 428 720 456 1.
768 429 802 455 et
814 426 918 456 luxus
931 430 966 456 G.
983 429 1011 457 1.
1025 429 1060 457 Ο.
1107 426 1166 456 sed
1182 430 1217 456 et
1232 425 1396 456 luxuriae
1415 427 1497 456 con.
1511 428 1608 457 Voss.
1627 430 1664 457 G.
1679 430 1709 458 2.
1721 430 1760 458 D.
1804 431 1935 468 pompi-

144 471 234 500 natis
248 474 287 501 D.
334 472 524 510 scortisque
536 474 572 501 L.
588 471 690 507 (quod
703 473 788 502 idem
800 473 835 501 In
848 473 1012 507 excerptis
1026 473 1097 502 suis
1111 475 1178 502 cod.
1193 474 1229 502 G.
1242 475 1274 501 2.
1286 472 1366 509 legit
1378 473 1458 502 Oud.
1482 473 1546 501 Sed
1566 473 1612 502 ibi
1630 474 1820 511 scortisque
1839 482 1936 510 aper-

143 517 269 546 tissime
286 517 475 553 scribitur.)
500 517 670 555 sortisque
687 519 726 547 D.
751 520 786 545 et
797 518 986 555 scortisque
998 519 1112 548 Venet.
1126 520 1157 547 2.
1203 516 1326 546 divinis
1341 519 1379 547 L.
1426 517 1641 546 exercitatus
1655 519 1888 555 potationibus
1905 529 1936 556 p.

142 626 242 666 haec
265 626 356 665 mihi
374 640 449 665 non
468 626 721 666 satisfaciunt.
746 626 860 680 ‘Hinc
885 639 1013 665 emen-

144 683 233 722 davi
258 682 424 735 eloquio
450 683 577 722 clarus
595 687 637 721 ut
648 683 844 722 Plutarch.
864 683 913 721 de
929 682 1013 721 Clo-

144 739 208 777 dio
235 739 329 777 dixit
352 740 416 778 vit.
444 738 559 779 Caes.
588 753 626 807 p.
652 743 745 780 711.
772 753 804 778 e.
837 736 1015 785 Hdnhog

142 791 321 842 Κλώδιος
354 789 400 846 ἧι
435 793 528 861 ανὴρ
563 810 656 848 γειει
688 795 754 847 μὲν
791 793 1015 848 εὐπατρίδης

143 850 297 901 πλούτῳ
321 853 384 890 καὶ
409 848 508 904 λόγῳ
538 850 728 904 λαμπρὸς,
759 849 863 904 ὕβρει
887 867 926 890 τε
950 853 1014 890 καὶ

142 904 357 971 θρασύτητι
385 912 462 947 τῶν
484 910 544 947 ἐπὶ
574 909 750 961 βδελυρία
780 903 1010 960 περιβοήτων

145 959 298 1010 οὐδενὸς
320 962 501 1017 δεύτερος.
528 964 576 1003 cf.
598 978 634 1016 p.
650 969 742 1005 525.
773 964 1012 1018 Thrasyllus

143 1021 272 1059 verbis
301 1021 576 1073 palpantibus
611 1020 811 1060 stimulum
855 1020 1013 1059 doloris

145 1077 390 1122 obtundere.
421 1078 546 1116 4υανίἰε
576 1076 772 1128 exemplzs
800 1075 1014 1127 nzultitayi

144 1146 260 1172 casus
277 1133 426 1172 solatia
438 1137 605 1172 nectere.
631 1132 784 1171 Rodius
798 1131 918 1170 totius
940 1131 1013 1169 loci

148 1187 412 1227 difficultatem
444 1202 492 1227 eo
517 1189 668 1234 vitavit,
705 1191 747 1226 ut
770 1189 806 1226 in
831 1188 1014 1239 Interpre-

140 1245 287 1283 tatione
311 1245 465 1283 omnino
490 1246 700 1289 omitteret,
731 1242 1014 1294 Francogallus

143 1302 273 1339 vertit:
298 1300 325 1338 il
340 1301 460 1340 tenait
478 1313 572 1352 rang
586 1305 694 1339 entre
708 1300 767 1337 les
781 1298 1014 1343 chevaliers,

139 1356 244 1407 quod
266 1360 471 1407 praeterea
484 1369 531 1394 eo
549 1358 679 1395 minus
698 1356 852 1408 probari
867 1358 1011 1406 potest,

141 1425 257 1463 quum
282 1413 556 1450 institutionem
580 1425 688 1451 mere
712 1411 932 1450 Romanam
962 1410 1013 1448 ad

141 1481 320 1520 graecam
335 1470 527 1507 civitatem
539 1469 629 1507 W.
644 1468 734 1506 DD.
748 1466 1012 1518 transferant]

139 1525 274 1563 Minus
299 1525 499 1575 eleganter
521 1525 544 1563 ii
571 1529 707 1575 agunt,
739 1524 804 1575 qui
837 1537 887 1562 ex
911 1523 1012 1561 Mss.

141 1581 309 1619 lectione
321 1582 542 1620 restituunt:
566 1581 772 1620 natalibus
786 1580 1009 1632 praenobi-

141 1638 207 1684 lis,
240 1639 313 1690 qui
343 1637 480 1677 clarus
509 1642 548 1677 et
570 1638 776 1689 pecuniae
802 1638 889 1689 fuit
912 1636 1011 1675 satis

139 1694 341 1746 locuples,
367 1695 546 1744 quoniam
566 1693 702 1733 clarus
722 1693 774 1731 ita
793 1707 867 1732 non
882 1693 1012 1737 habet,

138 1763 217 1802 quo
243 1750 374 1788 referri
400 1753 538 1801 queat,
562 1750 906 1788 etenunciationis
927 1762 1013 1787 con-

139 1807 302 1845 cinnitas
327 1807 579 1851 disturbatur,
611 1819 712 1856 quae
737 1818 853 1856 quum
879 1809 1010 1844 cetera

138 1862 329 1902 adiectiva
352 1863 534 1914 apposito
556 1863 725 1914 quodam
744 1862 914 1901 ablativo
933 1863 1009 1900 sint

139 1922 271 1964 aucta,
308 1919 384 1957 hoc
422 1931 580 1970 quoque
608 1923 651 1957 ut
673 1919 842 1957 eundem
867 1917 1011 1956 habeat

138 1974 339 2027 postulare
353 1975 513 2014 videtur.
539 1974 623 2013 Sed
637 1987 685 2013 ne
698 1975 810 2013 nimis
825 1987 1010 2026 arrogans

137 2031 308 2077 viderer,
337 2043 467 2070 meam
485 2030 796 2082 qualemcunque
821 2031 1013 2069 coniectu-

139 2100 220 2125 ram
233 2087 282 2125 ad
296 2087 584 2125 adnotationem
597 2087 792 2138 relegans,
807 2085 1013 2126 lectionem

140 2146 358 2195 corruptam
388 2144 424 2181 in
454 2147 604 2181 textum
638 2143 787 2194 recepi,
823 2144 1013 2182 asterisco

140 2202 269 2238 tamen
283 2199 519 2250 insignitam,
544 2213 592 2237 ne
607 2200 694 2253 quis
708 2212 756 2237 ea
769 2198 1014 2251 decipiatur.]

197 2261 238 2294 et
243 2256 449 2307 pecuniae
457 2256 557 2308 fuit.
583 2255 664 2307 [Ne
679 2270 702 2295 a
715 2256 827 2295 codd.
846 2256 1015 2294 lectione

138 2312 382 2358 recederem,
408 2324 524 2362 quam
554 2312 676 2350 textui
706 2312 930 2363 subponere
955 2312 1009 2350 in-

139 2368 245 2420 cepi,
286 2381 513 2420 perversum
548 2368 645 2407 illud
681 2373 719 2407 et
754 2369 1010 2407 exterminare

139 2424 263 2470 nolui,
295 2437 530 2476 quamquam
561 2438 608 2464 eo
633 2424 766 2475 optimi
790 2424 876 2463 libri
899 2438 1010 2476 prae-

138 2482 250 2527 bent,
273 2481 378 2519 unde
391 2494 493 2532 quae
507 2493 599 2520 vera
611 2480 726 2519 huius
741 2479 816 2519 loci
830 2482 882 2520 sit
895 2481 1010 2520 lectio

138 2537 286 2576 doctior
310 2538 468 2588 quidam
491 2536 682 2576 enucleet.
707 2535 811 2575 Nam
824 2537 875 2575 de
888 2537 1007 2576 nihilo

138 2607 213 2632 non
238 2594 420 2633 habenda
432 2597 494 2632 est
507 2592 604 2632 haec
618 2593 836 2644 corruptela
846 2624 856 2640 ‚
881 2595 918 2632 in
932 2606 1010 2645 qua

137 2651 272 2703 optimi
297 2649 454 2689 codices
480 2650 743 2695 consentiunt,
779 2663 853 2688 nec
882 2651 1009 2688 minus

135 2711 357 2758 corruptum
380 2706 504 2745 iudico
528 2704 759 2744 vocabulum
782 2707 879 2758 fuit,
904 2706 1011 2758 quod

138 2775 256 2814 quum
280 2768 370 2802 erat
391 2763 696 2814 praegrediatur,
720 2763 784 2800 vix
806 2762 1011 2800 tolerabile

139 2823 202 2858 est
225 2820 424 2871 totiusque
449 2818 524 2858 loci
548 2819 845 2857 concinnItatem
864 2822 1012 2858 contur-

139 2876 217 2915 bat.
232 2874 334 2914 Oud.
348 2876 516 2914 refinxit:
543 2887 674 2927 eoque
686 2875 807 2913 simul
814 2875 903 2926 fuit
913 2876 1011 2914 satis

140 2931 341 2984 locuples,
367 2932 481 2982 quasi
505 2935 638 2970 auctor
657 2930 787 2968 dicere
804 2929 1011 2977 voluisset,

138 2986 247 3025 illum
272 3001 321 3026 eo
344 2988 439 3028 loco
463 2993 502 3027 et
524 3000 686 3027 munere
697 2987 797 3025 satis
821 2988 1011 3038 pecuniae

140 3043 341 3089 habuisse,
354 3044 454 3083 sicut
468 3044 677 3088 natalibus,
703 3055 848 3093 genere
860 3056 908 3081 ac
919 3056 1010 3094 pos-

139 3099 387 3138 sessionibus
410 3100 578 3152 propriis
601 3102 684 3137 erat
709 3099 905 3151 locuples.
941 3098 1011 3137 Vir

1071 627 1293 666 emendavit
1315 630 1356 666 et
1372 627 1552 678 pecunia
1577 631 1616 666 et
1629 629 1768 680 fundo
1786 634 1826 668 et
1841 632 1937 669 satis

1073 684 1268 736 locuples.
1293 683 1357 721 De
1380 682 1506 721 forma
1530 683 1728 735 locuplex
1752 685 1801 723 cf.
1814 685 1936 724 Voss

1071 741 1106 778 in
1121 739 1291 791 Etymol.
1314 752 1346 777 s.
1360 752 1395 777 v.
1416 743 1456 777 et
1468 739 1598 778 Burm.
1614 739 1663 778 ad
1677 741 1835 780 Anthol.
1850 741 1937 779 Lat.

1072 795 1117 835 T.
1142 795 1190 835 ΙΙ.
1213 810 1251 848 p.
1277 800 1372 837 507.
1396 795 1519 834 Voss.
1544 795 1663 834 Arist.
1691 795 1829 848 T.1..p
1845 801 1937 838 483

1071 851 1262 891 Foertsch
1268 851 1294 904 .]

1124 909 1196 948 secl
1209 908 1374 948 luxurie
1387 908 1587 960 popinalt‘
1598 909 1836 962 scortisque.
1865 908 1939 962 [lta

1068 978 1156 1002 meo
1170 964 1342 1016 periculo
1356 964 1559 1003 emendavi
1574 968 1613 1003 et
1623 965 1667 1004 {in
1686 969 1796 1004 textu
1814 968 1938 1017 posui.

1069 1021 1191 1060 Mil-or
1214 1021 1338 1067 enim,
1365 1020 1429 1071 qui
1455 1021 1556 1058 viros
1581 1020 1722 1065 doctos
1745 1022 1939 1073 genitivus

1070 1077 1137 1115 ille
1169 1077 1361 1116 luxuriae
1385 1076 1603 1128 popinalis
1632 1077 1832 1116 offendere
1862 1093 1937 1118 non

1070 1133 1249 1185 potuerit,
1265 1132 1328 1182 qui
1343 1132 1574 1171 adiectivum
1594 1147 1669 1172 non
1689 1134 1818 1180 habet,
1836 1135 1942 1174 unde

1070 1189 1252 1241 pendeat.
1278 1187 1364 1227 Hoc
1375 1201 1469 1226 vero
1484 1191 1711 1228 necessario
1725 1190 1788 1229 hic
1801 1192 1941 1242 requiri

1071 1258 1190 1296 supra
1218 1244 1295 1282 iam
1325 1244 1423 1290 dixi,
1454 1257 1571 1296 quum
1602 1246 1653 1284 de
1678 1245 1845 1285 lectione
1871 1250 1941 1300 qui

1073 1301 1210 1340 clarus
1232 1312 1257 1338 a
1280 1313 1344 1337 me
1368 1300 1511 1338 dictum
1536 1305 1612 1339 est.
1646 1302 1801 1341 Deinde
1825 1305 1941 1342 etiam

1069 1357 1263 1395 ablativus
1293 1355 1358 1394 hic
1381 1356 1663 1407 praeferendus
1695 1363 1794 1405 erat,
1825 1373 1941 1412 quem

1069 1417 1200 1452 cetera
1223 1411 1417 1451 adiectiva
1429 1412 1655 1452 adsciscunt
1668 1417 1813 1461 omnia,
1838 1416 1941 1454 unde

1070 1483 1146 1508 non
1183 1470 1237 1508 ita
1271 1482 1295 1507 a
1329 1467 1608 1521 Kulenkampii
1644 1472 1865 1511 coniectura
1905 1473 1942 1510 in

1071 1538 1222 1579 praegr.
1248 1524 1404 1564 alienus
1428 1538 1533 1572 sum,
1566 1526 1629 1577 qui
1656 1526 1731 1566 loci
1754 1529 1942 1567 rationem

1069 1582 1216 1634 optime
1247 1582 1458 1632 perspexit.
1509 1581 1777 1634 Corruptelam
1811 1588 1942 1623 autem

1068 1639 1122 1677 ita
1146 1637 1318 1690 explico:
1344 1636 1459 1676 Prius
1485 1652 1602 1689 quum
1614 1640 1812 1692 popinall
1836 1641 1942 1693 lege-

1068 1699 1188 1741 retur,
1220 1694 1456 1745 negligentia
1491 1692 1730 1735 librariorum
1767 1710 1787 1737 s
1816 1697 1944 1736 littera

1070 1750 1274 1803 sequentis
1305 1749 1484 1789 vocabuli
1514 1764 1719 1802 perperam
1747 1754 1940 1799 adhaesit,

1067 1821 1144 1859 quo
1168 1807 1260 1845 vitio
1284 1807 1460 1845 admisso
1486 1810 1751 1848 necessarium
1776 1815 1875 1857 erat,
1900 1814 1943 1848 ut

1067 1867 1300 1915 interpretes
1325 1865 1366 1900 et
1388 1863 1527 1902 librarii
1558 1865 1798 1904 recentiores
1824 1867 1941 1906 luxu·

1067 1922 1156 1960 riae
1181 1919 1443 1958 emendarent.
1470 1918 1510 1957 ln
1525 1921 1693 1971 antiquis
1707 1923 1806 1960 enim
1823 1921 1941 1967 libriS,

1068 1981 1111 2016 ut
1134 1976 1198 2014 vel
1223 1976 1410 2016 tironibus
1435 1976 1607 2023 innotuit,
1629 1978 1796 2018 luxurie
1819 1982 1860 2017 et
1884 1979 1941 2019 lu-

1072 2034 1223 2073 xuriae
1253 2031 1430 2083 dignosci
1466 2037 1672 2083 nequeunt.
1720 2033 1793 2072 Ille
1829 2035 1942 2087 igitur

1072 2086 1311 2140 Thrasyllus
1336 2089 1570 2127 exercitatus
1589 2093 1672 2128 erat
1691 2090 1856 2131 luxurie
1866 2105 1940 2143 po-

1067 2145 1206 2198 pinalc'
1242 2145 1264 2182 i.
1290 2158 1324 2184 e.
1362 2144 1471 2196 gula,
1508 2146 1613 2184 escis
1639 2146 1941 2194 delicatioribus,

1073 2203 1213 2240 scortis
1239 2204 1279 2239 et
1302 2202 1582 2252 potationibus.
1628 2203 1823 2255 Popinae
1851 2217 1942 2242 vero

1073 2270 1231 2309 semper
1255 2270 1342 2295 cum
1361 2257 1572 2297 fornicibus
1592 2259 1820 2298 coniunctae
1838 2274 1941 2300 com·

1066 2318 1343 2360 memorantur,
1370 2315 1460 2364 quia
1482 2316 1726 2354 meretricum
1750 2321 1860 2356 erant
1885 2317 1941 2355 la-

1066 2370 1190 2410 tibula
1214 2370 1261 2408 cf.
1286 2369 1374 2409 Intt.
1398 2370 1449 2408 ad
1463 2369 1595 2411 Horat.
1612 2371 1737 2423 Epist.
1752 2372 1780 2411 Ι.
1797 2378 1859 2413 14.
1874 2377 1940 2413 21.

1067 2431 1107 2466 et
1129 2426 1227 2465 Zell.
1252 2428 1288 2465 in
1314 2426 1412 2466 libro
1440 2428 1786 2480 Feriensclzriften
1802 2443 1840 2481 p.
1855 2430 1939 2482 38.]

1125 2484 1288 2522 diurnis
1307 2484 1606 2534 potationibus.
1654 2484 1789 2524 Heius.
1815 2485 1867 2523 ad
1885 2484 1939 2523 lo-

1066 2552 1152 2579 cum
1167 2538 1281 2578 Ovid.
1297 2539 1385 2577 dict.
1400 2540 1567 2578 coniecit
1586 2541 1766 2580 diutinis.
1792 2541 1940 2580 Verum

1065 2600 1194 2635 tamen
1219 2609 1295 2634 non
1320 2599 1470 2634 temere
1493 2596 1677 2635 mutanda
1701 2601 1764 2635 est
1782 2596 1942 2649 vulgata

1067 2652 1195 2690 lectio.
1244 2652 1433 2692 Dim-nae
1461 2654 1561 2690 enim
1589 2655 1824 2705 potationes
1853 2666 1941 2692 cum

1068 2708 1170 2747 Oud.
1185 2709 1272 2759 capi
1285 2712 1452 2760 possunt
1464 2722 1534 2759 pro
1553 2710 1813 2759 tempestivis,
1839 2722 1941 2760 quae

1068 2764 1131 2803 vel
1146 2764 1196 2803 de
1208 2765 1338 2803 medio
1351 2764 1415 2802 die
1433 2764 1544 2811 fiunt,
1569 2765 1633 2802 vel
1647 2765 1682 2804 in
1697 2765 1798 2803 diem
1811 2779 1941 2817 usque

1067 2820 1344 2872 provehuntur.
1371 2819 1420 2859 cf.
1436 2819 1609 2860 Curt.Vl.
1623 2825 1659 2861 2.
1674 2820 1762 2860 Huc
1773 2824 1941 2872 pertinet

1068 2876 1166 2915 Met.
1189 2875 1258 2916 IX.
1279 2890 1316 2929 p.
1344 2880 1437 2917 621.
1469 2877 1720 2916 Matutino
1748 2891 1877 2918 mero
1902 2883 1941 2918 et

1071 2933 1268 2973 continuo
1303 2937 1448 2984 stupro
1484 2946 1637 2986 corpus
1677 2934 1940 2986 manciparat

1070 2988 1124 3041 [p.
1151 2992 1244 3030 601.
1265 2989 1490 3040 prandio
1513 2990 1754 3028 matutino
1782 2992 1937 3032 saucia.

1067 3045 1133 3083 ubi
1146 3044 1259 3096 plura
1270 3044 1476 3095 proferam.
1504 3045 1706 3084 Summum
1719 3046 1821 3084 enim
1834 3047 1939 3099 apud

1067 3103 1225 3139 veteres
1238 3103 1323 3138 erat
1339 3100 1531 3147 dedecus,
1557 3101 1804 3152 hominisque
1822 3102 1940 3154 longe
