2155 3590
648 151 837 192 LIBER
872 152 946 192 vl.

72 278 220 305 mecum
247 262 362 304 simul
386 278 504 304 unum
529 261 718 305 fluentum
742 264 860 316 bibit,
894 265 1068 306 latenter
1100 271 1139 305 te
1170 261 1433 312 abscondere3
1471 268 1512 302 et
1541 276 1628 302 eum
1659 261 1822 316 primum
1850 263 1857 317 Ι
1890 262 1955 294 404

1007 150 1134 192 CAP.
1164 150 1262 192 XII.
1782 151 1864 194 435

69 321 245 373 mitigata
283 321 386 361 furia
415 320 643 362 laxaverint
680 334 774 362 oves
812 321 1005 372 animum,
1045 320 1242 376 percussis
1281 317 1486 360 frondibus
1521 318 1663 372 attigui
1691 320 1863 360 nemoris

68 378 245 418 lanosum
276 390 413 418 aurum
438 376 634 431 reperies,
661 377 764 430 quod
788 378 931 432 passim
957 377 1144 433 stirpibus
1169 374 1360 417 connexis
1386 373 1648 416 obhaerescit.

66 490 170 511 meum
185 491 241 518 pro
254 490 378 511 mecum
393 490 449 518 pro
463 491 524 517 quo
537 483 618 512 oud.
631 485 757 512 mavult
769 490 820 510 me
833 482 936 510 simul
946 480 976 512 δ.
1026 485 1075 519 te,
1101 484 1183 518 quod
1195 485 1272 512 ante
1283 478 1489 510 abscondere
1501 481 1534 511 in
1548 482 1713 511 nonnullis
1727 483 1821 512 libris
1835 488 1866 512 et

65 528 135 557 edd.
149 531 224 556 vett.
238 529 386 557 omnibus
401 531 500 566 extat,
515 536 577 557 non
590 532 753 563 comparet
765 528 799 557 in
813 529 848 557 F.
863 529 893 557 3.
907 530 944 556 G.
957 530 995 557 D.
1010 529 1045 557 P.
1060 530 1095 557 Ο.
1110 528 1132 558 f.
1146 525 1176 557 ὃ.
1189 528 1270 558 Oud.
1283 529 1386 565 putat,
1405 529 1444 555 ob
1464 528 1696 561 praecedentes
1715 531 1866 563 syllabas

65 575 247 608 neglectum
260 582 344 602 esse.
391 572 579 601 lassaverit
592 575 628 603 G.
652 573 997 602 IaxauueritVicent.
1036 572 1218 612 frontibus
1229 574 1324 603 Vulc.
1341 573 1370 602 1.
1383 574 1519 601 Mercer.
1554 572 1723 607 aut’nm'p.
1771 581 1867 610 repe-

64 617 113 646 ris
127 619 163 646 P.
177 625 206 653 p.
254 617 395 655 stipibus
409 615 438 647 δ.
454 619 566 648 Venet.
579 620 611 647 2.
624 620 709 648 lunt.
725 620 754 648 1.
769 620 800 647 2.
815 619 928 647 Aldin.
953 617 1105 655 napibus
1122 620 1158 647 G.
1171 620 1210 648 D.
1257 616 1420 646 connexis
1433 618 1470 647 F.
1485 618 1514 646 1.
1530 618 1564 646 0.
1580 626 1610 652 p.
1625 617 1646 645 f.
1659 614 1688 646 δ.
1702 625 1739 647 π.
1754 620 1803 647 ed.
1817 627 1865 653 pr.

63 663 191 692 Vicent.
203 665 353 693 Beroald.
365 665 443 693 Bas.
457 665 487 694 1.
513 663 674 692 conces-is
686 664 722 693 F.
737 665 768 693 3.
782 665 818 692 G.
841 664 964 692 Eadem
976 663 1125 693 confusio
1138 665 1262 693 Lucan.
1275 665 1331 693 111.
1344 663 1420 693 400.
1437 664 1476 692 In
1488 665 1561 692 cen.
1574 666 1665 691 extat
1677 671 1866 692 connexum

63 712 189 743 praeter
212 710 326 738 Vener.
344 711 392 745 2.,
424 716 508 744 quae
531 712 629 738 habet
645 709 764 738 vitiose
783 716 967 736 connexus.

1019 706 1239 737 adhaerescit
1255 709 1293 738 F.
1312 709 1342 738 1.
1390 705 1603 736 obhorremt
1620 709 1656 737 G.
1675 709 1713 737 D.
1733 710 1772 738 R.
1791 717 1822 744 p.
1843 709 1865 738 f.

63 752 228 781 abor-escit
242 755 278 782 P.
303 752 493 782 abhorescit
504 755 633 784 Vicent.
658 755 761 790 [quod
775 754 808 783 in
823 761 893 783 mea
906 754 938 783 in
953 751 1141 782 obherescit
1153 755 1358 784 emendatum
1369 753 1450 788 est.)
1475 750 1691 782 abhorrescit
1703 751 1733 784 d.
1747 755 1785 783 In
1792 757 1865 783 cett.

64 796 287 827 obhaerescil.

120 901 241 926 unum
252 889 443 940 {laentum
458 887 568 926 bibit.
595 887 676 939 [De
690 887 825 926 bibere
834 886 933 924 Elm.

62 943 206 981 excitat
213 942 667 995 Anacreont.X1X.1sq.:
681 942 702 994 ἡ
717 946 762 995 γῆ
775 945 934 993 μέλαινα

61 1001 174 1044 πίνει,
205 1002 300 1039 πίνει
323 997 444 1052 δενδρ’
467 995 602 1052 αὐτὴν,
627 1002 722 1039 πίνει
745 996 934 1039 θάλασσα

61 1053 94 1094 δ’
107 1050 235 1108 αὔρας.
244 1056 364 1096 Oud.:
380 1055 546 1095 deCerd.
556 1055 931 1107 adVirg.Ge0rg.lV.

61 1115 126 1152 32.
151 1112 295 1151 Achili.
311 1113 361 1152 ad
383 1112 527 1152 Tibull.
547 1112 591 1152 II.
616 1117 649 1152 1.
670 1117 735 1153 44.
762 1111 935 1164 [Bibere

59 1169 158 1207 enim
174 1182 309 1207 omnes
325 1182 397 1207 eae
409 1183 473 1207 res
488 1169 674 1214 dicuutur,
688 1181 789 1219 quae
803 1168 934 1207 aridae

59 1224 256 1263 humorem
266 1225 443 1264 hauriunt
453 1229 490 1263 et
497 1225 547 1263 ad
561 1239 607 1263 se
619 1224 787 1264 trahunt.
811 1223 868 1262 lta
882 1224 932 1262 de

58 1281 224 1328 terra‚de
232 1282 500 1327 arboribus,de
510 1281 598 1320 lana
606 1284 931 1332 usurpatur,quac

57 1351 160 1389 aqua
173 1339 372 1388 irrigantur
385 1341 425 1375 et
437 1337 659 1376 madefiunt.
685 1336 742 1375 Cf.
757 1335 932 1376 Broukh.

57 1394 108 1432 ad
122 1392 208 1434 Tib.
222 1393 268 1433 ll.
285 1400 321 1434 1.
336 1398 400 1434 44.
416 1394 499 1432 Intt.
515 1394 565 1432 ad
579 1393 695 1432 Ovid.
710 1392 808 1432 Met.
822 1391 929 1431 XIII.

48 1453 130 1493 ’901
141 1480 150 1490 .
166 1450 355 1489 Schmidt.
369 1451 419 1489 ad
433 1450 565 1489 Horat.
580 1449 708 1502 Epist.
723 1448 749 1488 I.
762 1448 823 1490 18.
838 1452 929 1489 105.

57 1521 93 1559 p.
109 1511 203 1550 412.
230 1507 386 1545 Deinde
402 1507 536 1546 bibere
545 1509 692 1560 flumen
713 1506 833 1544 etiam
858 1504 926 1544 ho-

56 1564 182 1603 mines
212 1563 404 1609 dicuntur,
442 1564 506 1615 qui
536 1563 701 1602 fluminis
727 1563 927 1614 regionem

57 1620 244 1660 accolunt.
270 1620 318 1658 cf.
333 1620 439 1670 Virg.
460 1620 561 1659 Aen.
574 1618 663 1659 Vll.
684 1624 777 1660 715.
799 1620 929 1671 ibique

54 1675 140 1716 lntt.
165 1677 216 1715 ad
243 1676 358 1716 Ovid.
383 1676 480 1715 Met.
505 1676 596 1716 XV.
623 1676 735 1729 281]

111 1772 149 1806 te
172 1767 433 1807 abscondere.
472 1767 546 1820 [Te
569 1780 800 1819 pronomen,
827 1765 931 1816 quod

54 1823 89 1862 in
116 1824 272 1875 optimis
304 1824 411 1862 fibris
443 1839 517 1863 non
554 1827 772 1875 comparet,
809 1823 929 1861 omitti

55 1894 129 1919 non
155 1884 305 1932 potest,
332 1881 423 1932 quia
442 1894 514 1920 nec
525 1881 720 1919 sententia
734 1893 806 1918 nec
818 1879 928 1918 vocis

53 1936 236 1988 analogia
259 1941 393 1988 potest
417 1937 573 1982 firmari,
604 1941 780 1976 neutram
811 1936 927 1987 signi-

54 1993 270 2032 ficationem
302 1993 378 2032 hoc
410 1993 641 2032 vocabulum
664 2006 834 2044 unquam
860 1992 925 2030 ha-

54 2049 204 2090 buisse.
235 2047 314 2090 Vel
339 2048 443 2089 Oud.
469 2049 671 2100 probanda
695 2053 758 2087 est
782 2049 926 2099 opinio,

55 2106 119 2156 qui
133 2110 290 2158 propter
301 2106 571 2144 antecedentis
583 2105 748 2144 voculae
758 2105 930 2144 latenter

55 2166 295 2213 postremam
314 2162 510 2213 syllabam
531 2162 730 2200 excidisse
743 2161 781 2199 id
796 2161 928 2206 voluit,

54 2217 118 2256 vel
143 2222 239 2269 post
260 2219 511 2258 abscondere
535 2231 746 2270 pronomen
774 2220 836 2255 est
859 2230 927 2268 po·

53 2274 239 2321 nendum,
271 2276 379 2313 cuius
409 2275 532 2313 sedes
563 2289 636 2313 non
668 2274 817 2319 solum,
852 2273 928 2312 sed

53 2331 326 2382 praecedentis
347 2333 462 2370 etiam
485 2331 669 2382 syllabae
687 2330 774 2369 soni
794 2331 926 2369 simili-

51 2388 146 2426 tudo
155 2388 339 2439 decipere
348 2388 525 2426 librarios
534 2391 684 2439 posset.
701 2386 798 2425 Fine
808 2400 925 2426 enun-

51 2444 230 2484 ciationis
260 2458 470 2496 pronomen
507 2445 677 2496 positum
715 2457 826 2491 esse,
862 2457 926 2482 me

51 2514 128 2540 non
143 2500 323 2547 offendit,
342 2499 609 2552 cs.Met.Vl.p.
620 2505 713 2542 416.
726 2501 926 2553 porrlqas

52 2559 99 2598 ei.
133 2558 280 2598 Sed...
316 2558 502 2597 Attamen
534 2571 622 2596 cum
653 2557 795 2596 ceteris
820 2556 925 2596 Mss.

52 2618 142 2653 ante
166 2615 420 2654 abscondere
443 2614 594 2666 posui]

109 2694 300 2746 mitiflqata
322 2695 455 2747 furia.
488 2692 642 2746 [Munk.
669 2693 718 2732 ad
743 2691 928 2745 Fulgent.

51 2748 266 2802 Mythom.
295 2755 329 2791 1.
355 2764 392 2802 p.
420 2754 512 2792 624.
542 2753 674 2788 contra
698 2749 831 2788 Barth.
846 2749 927 2788 Ad-

52 2819 155 2845 vers.
180 2811 286 2846 recte
311 2807 524 2859 disputavit
553 2809 779 2857 negantem,
807 2807 929 2859 faria

52 2876 222 2914 unquam
257 2867 365 2903 recte
399 2877 469 2916 pro
504 2866 652 2916 furore
683 2862 757 2902 dici
788 2875 927 2914 posse.

53 2918 183 2958 Afl‘ert
195 2921 295 2959 enim
312 2920 421 2960 locos
435 2920 577 2972 Hygin.
591 2918 763 2971 Mythol.
777 2932 808 2958 c.
826 2922 918 2960 107.

55 2975 320 3028 Aiaxfuria
340 2981 547 3030 accepta
562 2990 642 3028 per
655 2977 853 3015 insaniam
865 2989 920 3014 se-

53 3033 264 3083 metipsum
276 3038 314 3072 ct
328 3048 487 3086 pecora
502 3033 669 3078 occidit,
685 3036 725 3070 et
740 3031 921 3082 Fulgent.

52 3086 224 3138 Mythol.
239 3103 272 3128 c.
288 3092 326 3130 6.
349 3092 508 3142 fariam
523 3090 754 3142 concipere,
770 3092 809 3126 et
824 3088 921 3127 Con-

53 3144 118 3182 tin.
144 3144 252 3194 Virg.
283 3159 320 3196 p.
347 3151 438 3189 765.
476 3152 520 3186 nl
554 3147 730 3198 primum
763 3146 921 3198 fariam

992 888 1118 927 animi
1131 887 1305 927 ebrietas
1317 887 1457 927 ducat.
1484 885 1728 938 Quamquam
1747 887 1864 926 adno-

991 947 1066 990 tat,
1098 943 1203 994 apud
1234 944 1402 994 optimos
1432 943 1648 995 scriptores
1672 942 1866 996 pluralem

990 1012 1149 1051 semper
1162 1013 1211 1038 ea
1223 999 1379 1051 quidem
1392 999 1868 1053 significationeusurpari.

990 1056 1142 1095 Lexica
1175 1056 1278 1094 hunc
1311 1055 1567 1107 singularem,
1603 1057 1675 1095 nisi
1711 1057 1867 1109 propria

993 1125 1067 1152 sua
1085 1112 1122 1149 vi
1143 1112 1305 1158 dictum,
1329 1125 1546 1163 agnoscere
1565 1127 1638 1152 non
1658 1113 1865 1166 videntur]

1051 1168 1166 1221 quod
1214 1169 1367 1220 passim
1414 1169 1609 1221 stirpibus
1656 1171 1863 1210 conneoec‘s.

992 1223 1119 1276 [Male
1149 1224 1254 1263 Oud.
1289 1226 1487 1264 connexis
1513 1226 1683 1277 explicat
1707 1226 1757 1264 de
1781 1227 1864 1265 stir-

988 1281 1123 1331 pibus,
1149 1293 1250 1331 quae
1275 1293 1346 1331 per
1370 1279 1496 1320 lanam
1515 1282 1561 1320 iis
1588 1281 1866 1321 obhaerentem

991 1350 1208 1376 connexae
1232 1338 1483 1375 nominentur.
1511 1337 1566 1376 At
1591 1351 1681 1377 vero
1702 1342 1744 1377 ut
1762 1339 1867 1390 apud

988 1392 1138 1431 Lucan.
1172 1392 1234 1431 III.
1266 1397 1361 1435 400.
1393 1394 1499 1433 rami
1536 1395 1716 1434 connexi
1745 1396 1769 1433 ii
1799 1408 1865 1446 ap-

988 1449 1199 1502 pellantur,
1225 1451 1289 1500 qui
1310 1451 1422 1502 quasi
1442 1451 1611 1489 concreti
1631 1455 1723 1489 sunt
1740 1454 1780 1489 et
1798 1451 1864 1490 im-

986 1506 1111 1559 plexi,
1149 1510 1189 1545 et
1218 1520 1242 1545 a
1271 1519 1318 1545 se
1349 1506 1507 1545 difficile
1538 1506 1672 1545 divelli
1708 1512 1865 1559 queunt,

987 1563 1093 1615 quod
1107 1563 1276 1602 imitatus
1291 1563 1508 1602 estAuson.
1523 1562 1683 1602 Mosell.
1701 1568 1763 1604 14.
1778 1564 1868 1604 Nec

988 1621 1068 1659 iam
1089 1621 1287 1660 connexis
1302 1633 1382 1672 per
1399 1624 1539 1661 mutua
1558 1620 1723 1660 vincula
1741 1621 1868 1660 ramis

990 1677 1217 1722 Quaeritur
1258 1676 1468 1716 exclusum
1510 1677 1636 1715 viridi
1684 1677 1868 1730 caliyine

990 1732 1159 1779 coelum,
1185 1734 1238 1771 ita
1262 1737 1396 1772 nostro
1422 1746 1581 1784 quoque
1607 1732 1693 1772 loco
1719 1735 1866 1785 stirpes

991 1803 1192 1828 connexae
1228 1793 1320 1828 sunt
1354 1789 1453 1828 inter
1489 1803 1585 1827 sese
1622 1791 1798 1828 consitae
1826 1793 1867 1828 et

987 1850 1205 1885 concretae.
1231 1846 1320 1884 Non
1340 1845 1617 1885 intellexerunt
1636 1846 1737 1884 enim
1751 1846 1863 1884 inter-

986 1906 1138 1953 pretes,
1152 1902 1364 1953 Apuleium
1378 1903 1427 1941 ad
1442 1906 1679 1941 vetustatem
1691 1903 1864 1941 nemoris

984 1960 1196 2011 respicere,
1223 1959 1329 2010 quod
1355 1973 1442 1997 cum
1468 1973 1492 1997 a
1516 1959 1669 1997 nemine
1693 1972 1863 2011 unquam

984 2015 1118 2053 accedi
1144 2019 1302 2067 posset,
1329 2016 1447 2066 plane
1470 2016 1598 2054 avium
1623 2019 1723 2062 erat,
1748 2019 1788 2054 et
1811 2016 1865 2054 ita

987 2072 1184 2118 incultum,
1194 2076 1235 2110 ut
1247 2072 1341 2110 rami
1355 2071 1624 2111 cohaererent.
1639 2071 1739 2110 Hinc
1748 2076 1864 2112 antea

987 2128 1120 2179 posuit
1152 2129 1357 2180 percussis
1388 2129 1627 2181 frondibus.
1675 2128 1729 2167 Ut
1759 2128 1864 2168 idem

987 2184 1078 2223 dicit
1096 2183 1244 2224 Lucan.
1264 2185 1288 2224 l.
1303 2199 1334 2223 c.
1361 2185 1495 2224 Lucus
1510 2188 1591 2223 erat
1610 2186 1740 2239 lonyo
1753 2200 1862 2225 num-

989 2255 1110 2293 quam
1133 2241 1309 2281 violatus
1329 2242 1380 2281 ab
1401 2255 1519 2289 aevo,
1546 2241 1761 2282 obscurum
1782 2244 1862 2282 cin-

985 2311 1086 2350 yens
1106 2299 1305 2337 connexis
1324 2313 1423 2338 aera
1436 2300 1569 2338 ramis.
1597 2297 1754 2337 Deinde
1768 2313 1862 2338 con-

982 2355 1101 2393 nexis
1112 2355 1321 2406 stirpibus,
1338 2368 1440 2407 quae
1455 2356 1715 2406 praetereunti
1728 2356 1861 2407 pecori

984 2424 1057 2448 non
1073 2411 1284 2455 cedebant,
1304 2425 1376 2450 nec
1389 2415 1548 2451 tenerae
1562 2415 1687 2458 erant,
1708 2412 1860 2450 facilius

983 2467 1167 2506 adhaesit
1191 2467 1338 2506 floccus
1370 2468 1484 2507 lanae
1515 2471 1554 2507 et
1578 2469 1676 2507 inter
1700 2468 1861 2507 brachia

983 2523 1215 2563 convolutus
1240 2524 1307 2562 ille
1332 2529 1372 2563 et
1396 2525 1616 2577 implicatus
1649 2525 1791 2563 diutius
1822 2525 1858 2562 in

983 2593 1090 2619 ramo
1104 2581 1300 2620 remansit.
1326 2581 1384 2619 Ita
1396 2585 1508 2634 puto,
1535 2581 1742 2620 lectionem
1763 2581 1860 2633 opti-

984 2650 1131 2676 morum
1157 2637 1271 2676 codd.
1297 2651 1393 2676 esse
1418 2638 1727 2690 explicandam]

1044 2694 1309 2734 obbaerescit.
1361 2694 1492 2746 [Hanc
1515 2694 1728 2733 lectionem
1753 2697 1860 2732 recte

985 2753 1111 2789 tuetur
1129 2750 1233 2789 Oud.
1254 2754 1387 2789 contra
1405 2750 1506 2789 alios
1525 2752 1768 2802 interpretes,
1795 2750 1859 2801 qui

986 2807 1297 2852 adhaerescere,
1328 2807 1489 2859 saepius
1516 2807 1620 2858 apud
1645 2806 1858 2858 scriptores

987 2863 1161 2911 obvium,
1186 2864 1381 2902 intrudere
1406 2864 1548 2902 volunt.
1598 2862 1726 2902 Multa
1757 2863 1859 2902 enim

978 2920 1157 2958 eiusdem
1177 2920 1333 2972 generis
1353 2923 1443 2958 sunt
1457 2920 1674 2971 composita
1696 2933 1770 2957 non
1795 2933 1858 2959 so-

978 2976 1057 3015 lum
1065 2976 1169 3028 apud
1179 2976 1388 3028 Apuleium
1396 2976 1469 3014 sed
1479 2976 1582 3029 apud
1597 2979 1749 3014 ceteros
1764 2989 1857 3027 quo-

979 3046 1056 3084 que
1071 3032 1297 3077 Africanos,
1321 3045 1421 3082 quae
1446 3036 1615 3071 amatam
1639 3046 1734 3071 esse
1757 3033 1858 3072 hanc

978 3090 1310 3141 praepositionem
1331 3089 1379 3126 ab
1400 3089 1448 3127 iis
1468 3089 1582 3127 nobis
1602 3089 1781 3129 indicant.
1809 3089 1856 3128 cf.

980 3145 1030 3185 ad
1060 3145 1158 3185 Met.
1184 3145 1229 3184 II.
1261 3159 1298 3197 p.
1328 3148 1418 3186 161.
1457 3144 1526 3184 IV.
1558 3159 1595 3196 p.
1624 3150 1717 3187 247.
1754 3145 1858 3185 Prae

1486 3212 1577 3256 28*
