2221 3667
194 349 257 381 455

283 177 364 220 556
535 175 583 215 L.
615 172 833 214 APULEH
862 164 1263 212 MADAURENSIS
1290 157 1831 203 METAMORPHOSEON

283 288 436 329 consilii
455 301 542 328 mea
560 286 790 342 praecordia
803 317 812 335 ‚
839 285 955 324 immo
970 280 1154 320 miserum
1174 275 1351 330 spiritum
1364 305 1374 324 ‚
1402 273 1568 313 libentes
1583 271 1735 310 tandem
1757 267 1892 308 novitii
1909 264 2072 306 latronis

283 346 474 385 accedunt
498 343 737 384 sententiae:
771 349 810 381 et
840 339 1019 393 protinus
1049 333 1218 374 w‘nculis
1251 331 1465 371 exsolvunt
1495 327 1701 379 virginem.
1750 325 1861 376 Quae
1886 322 1892 376 1
1920 321 2070 374 quidem

284 402 398 441 simul
423 401 578 441 viderat
601 399 708 439 illum
734 399 929 442 iuvenem,
958 390 1197 442 fornicisque
1223 395 1262 427 et
1287 386 1439 427 lenonis
1466 384 1645 423 audierat
1668 381 1919 427 mentionem⁷
1948 376 2068 429 coepi!

282 458 366 498 risu
391 457 605 497 laetissimo
631 455 793 509 gestire,
822 458 864 490 ut
889 448 982 488 mihi
1006 446 1145 486 merito
1172 444 1321 485 subiret
1339 440 1576 495 vituperatio
1604 437 1721 478 totius
1747 448 1883 484 sexus,
1911 448 1995 472 cum
2016 432 2072 469 vi—

283 515 415 554 derem
457 513 647 568 puellam,
692 508 799 564 proci
840 504 993 546 iuvenis
1037 515 1170 542 amore
1208 499 1506 554 nuptiarumque
1549 501 1745 534 castarum
1787 489 1979 530 desiderio
2024 488 2074 526 si-

282 571 451 619 mulato,
492 567 691 623 lupanaris
728 562 861 615 spurci
897 559 1121 612 sordidique
1157 556 1286 597 subito
1324 553 1510 594 delectari
1547 549 1714 591 nomine.
1773 545 1828 586 Et
1864 552 1956 585 tunc
1993 543 2074 596 qui-

285 627 370 667 dem
408 633 577 666 totarum
614 621 818 662 mulierum
856 624 965 658 secta
1001 627 1207 667 moresque
1244 613 1289 652 de
1326 610 1426 650 asini
1460 607 1679 662 pendebant.
1709 603 1862 644 iudicio.
1911 599 1988 640 Sed
2014 599 2077 638 ille

286 682 438 723 iuvenis
463 692 643 722 sermone
668 675 852 730 repetito:
884 672 989 726 Quin
1021 672 1163 724 igitur,
1196 668 1342 722 inquit,
1376 665 1631 719 supplicatum
1661 660 1783 702 Marti
1816 656 1960 698 comiti
1992 669 2077 708 per-

288 740 435 793 gimus,
464 745 503 777 et
527 735 691 790 puellam
717 731 833 772 simul
857 729 1054 771 vendituri
1080 734 1118 767 et
1143 726 1272 767 socios
1297 721 1546 776 indagaturi?
1577 718 1676 768 Sed,
1705 724 1746 756 ut
1770 716 1904 764 video,
1933 711 2079 752 nullum

286 867 353 894 mei
372 874 428 902 pro
447 872 520 892 mea
541 863 561 891 f.
608 861 707 889 immo
722 867 800 888 vero
814 859 971 887 miserum
985 853 1015 885 δ.
1052 858 1087 885 In
1102 857 1175 884 cett.
1191 855 1281 882 codd.
1295 856 1324 881 er
1339 852 1409 880 edd.
1424 850 1575 878 omnibus
1589 854 1667 874 reru
1683 848 1784 874 abest.
1809 843 1888 871 (tud.
1902 845 1988 869 cerie
2001 839 2080 867 ninii

286 912 470 945 adnotavit,
496 912 524 937 et
550 915 678 942 omnes,
704 914 787 941 quos
812 905 961 939 equidem
986 901 1131 931 conferre
1156 899 1244 935 potui

286 959 380 986 Vulc.
401 958 430 984 2.
449 956 559 983 u'ow.
577 957 606 981 et
628 953 713 981 Pric.
737 953 774 980 ln
794 950 910 979 ceteris
930 949 1010 977 Edd.
1037 951 1065 975 et
1086 949 1166 974 mss.
1187 947 1223 972 0.

278 1002 492 1041 festinantes
512 997 713 1033 adeeniune,
740 1000 771 1024 ut
791 994 941 1024 nonnulli
961 995 1089 1027 legunt,
1118 990 1171 1018 ubi
1194 993 1300 1017 tamen
1312 986 1529 1027 festinanter
1548 991 1589 1012 ex
1608 981 1737 1016 opssmis

286 1050 344 1075 est.
371 1045 412 1073 cf.
429 1053 457 1079 n.
473 1046 547 1072 333.
563 1041 677 1070 laetae
691 1039 857 1070 succedite
869 1039 960 1068 alibi.
987 1040 1073 1066 Suet.
1088 1036 1202 1065 Claud.
1216 1042 1242 1062 c.
1258 1036 1310 1062 28.
1336 1030 1468 1059 libens
1491 1035 1614 1065 passus

1268 898 1376 931 codd,
1401 896 1434 924 id
1460 897 1626 928 respuunt.
1674 890 1815 917 libenter
1838 889 1914 916 Bas.
1943 887 1972 913 1.
1992 886 2083 913 cmv.

1261 942 1399 970 libentes
1419 948 1473 975 pro
1493 938 1626 973 Apuli-ii
1647 944 1733 965 more
1758 934 1799 961 cs.
1815 935 1889 961 Met.
1903 932 1943 960 V.
1965 938 1993 964 p.
2007 930 2082 956 332¹.

1757 979 1845 1007 codd.
1867 975 2084 1010 reponendum

1634 1029 1696 1053 est.
1745 1027 1814 1052 tam
1829 1021 1907 1049 [mni
1918 1018 2040 1047 novitii
2050 1021 2085 1046 υ.

288 1095 358 1119 tam
371 1088 583 1117 doniam-itii
595 1090 630 1117 G.
642 1089 670 1116 1.
684 1088 768 1121 quod
783 1093 824 1113 ex
837 1083 1035 1118 compendiis
1051 1078 1086 1109 ιῆ
1100 1084 1130 1109 et
1142 1079 1188 1107 ὁῑῖ
1200 1082 1384 1113 corruptum
1398 1079 1457 1104 est.
1480 1073 1684 1108 Praepositio
1697 1078 1735 1104 a,
1761 1076 1844 1103 quae
1857 1070 1932 1095 ante
1945 1062 2086 1092 vinculis

286 1137 321 1165 in
339 1135 507 1164 nonnuliis
528 1134 618 1162 codd.
638 1136 669 1161 et
688 1133 757 1161 edd.
779 1130 929 1159 omnihus
947 1129 1069 1164 legitur
1087 1129 1163 1154 velt.
1183 1128 1311 1160 praeter
1329 1124 1443 1151 Venet.
1458 1122 1506 1155 4.,

286 1189 349 1210 non
364 1180 563 1215 conspicitur
576 1179 610 1207 in
623 1179 659 1206 F.
675 1179 704 1206 1.
719 1178 750 1205 3.
765 1178 800 1204 G.
815 1177 840 1204 l.
855 1177 886 1203 2.
900 1176 937 1203 D.
953 1175 987 1202 Ο.
1002 1175 1037 1201 Ρ.
1051 1174 1089 1200 R.
1106 1171 1125 1199 f.
1136 1193 1143 1203 ,
1170 1171 1255 1198 unde
1268 1168 1476 1197 reiiciendam
1491 1172 1565 1193 esse
1580 1162 1704 1198 putavi.

286 1230 408 1255 semale
423 1222 451 1253 ὃ.
500 1223 662 1260 virginem
676 1222 878 1251 desideratur
891 1220 925 1248 in
937 1221 976 1247 R.
992 1218 1012 1246 f.
1062 1214 1188 1244 videret
1204 1212 1304 1242 simul
1315 1215 1350 1241 G.
1366 1214 1397 1240 2.

1532 1126 1615 1153 quae
1633 1125 1675 1144 ac
1696 1112 1835 1143 vinculis
1848 1112 1966 1140 vitiose
1980 1111 2087 1143 nabet,

1752 1156 1929 1186 absolvunt
1943 1163 1984 1183 ex
1997 1156 2087 1187 glos-

1444 1211 1592 1238 iuvenem
1607 1209 1719 1236 exulat
1732 1212 1752 1233 a
1766 1205 1801 1232 P.
1846 1199 1949 1229 leonis
1961 1200 2088 1229 Vicent.

287 1270 454 1298 latissimo
471 1269 655 1304 praeferunt
669 1267 818 1296 Beroald.
833 1269 861 1293 et
876 1265 966 1294 Colv.
980 1271 1021 1292 ex
1034 1262 1232 1291 coniectura.
1259 1257 1444 1286 laetissime
1458 1258 1494 1284 G.
1505 1256 1535 1283 2.
1548 1256 1587 1282 D.
1613 1259 1691 1280 resa
1700 1252 1735 1279 G.
1745 1252 1775 1277 2.
1800 1243 2089 1283 νεεεηςςεειὶνευ.

284 1315 431 1353 gestiere
445 1317 480 1344 G.
497 1316 526 1343 1.
540 1322 576 1343 π.
625 1312 736 1341 subire
747 1314 830 1340 lunt.
845 1312 875 1338 2.
890 1310 1000 1339 Aldin.

288 1364 325 1390 G.
342 1363 370 1390 1.

287 1407 310 1436 f.
336 1402 431 1446 [quod
444 1406 472 1434 si
487 1405 559 1439 quis
574 1406 699 1439 probet,
720 1401 950 1436 explicandum
963 1403 1011 1428 est

1049 1304 1215 1342 vituperio
1230 1306 1306 1333 Bas.
1322 1305 1351 1332 1.
1366 1302 1495 1330 vitiose.

421 1359 444 1388 S
457 1361 565 1389 littera
578 1362 704 1394 propter
717 1364 858 1390 sequens
871 1356 1067 1384 vocabulum
1081 1350 1197 1388 spurca·
1208 1349 1339 1379 excidit.

1027 1406 1081 1432 per
1096 1399 1158 1431 tot,
1175 1400 1205 1424 ut
1220 1402 1322 1429 supra
1334 1393 1476 1421 vidimus
1489 1399 1519 1425 p.
1534 1391 1610 1418 463.
1634 1389 1677 1416 At
1691 1384 1824 1419 saepius
1837 1385 1918 1411 haec
1930 1380 2089 1409 vocabula

1544 1301 1739 1326 castrorum
1753 1294 1881 1323 Vicent.
1929 1288 2094 1326 lupanari

1387 1346 1496 1374 subito
1511 1352 1574 1373 non
1589 1341 1787 1376 conspicitur
1799 1339 1832 1367 in
1847 1338 1868 1366 f.
1914 1338 2091 1363 tantarum

288 1453 411 1480 inlus-s.
424 1451 506 1479 inter
519 1459 592 1478 sese
607 1448 848 1477 confunduntur
861 1445 900 1473 cf.
910 1446 964 1472 Dr.
975 1443 1229 1472 a‹lsi1.xl.22‘.‘.
1239 1441 1277 1468 ad
1286 1439 1359 1467 Liv.
1369 1431 1507 1474 11.57.§.
1517 1437 1547 1463 3.
1573 1435 1689 1469 scepta
1699 1433 1734 1459 G.
1748 1431 1773 1457 1.
1795 1425 1960 1465 pendebat
1970 1426 2044 1453 G.‘.¹.
2054 1424 2091 1451 1).

290 1496 370 1534 quin
383 1495 495 1533 inquit
507 1492 749 1531 supplicatibus
765 1490 875 1519 Marti
887 1488 1012 1517 canitis
1021 1486 1192 1524 pergimus
1207 1487 1242 1513 G.
1260 1486 1288 1512 1.
1316 1481 1431 1511 Marci
1442 1483 1478 1509 G.
1493 1482 1523 1508 2.
1538 1481 1576 1508 Ι).

291 1541 359 1570 lam
372 1543 484 1570 exulat
498 1548 518 1569 a
532 1540 554 1569 f.
602 1536 776 1567 venditare·
786 1539 818 1564 et
832 1534 940 1564 socios
954 1532 1158 1571 indagariB.
1184 1527 1360 1559 vendicari
1371 1525 1400 1556 δ’.

347 1643 465 1679 immo
495 1640 678 1678 miserum
707 1637 904 1689 spiritum.
966 1631 1166 1684 [Temera-

292 1698 372 1736 rius
403 1700 466 1734 est
496 1695 618 1739 oud„
651 1694 714 1745 qui
740 1705 789 1730 ex
818 1704 893 1729 uno
920 1689 1005 1728 cod.
1032 1687 1164 1726 d‘Orv.

292 1755 412 1792 immo
432 1765 543 1797 vero,
576 1752 720 1803 quippe
745 1747 849 1800 quod
875 1745 1037 1796 saepius
1062 1742 1166 1794 apud

292 1809 503 1861 Apuleium
529 1809 564 1845 in
591 1821 665 1845 usu
687 1807 754 1850 sit,
781 1805 816 1841 in
842 1806 951 1841 textu
974 1812 1166 1851 reponere

294 1869 462 1904 conatur.
503 1864 617 1902 Licet
642 1863 742 1901 enim
767 1860 927 1911 saepius
952 1855 1170 1909 particulae

293 1935 399 1965 ver-0,
426 1926 476 1964 et,
502 1921 621 1959 etlam
646 1919 746 1957 aliae
772 1918 887 1954 ctiam
904 1914 1008 1966 apud
1024 1912 1170 1964 Apule-

293 1980 370 2016 ium
394 1977 483 2015 huic
508 1976 670 2014 voculae
690 1974 891 2017 adduntur,
916 1976 1044 2009 tamen
1064 1969 1172 2007 nulla

294 2033 484 2086 particula
521 2032 675 2070 adiecta
711 2031 872 2081 saepius
904 2028 1090 2066 invenitur
1121 2025 1170 2064 cf.

295 2090 323 2128 l.
348 2104 387 2141 p.
412 2093 477 2130 38.
503 2090 576 2134 vis,
601 2088 753 2141 inquit,
778 2099 899 2126 unum
923 2089 960 2123 et
985 2084 1170 2126 alteram,

295 2148 431 2185 immo
478 2145 660 2197 plurima
709 2145 793 2183 eius
836 2141 984 2180 andire
1023 2140 1171 2192 facin?

296 2216 334 2254 p.
361 2207 427 2242 47.
457 2206 569 2254 faxo
605 2215 693 2240 eum
727 2213 827 2243 sero,
864 2199 1001 2236 immo
1026 2196 1170 2239 statim,

296 2261 433 2297 inuno
466 2272 577 2297 cero
614 2262 694 2296 iam
729 2269 837 2294 υιιησ
872 2267 909 2305 p.
935 2256 1000 2293 49.
1038 2265 1175 2290 rocem

297 2316 436 2353 immo
460 2315 677 2354 stridorem
701 2311 763 2350 lll.
791 2325 825 2362 p.
854 2314 945 2350 175.
972 2310 1108 2360 capite
1132 2308 1175 2345 in

300 2376 449 2410 terram
479 2372 615 2409 immo
653 2370 709 2407 ad
745 2370 855 2419 ipsos
891 2366 1054 2418 Inferos
1097 2365 1177 2402 ίαηι

302 2428 460 2466 deiecto
491 2427 538 2465 cf.
570 2425 696 2465 Hand.
729 2423 898 2462 Turseli.
930 2421 992 2460 lll.
1018 2435 1055 2473 p.
1083 2424 1176 2461 225.

302 2488 341 2522 et
365 2497 404 2534 p.
431 2483 542 2536 231]

359 2540 627 2579 laetissimum.
681 2537 793 2577 Hane
816 2536 1022 2574 lectionem
1049 2537 1182 2571 contra

305 2596 426 2635 Colvii
460 2596 718 2634 coniecturam
744 2594 939 2633 latissimo
964 2592 1026 2629 his
1052 2589 1182 2627 verbis

305 2653 407 2691 Oud.
433 2652 624 2691 defendit:
656 2650 934 2699 Praeterquam
955 2647 1058 2698 quod
1080 2647 1180 2684 bene

306 2709 494 2748 educatas
525 2707 682 2758 puellas
706 2721 781 2745 non
808 2706 940 2748 (lecet,
975 2704 1091 2741 latum
1116 2715 1181 2739 ex-

306 2766 447 2804 tollere
472 2765 720 2809 cachinnum,
750 2762 854 2800 unde
879 2761 931 2798 ait
956 2759 1072 2798 Ovid.
1098 2761 1181 2797 Art.

308 2821 371 2860 Ill.
399 2826 491 2862 281.
541 2822 643 2866 Quis
673 2820 841 2860 credat?
871 2818 1032 2856 discunt
1064 2817 1185 2854 etiam.

308 2879 446 2917 ridere
467 2878 646 2929 puellae.
703 2876 926 2922 Quaeritur
950 2877 1070 2923 {tique
1100 2871 1184 2910 illis

311 2935 389 2973 lzac
413 2947 572 2985 quoquc
593 2938 716 2986 parte
736 2933 873 2971 decor.
924 2929 1016 2967 Sint
1036 2928 1187 2966 modici

312 2991 457 3036 rictus,
487 2992 568 3029 sint
586 3003 743 3041 parcae
773 2988 971 3036 utrimque
1002 2984 1186 3028 lacunae,

314 3046 371 3084 Et
399 3061 565 3085 sunmcos
595 3047 731 3085 dentes
755 3046 834 3083 ima
860 3041 1009 3081 labella
1033 3045 1187 3092 lessam,

316 3101 422 3141 latas
456 3103 559 3142 risus
594 3102 657 3140 hie
687 3114 783 3140 sane
815 3113 890 3138 non
923 3098 1186 3140 convenisset,

318 3158 507 3209 nimisque
545 3158 757 3197 latronibus
787 3160 1000 3209 suspectus
1032 3153 1185 3197 fuisset,

1625 1474 1756 1505 comicis
1770 1475 1805 1502 Ο.

1449 1524 1536 1554 sotio
1549 1525 1677 1553 Vicent.

1852 1474 1887 1500 et
1904 1474 1979 1501 ante
1995 1465 2091 1506 puel-

1225 1629 1287 1679 qui
1326 1625 1438 1665 facile
1474 1628 1551 1662 tam
1581 1619 1764 1660 mirabilis
1799 1614 2021 1656 mutationis
2057 1614 2097 1648 et

1224 1684 1342 1722 auditi
1395 1683 1498 1720 risus
1552 1690 1733 1718 caussam
1780 1672 2095 1721 interrogassent.

1225 1741 1331 1779 Satis
1357 1742 1436 1783 est‚
1462 1749 1550 1775 eam
1575 1735 1716 1773 laetam
1743 1731 1879 1775 fuisse,
1905 1731 1943 1765 et
1967 1724 2099 1764 vultus

1224 1801 1340 1848 gestu
1382 1794 1430 1834 ad
1472 1794 1589 1831 risum
1632 1786 1836 1839 compositi
1872 1782 2099 1822 declarasse

1227 1853 1425 1903 gaudium,
1458 1848 1563 1901 quod
1588 1847 1693 1885 dirae
1722 1843 1856 1883 mortis
1888 1852 2014 1893 poena
2039 1850 2100 1874 es—

1228 1914 1291 1949 set
1316 1908 1489 1946 liberata.

1285 1963 1502 2005 vendituri.
1551 1957 1795 2012 [Venclz'carz'
1820 1958 1859 1993 et
1884 1950 2099 1994 venditari.

1231 2036 1331 2074 quae
1357 2020 1470 2059 lectio
1496 2021 1557 2055 est
1583 2017 1730 2065 aliquot
1754 2011 1885 2056 codd„
1910 2007 2002 2046 nihil
2029 2006 2099 2043 nisi

1231 2076 1450 2128 corruptela
1485 2078 1547 2112 est
1581 2071 1817 2110 librariorum
1855 2067 1918 2117 qui
1953 2069 1970 2103 t
2005 2067 2043 2101 ct
2080 2076 2103 2099 c

1229 2136 1390 2187 saepius
1411 2132 1658 2173 commutant,
1677 2131 1719 2164 nt
1739 2137 1854 2176 quum
1874 2120 1998 2160 semel
2014 2132 2102 2157 ven-

1231 2191 1360 2231 ditari
1383 2189 1567 2239 scriptum
1588 2188 1710 2228 esset,
1735 2179 1948 2233 ignorantia
1972 2187 2104 2214 corum

1232 2249 1492 2297 corrumperet
1528 2240 1729 2293 indayari
1758 2251 1828 2290 pro
1861 2231 2105 2286 imliyalnri,

1234 2304 1339 2355 quod
1369 2302 1483 2354 priori
1513 2299 1603 2337 vitio
1631 2295 1866 2334 conveniens
1889 2289 2107 2330 redderent.

1234 2361 1335 2401 Hinc
1347 2357 1507 2407 intelligi
1521 2358 1666 2407 potest,
1681 2364 1796 2403 quam
1811 2348 1994 2389 audacter
2002 2342 2105 2383 Ond.

1237 2418 1377 2468 egerit,
1403 2415 1465 2466 qui
1490 2416 1661 2449 veterem
1683 2409 1910 2458 scripturam
1929 2401 2107 2442 vendica-

1236 2475 1320 2514 turi
1345 2472 1470 2510 fuisse
1496 2468 1684 2519 opinatur,
1709 2463 1841 2503 multis
1866 2474 1916 2499 ex
1939 2456 2109 2510 Apuleio

1240 2528 1434 2580 exemplis
1454 2527 1538 2564 cius
1556 2536 1669 2561 usum
1691 2519 1947 2571 comprobans
1959 2518 2001 2552 ut
2013 2512 2111 2551 Met.

1239 2586 1328 2625 vu.
1356 2599 1391 2636 p.
1419 2587 1514 2624 475.
1541 2580 1698 2620 colonis
1721 2575 1926 2628 proximis
1948 2569 2112 2610 vendi-

1238 2650 1284 2683 ta
1296 2644 1392 2687 bat,
1421 2640 1486 2677 ubi
1517 2636 1604 2676 cod.
1635 2638 1667 2673 ὃ.
1699 2635 1789 2671 item
1821 2642 1940 2682 prave
1971 2627 2051 2666 abit
2075 2624 2111 2662 in

1239 2697 1495 2739 vendicabat.
1521 2692 1589 2731 lX.
1606 2705 1640 2742 p.
1658 2694 1749 2731 602.
1775 2687 1885 2726 istud
1905 2698 1983 2738 eqo
1999 2682 2115 2733 quin-

1241 2769 1318 2808 que
1349 2753 1531 2793 denariis
1562 2748 1725 2788 cuidam
1757 2740 2016 2783 venditat-1⁶.
2065 2735 2116 2775 cf.

1244 2812 1344 2850 cort.
1371 2810 1421 2847 ad
1445 2808 1595 2846 Lucan.
1620 2804 1669 2842 V.
1691 2805 1783 2843 248.
1831 2798 1908 2836 Per
1933 2809 1979 2834 se
2004 2807 2117 2831 voca-

1242 2868 1376 2907 bulum
1401 2865 1564 2916 probum
1591 2864 1665 2903 est,
1691 2871 1763 2897 nec
1788 2853 1987 2893 offendere
2001 2850 2117 2888 debc-

1245 2938 1333 2963 mus
1348 2925 1382 2961 in
1397 2919 1583 2959 Doederl.
1599 2918 1814 2968 Synonym.
1831 2911 1896 2949 lv,
1911 2923 1947 2960 p.
1966 2910 2043 2949 119
2058 2919 2119 2956 Sq-

1247 2979 1534 3022 observatione,
1554 2972 1756 3014 venditari
1771 2982 1839 3006 eas
1854 2962 2118 3005 tantummodo

1246 3051 1310 3076 res
1336 3036 1421 3077 dici.
1448 3045 1547 3084 quae
1571 3031 1738 3068 honeste
1763 3038 1836 3063 nce
1860 3024 1944 3061 sine
1965 3019 2123 3060 infamia

1246 3092 1361 3131 vendi
1392 3090 1598 3140 nequeant.
1659 3084 1720 3123 Ea
1743 3082 1844 3120 enim
1869 3092 1971 3130 quae
1994 3079 2122 3128 protu-

1246 3150 1291 3189 lit
1326 3147 1523 3187 Ciceronis
1567 3143 1808 3191 aliorumque
1850 3133 2034 3185 exempla
2075 3129 2125 3170 ad
