2155 3590
756 101 1175 142 PRAEFATIO,
1830 117 1855 142 v

70 229 204 257 omnes
226 216 383 255 omnino
414 215 667 269 interpretum
694 215 860 269 ineptias
886 215 1058 255 funditus
1085 215 1209 255 everti
1236 228 1362 269 posse.
1391 215 1474 255 Nec
1501 229 1642 269 operae
1667 216 1854 256 molestae

69 297 115 325 ac
139 283 293 337 saepius
320 283 546 323 fastidiosae
571 297 674 322 nunc
701 297 760 323 me
786 285 975 337 poenitet,
1009 282 1189 337 quoniam
1222 283 1277 323 ita
1303 283 1445 323 sactum
1473 283 1644 336 gaudee,
1679 290 1721 323 ut
1745 283 1854 337 plura

68 364 167 405 quae
191 358 281 391 ante
307 358 349 391 ut
373 351 500 391 minus
526 350 647 390 latina
672 364 717 390 ac
743 350 855 404 plane
887 363 1072 405 perversa
1097 350 1174 391 viri
1204 350 1307 390 docti
1337 357 1377 390 et
1406 350 1444 389 in
1476 350 1633 390 dubium
1665 357 1858 391 vocarunt

68 426 108 459 et
135 430 296 472 prorsus
327 418 616 472 improbarunt,
649 425 824 458 veterum
853 419 1041 472 exemplis
1067 418 1121 458 ita
1145 417 1373 457 confirmata
1400 418 1493 466 sint,
1521 424 1564 457 ut
1589 418 1683 457 nihil
1708 418 1857 458 dubita-

68 486 186 526 tionis
222 485 385 539 amplius
429 485 615 533 habeant3
663 486 764 526 unde
801 499 1029 540 speramus,
1064 486 1139 525 alia
1170 499 1322 538 quoque
1366 498 1464 538 quae
1502 485 1613 525 hodie
1655 486 1694 526 in
1731 486 1857 526 medio

67 553 235 606 relinqui
261 553 473 603 debebant,
508 553 798 607 comprobatum
825 553 894 602 iri,
928 554 960 593 si
994 567 1093 608 quae
1117 553 1157 593 in
1182 553 1425 593 bibliothecis
1450 553 1574 592 adhuc
1600 553 1725 594 latent
1755 555 1859 607 glos-

69 622 175 662 saria
205 621 308 662 edita
338 622 378 661 in
410 621 532 661 lucem
565 621 722 661 fuerint.
783 621 980 674 Quantum
1008 621 1108 662 enim
1136 621 1183 661 iis
1209 620 1407 674 excerptis
1433 621 1622 674 prolicere
1653 621 1858 674 possimus,

68 689 218 730 Placidi
245 689 386 743 glossis
407 689 550 729 eximie
572 696 830 729 monstratum
857 696 931 739 est,
961 703 1058 743 quae
1084 690 1130 729 ad
1152 688 1307 743 Apuleii
1328 688 1448 728 libros
1475 689 1738 729 emendandos
1765 690 1861 730 mul-

71 765 150 798 tum
178 757 341 797 faciunt.

182 834 317 889 ltaque
348 836 386 876 in
420 836 537 875 nimia
564 836 809 876 coniectandi
835 836 1005 876 lubidine
1032 843 1070 876 et
1095 850 1193 890 quae
1220 836 1308 876 binc
1334 836 1579 876 consectaria
1614 843 1673 876 est
1698 849 1799 890 vaga
1825 844 1865 877 et

70 904 219 944 incerta
245 910 455 944 contextus
488 905 799 944 conformatione
836 918 881 943 ac
908 917 1074 944 censura
1107 904 1331 958 gravissimi
1359 904 1653 958 conspiciuntur
1678 902 1864 944 Beroaldi

70 985 249 1022 errores,
277 986 374 1024 quos
405 979 614 1025 sequentes
647 972 816 1012 editores
843 972 982 1026 partim
1009 974 1274 1012 tantummodo
1301 965 1502 1024 corrigere
1527 979 1751 1026 potuerunt.

184 1049 366 1091 Omnium
395 1050 561 1104 optimae
588 1064 685 1104 quae
712 1051 756 1091 ad
785 1050 1102 1104 Oudendorpium
1129 1064 1251 1103 usque
1278 1064 1532 1104 comparuere
1558 1051 1749 1091 editiones
1776 1059 1867 1091 sunt

72 1116 271 1168 Iuntinae,
312 1131 473 1171 quarum
511 1131 586 1157 una
626 1118 675 1158 A.
703 1116 904 1164 MDXll.;
942 1119 1067 1157 altera
1099 1117 1341 1158 MDXXH.
1380 1119 1543 1172 prodiit,
1583 1119 1621 1158 in
1655 1126 1731 1158 tam
1759 1119 1865 1159 locu-

71 1185 236 1239 pletibus
267 1184 368 1224 Mss.
410 1185 598 1232 nitentes,
635 1191 678 1224 ut
714 1185 777 1237 qui
816 1186 861 1225 ad
900 1185 1101 1239 pristinam
1140 1185 1407 1238 integritatem
1442 1186 1597 1240 Apuleii
1638 1194 1865 1227 contextum

70 1258 259 1292 revocare
293 1251 406 1301 velit,
440 1251 487 1291 iis
520 1265 657 1291 carere
689 1251 910 1305 neutiquam
945 1259 1070 1305 queat.
1130 1253 1186 1292 At
1218 1253 1553 1307 negligentissime
1586 1261 1676 1294 ante
1709 1253 1866 1295 Ouden-

70 1319 244 1373 dorpium
275 1326 437 1371 utraque
464 1319 537 1358 suit
562 1319 724 1369 collata,
753 1321 851 1372 quod
879 1327 921 1359 ut
946 1327 1101 1360 ceterae
1129 1322 1279 1374 priores
1306 1320 1497 1360 editiones
1519 1322 1661 1361 nullius
1683 1324 1867 1363 momenti

70 1386 303 1426 videbantur
338 1400 425 1426 esse
461 1387 763 1439 interpretibus,
804 1387 866 1440 qui
895 1402 978 1428 cum
1006 1388 1135 1427 multis
1162 1388 1258 1428 locis
1285 1401 1350 1428 eas
1378 1403 1462 1428 cum
1490 1390 1621 1442 primis
1655 1391 1867 1430 convenire

69 1454 356 1508 intelligerent,
395 1466 447 1494 ex
485 1453 556 1493 hoc
593 1455 726 1494 eodem
755 1456 860 1494 fonte
886 1456 1063 1510 integras
1090 1455 1327 1509 profluxisse
1354 1457 1615 1510 opinabantur
1645 1465 1684 1497 et
1708 1472 1785 1497 uno
1812 1459 1866 1498 le-

71 1522 211 1562 ctionis
247 1522 393 1562 veteris
431 1535 464 1562 s.
503 1529 682 1562 vetustae
726 1523 882 1562 nomine
920 1524 1315 1578 comprehendebant.
1380 1524 1633 1579 Quantopere
1670 1539 1766 1566 vcro
1802 1526 1867 1565 isti

71 1590 313 1640 erraverint,
342 1604 454 1643 quam
476 1603 609 1644 parum
631 1591 668 1629 in
687 1591 795 1630 fidem
812 1591 998 1631 librorum
1024 1592 1321 1645 inquisiverint,
1352 1592 1441 1632 inde
1461 1593 1537 1632 iam
1560 1601 1688 1647 potest
1708 1594 1863 1641 coniici,

72 1658 169 1711 quod
185 1658 289 1698 inter
302 1665 505 1711 utramque
519 1658 725 1698 editionem
748 1666 934 1712 quantum
957 1660 1194 1700 discriminis
1217 1661 1455 1711 intercedat,
1486 1675 1534 1701 ne
1559 1661 1757 1703 divinasse
1784 1662 1868 1716 qui-

72 1727 157 1765 dem
183 1726 386 1776 videntur,
415 1726 651 1766 coniunctim
677 1740 831 1780 semper
857 1734 1061 1781 utramque
1087 1728 1347 1782 appellantes,
1376 1729 1448 1769 etsi
1476 1743 1529 1769 ex
1554 1730 1670 1783 longe
1701 1730 1868 1770 diversis

71 1792 172 1834 Mss.
212 1793 384 1833 fontibus
420 1807 486 1834 eas
525 1808 729 1834 emanasse
762 1795 985 1835 accuratius
1019 1797 1279 1850 perscrutanti
1313 1797 1426 1837 facile
1458 1798 1673 1851 apparebit.
1740 1797 1868 1838 Multo

72 1862 173 1901 enim
201 1861 330 1915 priore
355 1862 620 1916 praestantior
650 1869 710 1902 est
735 1863 852 1902 editio
879 1864 1094 1917 posterior,
1132 1877 1177 1903 ac
1204 1865 1332 1904 rarius
1358 1864 1406 1904 ab
1433 1865 1516 1905 edd.
1544 1865 1678 1919 primis
1705 1880 1750 1906 ea
1777 1881 1867 1920 pen-

73 1930 161 1977 det,
195 1929 421 1983 quibuscum
455 1930 579 1970 altera
610 1930 694 1984 plus
727 1931 906 1971 minusve
938 1932 977 1970 in
1010 1932 1105 1971 locis
1138 1933 1366 1986 praesertim
1401 1934 1707 1988 corruptissimis
1739 1935 1869 1974 couci-

73 1997 150 2047 nit,
178 1997 233 2036 ita
259 2004 300 2036 ut
325 2011 378 2037 ex
402 1997 537 2037 iisdem
565 2005 681 2051 atque
707 1999 901 2052 principes
922 1998 1023 2038 Mss.
1042 1999 1224 2040 subsidiis
1245 2000 1454 2040 verborum
1477 2009 1704 2042 contextum
1727 2002 1870 2042 habere

73 2065 271 2111 videatur,
305 2071 577 2118 praeterquam
611 2066 709 2118 quod
744 2065 827 2105 eius
859 2066 986 2106 editor
1012 2067 1073 2106 ubi
1101 2075 1235 2121 aperte
1261 2068 1358 2107 falsa
1386 2069 1448 2108 vel
1474 2069 1601 2109 minus
1628 2077 1735 2110 recte
1767 2071 1869 2111 dicta

74 2131 225 2171 videret
260 2143 312 2171 ex
349 2146 419 2171 suo
451 2133 572 2186 ipsius
603 2132 763 2186 ingenio
794 2134 888 2173 vitia
922 2135 1118 2185 correxit,
1154 2136 1254 2175 unde
1286 2136 1424 2176 mirum
1459 2151 1546 2177 esse
1578 2139 1733 2191 nequit,
1768 2140 1867 2192 quod

74 2204 237 2252 utraque
273 2196 429 2239 Iuntina
460 2200 714 2240 vehementer
745 2200 849 2241 inter
878 2215 920 2242 se
954 2202 1149 2257 discrepat
1174 2211 1212 2243 et
1245 2203 1294 2243 ibi
1329 2206 1411 2244 fere
1443 2207 1711 2246 tantummodo
1743 2207 1868 2260 magis

73 2266 290 2314 consentit,
325 2267 388 2306 ubi
425 2267 498 2307 loci
531 2275 608 2307 tam
642 2269 783 2308 misere
809 2270 981 2324 corrupti
1013 2278 1051 2310 et
1076 2272 1329 2312 contaminati
1362 2280 1473 2323 sunt,
1514 2281 1556 2313 ut
1591 2288 1639 2314 ne
1677 2289 1728 2315 ex
1766 2275 1870 2315 codi-

74 2333 182 2374 cibus
219 2334 369 2387 quidem
409 2335 471 2388 qui
508 2336 633 2375 adhuc
665 2336 793 2376 collati
826 2345 938 2388 suut,
979 2346 1085 2378 certa
1117 2339 1165 2378 iis
1197 2340 1386 2380 medicina
1420 2341 1502 2381 dari
1542 2342 1678 2396 possit.
1743 2343 1869 2383 Huius

73 2408 201 2441 autem
227 2402 484 2443 dissensionis
511 2403 609 2443 hanc
636 2404 726 2444 mihi
752 2405 943 2444 rationem
975 2407 1224 2461 excogitavi:
1253 2406 1381 2461 Quum
1409 2407 1596 2450 Bertinus
1624 2417 1663 2449 et
1688 2409 1870 2450 Pithoea-

73 2483 144 2509 nus
178 2469 239 2509 vel
272 2469 412 2522 quiex
449 2472 582 2511 eodem
622 2473 728 2512 sonte
765 2481 998 2514 emanarunt
1029 2476 1136 2516 codd.
1168 2476 1316 2516 veteris
1347 2490 1460 2530 quam
1494 2477 1627 2517 dicunt
1652 2479 1869 2532 scripturae

75 2537 325 2577 fundamenta
351 2538 450 2588 sint,
484 2539 518 2578 id
547 2540 646 2593 quod
674 2554 725 2580 ex
750 2539 1121 2596 Metamorphoseon
1149 2543 1258 2584 libris
1284 2544 1592 2585 luculentissime
1624 2547 1871 2600 comprobari

75 2605 186 2656 licet,
225 2612 264 2646 et
299 2605 459 2659 vulgata
496 2607 611 2647 etiam
650 2608 766 2648 lectio
797 2609 844 2648 ab
876 2609 923 2650 iis
948 2612 1135 2664 pendeat,
1175 2613 1302 2652 editor
1339 2612 1517 2653 luntinae
1549 2615 1595 2663 2,
1636 2615 1701 2667 qui
1739 2615 1870 2668 plures

74 2686 217 2726 eosque
253 2673 418 2727 optimos
451 2675 562 2715 codd.
602 2675 782 2726 haberet,
821 2690 1025 2718 censuram
1065 2694 1223 2734 operum
1256 2680 1411 2734 Apuleii
1445 2681 1496 2720 ita
1531 2682 1703 2735 peregit,
1747 2690 1789 2722 ut
1818 2698 1871 2724 ex

73 2740 239 2794 singulis
265 2741 470 2795 scripturis
496 2755 563 2782 eas
589 2744 831 2797 potissimum
858 2745 1044 2799 eligeret,
1073 2761 1172 2801 quae
1198 2748 1244 2787 ad
1271 2748 1475 2802 scriptoris
1506 2748 1706 2802 ingenium
1734 2751 1870 2791 dictio-

75 2808 211 2861 nisque
235 2808 426 2860 indolem,
466 2817 580 2864 prout
603 2812 774 2865 eleganti
800 2820 886 2852 erat
911 2813 974 2854 ille
999 2814 1160 2862 iudicio,
1199 2816 1399 2869 aptissima
1426 2830 1513 2856 esse
1545 2817 1791 2869 viderentur,
1831 2819 1868 2858 in

74 2875 121 2916 iis
146 2890 241 2916 vero
267 2876 384 2928 locis,
419 2892 516 2931 quos
548 2878 586 2917 in
619 2879 701 2919 suis
727 2880 923 2921 codicibus
949 2883 1145 2923 mutilatos
1171 2890 1211 2922 et
1236 2890 1441 2937 corruptos
1467 2884 1639 2935 invenit,
1676 2886 1751 2926 nisi
1778 2901 1870 2926 con-

73 2943 233 2984 iecturis
265 2958 332 2985 eos
364 2946 572 2986 emendare
605 2954 756 3000 posset,
791 2948 827 2988 id
859 2950 959 3002 quod
991 2950 1193 2990 rarissime
1220 2952 1364 2991 factum
1392 2959 1472 3000 est,
1500 2952 1704 2993 lectionem
1732 2955 1869 3007 vulga-

75 3018 150 3050 tam
171 3013 398 3065 praeferret.
435 3013 522 3054 Nec
547 3013 599 3062 ita
627 3015 718 3055 mihi
743 3016 1008 3070 improbabilis
1034 3018 1190 3058 videtur
1214 3032 1301 3058 esse
1327 3020 1538 3071 sententia,
1567 3035 1666 3074 quae
1692 3022 1867 3075 singulos

75 3080 227 3121 codices
258 3080 360 3121 inter
388 3095 431 3121 se
461 3083 701 3137 comparanti
733 3083 794 3124 vel
827 3084 950 3126 invito
975 3085 1140 3126 subnata
1167 3093 1248 3138 est,
1285 3085 1535 3128 Florentinos
1561 3089 1713 3130 codices
1739 3091 1802 3145 qui
1829 3091 1867 3132 in
