2155 3590
538 119 728 160 LIBER
760 120 828 159 VI.
889 119 1017 160 CAP.
1043 117 1232 159 XXVII.
1257 117 1470 157 XXVIII.
1793 118 1876 161 497

82 231 306 285 gannitibus
343 231 389 271 ab
427 231 572 286 impetu
609 241 835 273 revocatum
862 233 1018 274 naviter
1042 231 1258 282 inscendit,
1296 237 1335 271 et
1365 229 1421 270 sic
1453 230 1499 269 ad
1534 244 1690 270 cursum
1717 244 1874 271 rursum

80 287 229 328 incitat.

546 484 582 531 G
641 485 687 531 A
743 485 781 530 P
840 485 884 530 U
944 485 987 530 T
1092 481 1392 530 XXVIII.

183 613 271 669 Ego
296 615 410 656 simul
435 616 683 656 voluntariae
710 617 826 670 fugae
852 622 945 656 voto
971 623 1010 656 et
1034 616 1260 656 liberandae
1284 613 1452 668 virginis
1478 613 1607 654 studio
1632 613 1699 654 sed
1726 620 1766 654 et
1791 613 1871 667 pla-

71 685 207 724 garum
233 685 375 722 suasu,
405 686 504 726 quae
530 687 590 713 me
615 673 812 726 saepicule
839 672 1153 723 commonebant,
1183 671 1356 726 equestri
1383 670 1601 720 celeritate,
1630 670 1870 724 quadrupedi

69 740 188 768 cursu
218 728 344 769 solum
375 729 631 784 replaudens,
665 728 832 783 virginis
866 728 1054 769 delicatas
1087 729 1249 769 voculas
1281 726 1488 768 adhinnire
1526 726 1740 767 tentabam.
1792 724 1870 767 Sed

65 855 202 883 naviter
214 857 250 885 F.
266 858 296 885 3.
310 859 346 886 G.
360 859 397 886 D.
425 856 472 891 (et
487 857 532 886 ita
546 865 673 893 semper
686 857 718 885 in
733 857 784 886 liis
799 858 888 886 codd.
902 857 967 886 nisi
982 858 1079 886 aliter
1091 851 1245 896 notetur]

154 899 318 929 desiderio
332 910 388 937 pro
402 901 512 930 studio
526 911 568 931 ex
580 905 778 938 glossemate
791 900 820 930 δ.
868 901 927 930 sed
937 901 976 929 de
985 901 1168 939 plagarum
1182 903 1218 930 B.
1234 910 1263 936 p.
1295 899 1356 928 sed
1361 899 1544 938 plagarum
1563 900 1687 930 omissa
1704 900 1867 935 particula

63 948 96 972 e!
111 947 146 974 G.
161 947 198 975 D.
214 946 235 975 f.
251 944 280 975 δ.
328 954 500 985 suasuque
512 950 548 976 G.
563 949 601 976 D.
649 947 900 975 commovebunt
914 948 948 976 F.
967 949 994 976 1.
1010 949 1045 976 G.
1059 949 1095 976 0.
1109 949 1149 976 D.
1197 946 1436 983 ques-trivulc.
1450 948 1481 974 2.
1501 954 1610 975 errore
1622 947 1867 981 typographico.

63 989 270 1027 quadrr'pede
284 992 305 1020 f.
336 992 377 1021 cf.
393 1000 491 1027 supra
506 1001 534 1027 p.
549 994 641 1026 434..
668 993 723 1021 ubi
738 993 814 1021 item
827 993 957 1021 variant
973 994 1062 1022 codd.
1080 993 1100 1021 f.
1116 997 1144 1020 et
1159 1000 1189 1027 p.
1216 989 1440 1028 quadr-inperii
1454 993 1494 1020 D.
1514 998 1535 1020 a
1547 999 1588 1019 m.
1602 999 1634 1027 p.
1660 989 1738 1025 (sed
1751 997 1771 1019 a
1784 999 1825 1020 m.
1840 999 1867 1019 ιι.

62 1040 241 1065 correctum
254 1041 302 1065 est
328 1036 537 1074 quadripedi,
553 1042 670 1072 puncto
684 1038 814 1066 litterae
828 1045 845 1064 o
859 1037 1059 1072 subposito.)
1085 1035 1264 1074 repladeus
1279 1035 1383 1071 (quod
1399 1036 1538 1065 fortasse
1552 1041 1600 1065 est
1616 1034 1812 1072 replodens)
1827 1037 1867 1064 D.

61 1079 197 1108 reculas
211 1083 248 1111 D.
297 1080 344 1109 ad
355 1082 442 1110 inire
456 1084 491 1112 G.
504 1084 543 1111 D.
559 1079 587 1111 δ.
603 1081 678 1117 (qui
693 1089 712 1110 a
725 1091 766 1112 m.
781 1092 806 1111 s.
820 1085 916 1111 habet
929 1080 1127 1118 adiuvare.)
1165 1080 1368 1118 temptabam
1383 1088 1438 1116 pro
1452 1089 1540 1110 more
1553 1082 1624 1110 eud.
1639 1084 1716 1110 velt.
1732 1081 1865 1115 aliquot.

59 1203 134 1240 que
170 1204 283 1230 usum
319 1196 521 1242 poetarum
559 1191 681 1230 fuisse
723 1192 930 1243 proprium,

58 1246 160 1284 uude
196 1248 426 1298 posterioris
461 1248 548 1286 aevi
584 1249 797 1299 scriptores
840 1261 928 1286 eum

56 1304 286 1353 repetierint.
335 1303 545 1342 *Nonnullis
581 1303 685 1354 apud
715 1303 926 1355 Apuleium

54 1358 107 1397 ita
138 1358 276 1410 legitur
306 1359 421 1404 locis,
459 1360 524 1398 ubi
555 1372 603 1397 ne
630 1360 742 1398 unius
768 1359 924 1410 quidem

54 1414 199 1453 codicis
214 1420 276 1454 est
289 1415 550 1468 discrepantia
574 1415 622 1454 cf.
637 1415 754 1466 Apol.
776 1429 814 1467 p.
828 1418 922 1456 464.

52 1471 132 1510 His
156 1473 330 1511 etenim
351 1475 531 1525 fortasse
562 1486 600 1524 p.
629 1476 722 1512 518.
758 1472 927 1524 Quippe

51 1528 254 1581 etenim]

90 1584 287 1635 placidis.
301 1584 522 1637 [Placiclis,
532 1584 637 1635 quod
650 1583 796 1636 aliquot
810 1583 923 1622 codd.

50 1641 252 1691 praebent,
267 1641 391 1692 magis
404 1641 549 1693 placuit
567 1645 721 1692 praeter
735 1640 834 1679 alios
850 1642 921 1679 So-

47 1696 198 1747 pingiu,
223 1711 296 1736 nec
320 1711 404 1736 raro
429 1698 603 1736 invenias
623 1697 840 1749 placidam
858 1711 919 1736 co-

48 1766 131 1791 cem
154 1752 250 1791 Met.
265 1752 332 1791 Vl.
360 1768 395 1805 p.
411 1758 504 1794 444.
528 1753 704 1806 placido
729 1767 922 1796 sermone,

46 1808 111 1846 ubi
136 1809 276 1848 eadem
300 1811 469 1848 varietas
498 1809 676 1848 lectionis
703 1813 744 1847 ut
768 1809 921 1860 passIm

46 1865 300 1916 conspicitur,
332 1866 422 1917 quia
453 1879 578 1916 saepe
604 1869 807 1917 utrumque
832 1880 920 1903 sen·

45 1921 187 1959 tentiae
212 1921 397 1973 applicari
422 1923 561 1972 possit.
609 1921 656 1960 cs.
683 1920 856 1960 Broukh.
882 1925 920 1959 et

43 1976 207 2017 Lachm.
232 1977 282 2016 ad
308 1975 424 2028 Prop.
448 1977 472 2015 I.
499 1981 562 2018 20.
591 1982 655 2018 21.
681 1977 749 2015 Dr.
777 1977 825 2015 ad
847 1977 917 2015 Sil.

42 2031 152 2072 XVI.
170 2037 260 2075 130.
274 2032 301 2072 Ι.
321 2038 383 2073 11.
403 2032 538 2071 Munk.
553 2034 603 2071 ad
619 2033 732 2084 fulg.
746 2030 917 2084 Mythol.

42 2103 80 2140 p.
96 2092 190 2130 600.
214 2088 370 2128 Ruhnk.
397 2088 499 2128 Dict.
524 2089 573 2127 ad
589 2089 699 2128 Suet.
714 2088 832 2140 Calig.
849 2092 915 2129 36.

43 2158 79 2196 p.
107 2149 200 2186 277.
227 2145 303 2184 Hic
325 2149 455 2183 tamen
483 2159 556 2183 non
584 2145 633 2183 de
663 2145 819 2183 mitibus
846 2147 915 2183 vir-

43 2201 143 2251 ginis
174 2215 222 2240 ac
249 2200 465 2251 tranquillis
498 2201 648 2239 voculis
679 2215 808 2239 sermo
841 2205 915 2246 est,

40 2257 115 2296 sed
129 2256 177 2295 de
190 2257 478 2296 blandientibus
491 2257 703 2310 gratisque,
721 2271 820 2308 quae
836 2258 914 2308 qui-

40 2313 130 2352 dem
156 2314 266 2353 asino
292 2313 450 2365 egregie
475 2313 718 2366 placebant]

98 2368 186 2408 Cim.
209 2368 396 2408 XXVIII.
445 2384 584 2414 suasu,
619 2384 722 2422 qnae
747 2383 806 2408 me
830 2383 913 2409 sue-

31 2426 177 2478 )n'cule
201 2425 518 2465 commonebant.
569 2426 913 2478 [Coniurat-ebant,

36 2482 145 2533 quod
158 2481 331 2520 nonnulli
345 2482 576 2532 interpretes
589 2482 824 2533 praeferunt,
839 2496 912 2520 non

37 2538 166 2577 solum
198 2551 247 2576 ex
279 2537 593 2589 frequentissima
625 2540 824 2588 utriusque
852 2552 915 2575 vo·

39 2593 165 2633 cabuli
196 2595 492 2633 commutatione
525 2595 674 2633 videtur
705 2607 796 2632 esse
823 2608 908 2646 pro-

36 2649 201 2698 fectum3
248 2652 295 2689 cl.
322 2650 406 2689 Intt.
432 2651 482 2689 ad
507 2649 625 2702 Prop.
651 2650 718 2688 lv.
751 2655 781 2690 l.
817 2655 909 2691 107.

41 2704 140 2745 Cort.
161 2707 211 2746 ad
223 2706 372 2746 Lucan.
385 2706 414 2744 I.
435 2711 528 2748 631.
554 2706 638 2745 Liv.
656 2706 718 2744 lll.
735 2710 798 2747 39.
826 2707 856 2758 ᾧ.
871 2710 908 2747 3.

39 2762 112 2801 sed
124 2764 239 2801 etiam
253 2764 521 2814 quiaineptum
531 2762 733 2801 videbatur
748 2762 910 2801 librariis

38 2817 352 2865 additamentum,
379 2834 482 2872 qmte
507 2833 565 2858 nze
589 2819 909 2870 saepiculewnz-

40 2873 265 2921 movebant,
291 2890 367 2928 quo
382 2876 463 2914 sere
483 2875 603 2921 idem,
630 2875 906 2926 quodinprae-

38 2930 188 2979 gressis
212 2944 331 2971 suasu
355 2932 596 2977 indicaretur,
623 2931 784 2982 exprimi
799 2935 905 2982 puta-

39 2985 142 3023 bant.
168 2985 252 3025 Sed
262 2987 402 3027 eadcm
414 2990 563 3027 ratione
578 2987 799 3038 dixitApul.
809 2987 906 3026 Met.

40 3039 89 3079 V.
100 3055 139 3093 p.
152 3044 245 3083 368.
270 3045 481 3085 consilium
498 3049 686 3089 restrum,
714 3044 907 3096 qnomilci

33 3098 226 3144 suasistis,
250 3113 321 3139 nec
331 3101 382 3140 ita
401 3102 537 3140 mirum
557 3100 632 3140 hoc
652 3114 746 3140 csse
765 3100 908 3152 poterit

990 1193 1044 1236 ei,
1071 1191 1134 1242 qui
1150 1191 1344 1242 cognitum
1361 1189 1499 1236 habet,
1526 1191 1688 1242 saepius
1703 1191 1864 1229 verbum

988 1248 1023 1285 in
1039 1248 1201 1285 relativa
1214 1247 1482 1285 enunciatione
1497 1249 1636 1298 repeti,
1652 1249 1760 1286 cuius
1774 1247 1864 1286 sub-

985 1303 1437 1354 stantivumpraecessit,
1463 1307 1521 1341 ut:
1548 1304 1590 1342 in
1604 1305 1753 1348 edicto,
1782 1318 1863 1356 quo

985 1359 1138 1404 edixit,
1189 1358 1234 1396 cf.
1267 1358 1334 1397 Dr.
1367 1358 1417 1396 ad
1455 1358 1540 1397 Liv.
1580 1358 1626 1398 II.
1658 1364 1722 1400 24.
1762 1360 1791 1411 ξ.
1826 1363 1860 1400 6.

988 1414 1247 1454 Commonere
1266 1419 1307 1453 ut
1326 1414 1424 1453 alias
1445 1415 1664 1454 ‹nltnonere
1685 1416 1734 1453 de
1749 1417 1861 1467 equis

986 1470 1146 1517 dictum,
1186 1484 1285 1521 quos
1322 1470 1451 1522 plagis
1488 1475 1607 1522 atque
1644 1471 1861 1510 calcaribus

984 1527 1226 1578 instigamus.
1253 1527 1302 1565 cs.
1331 1525 1434 1565 Cort.
1456 1527 1504 1565 ad
1519 1526 1668 1567 Lucan.
1682 1526 1750 1567 lv,
1766 1532 1860 1569 760.

983 1585 1046 1634 qui
1074 1590 1246 1621 nostrum
1273 1584 1398 1621 locum
1423 1583 1595 1635 excitat]

1038 1640 1268 1679 adhinnire.
1308 1639 1427 1691 [Elm.
1449 1641 1483 1678 in
1498 1639 1624 1678 indice
1636 1640 1859 1680 adhinnire

979 1710 1181 1748 perperam
1215 1697 1373 1747 exponit
1404 1696 1623 1736 libidinose
1647 1701 1856 1749 appetere,

983 1766 1218 1803 quamquam
1261 1751 1351 1790 alibi
1394 1752 1446 1790 ita
1487 1753 1651 1804 saepius
1695 1753 1854 1798 dicatur,

982 1823 1097 1859 quum
1124 1808 1280 1860 proprie
1306 1808 1356 1846 de
1382 1809 1494 1859 equis
1521 1808 1688 1854 dicatur,
1715 1809 1780 1860 qui
1805 1809 1855 1847 ad

980 1864 1141 1903 alterius
1192 1868 1445 1916 conspectum
1495 1864 1694 1910 hinniunt,
1743 1878 1854 1916 prae-

978 1922 1110 1958 sertim
1147 1921 1197 1958 ob
1234 1922 1359 1958 coitus
1396 1920 1588 1960 ardorem.
1641 1920 1705 1959 De
1737 1921 1853 1960 lasci-

980 1977 1120 2014 viendi
1150 1976 1431 2027 significatione
1463 1976 1615 2014 confert
1647 1975 1748 2016 Elm.
1775 1975 1851 2015 Cic.

975 2034 1010 2071 in
1025 2030 1156 2070 Pison.
1167 2046 1197 2070 c.
1210 2036 1274 2073 28.
1288 2031 1445 2070 Hieron.
1461 2032 1550 2073 adv.
1563 2032 1680 2071 Iovin.
1695 2033 1851 2072 haeres.

976 2104 1007 2128 c.
1024 2092 1088 2128 50.
1113 2089 1246 2127 statim
1266 2093 1309 2127 ut
1330 2089 1518 2128 mullei-es
1537 2089 1726 2136 viderint,
1752 2090 1850 2128 lein·

974 2160 999 2183 η
1011 2145 1055 2183 in
1065 2158 1090 2182 n
1100 2149 1126 2182 t.
1153 2145 1320 2195 August.
1336 2144 1385 2182 de
1399 2144 1533 2184 mmil».
1549 2144 1718 2184 Manich.
1729 2144 1772 2184 II.
1788 2149 1850 2186 19.

976 2200 1144 2240 vidimus
1175 2205 1254 2239 {res
1284 2201 1433 2240 electos
1465 2206 1546 2240 tres
1573 2203 1750 2253 feminas
1777 2216 1850 2254 pe-

974 2256 1131 2297 tulante
1153 2261 1270 2309 yestn
1297 2257 1572 2296 adhinnire.
1611 2257 1662 2295 Et
1686 2259 1738 2296 ita
1762 2259 1849 2296 sine

973 2313 1089 2351 dubio
1127 2312 1232 2364 apud
1271 2312 1385 2351 Ovid.
1422 2313 1589 2352 Remed.
1625 2314 1714 2353 Am.
1754 2318 1847 2355 634.

974 2369 1180 2420 legendum
1194 2373 1271 2407 est:
1299 2370 1436 2408 Fortis
1449 2384 1575 2422 equus
1590 2371 1731 2410 elsam
1755 2385 1848 2410 sem·

970 2440 1048 2477 pei·
1068 2425 1260 2464 adhinnit
1285 2439 1471 2478 equum,
1497 2426 1603 2477 quod
1625 2440 1697 2464 non
1717 2426 1846 2465 solum

974 2485 1132 2533 propter
1151 2481 1262 2520 codd.
1283 2483 1570 2528 auctoritatem,
1596 2483 1671 2521 sed
1688 2487 1846 2535 propter

972 2539 1059 2576 soni
1090 2551 1245 2589 quoque
1276 2539 1510 2577 suavitatem
1541 2539 1843 2578 commendatur.

968 2593 1025 2633 Cf.
1040 2593 1140 2633 Elin.
1155 2594 1205 2632 ad
1219 2594 1365 2633 Arnob.
1382 2593 1448 2634 IV.
1465 2609 1495 2633 e.
1509 2600 1571 2635 14.
1588 2594 1631 2633 Τ.
1643 2594 1687 2633 ll.
1702 2608 1738 2645 p.
1749 2599 1843 2637 209.

967 2649 1092 2690 Orell.
1125 2649 1257 2690 Barth.
1288 2649 1458 2690 Advcrs.
1487 2650 1557 2691 Xl.
1588 2655 1648 2692 15.
1686 2665 1721 2702 p.
1749 2656 1842 2692 540.

967 2705 1079 2746 XXI.
1098 2710 1133 2746 7.
1159 2720 1195 2758 p.
1219 2711 1337 2748 1033.
1366 2706 1533 2745 Turneb.
1549 2707 1715 2746 Advers.
1730 2706 1841 2747 XIX.

969 2766 1033 2803 29.
1060 2777 1096 2814 p.
1124 2766 1215 2804 669.
1250 2763 1310 2801 De
1336 2764 1622 2802 constructione
1653 2762 1700 2801 cf.
1728 2763 1842 2804 lexic.

969 2818 1156 2864 ForceIl.‚
1194 2823 1233 2858 et
1259 2819 1346 2857 VV.
1378 2819 1469 2857 DD.
1501 2820 1618 2857 modo
1651 2819 1839 2859 adscitos.

965 2875 1038 2914 Hic
1051 2889 1142 2913 vero
1158 2876 1380 2914 cullaeinnire
1394 2876 1547 2926 propria
1560 2875 1840 2926 significatione

966 2931 1106 2969 dictum
1134 2935 1195 2969 est
1220 2931 1270 2970 de
1295 2932 1430 2977 asino,
1457 2932 1520 2981 qui
1546 2944 1641 2982 prae
1667 2931 1839 2979 libidine,

964 2991 1043 3026 tam
1068 2987 1277 3026 delicatam
1303 2986 1475 3037 puellam
1505 3000 1578 3025 suo
1605 2987 1722 3026 dorso
1748 3002 1839 3040 por—

963 3043 1086 3090 tandi,
1111 3045 1230 3094 gestit
1255 3047 1292 3081 et
1312 3043 1450 3094 cuique
1470 3043 1752 3082 blandissimae
1768 3045 1836 3083 vir-

963 3100 1062 3152 ginis
1091 3099 1255 3139 voculae
1279 3112 1352 3138 suo
1378 3099 1503 3142 ruditu
1527 3100 1777 3154 respondet]

1540 3167 1596 3211 32
