2221 3667
219 601 279 633 661

310 146 391 187 848
576 142 618 181 1..
651 139 868 180 APULEH
901 137 1300 177 MADAURENSIS
1332 137 1873 177 METAMORPHOSEON

310 257 413 296 dicto
443 254 611 308 insignis
643 252 860 305 indignatio
893 258 996 292 totos
1030 249 1268 290 audientium
1302 248 1543 302 pertentavit
1575 248 1740 288 animos.
1812 249 1926 290 Tunc
1957 263 2057 290 unus
2084 264 2105 289 e

309 312 435 352 tribus
460 309 652 350 fratribus
676 308 929 349 incolitanter
953 314 993 348 et
1012 306 1126 359 paulo
1144 305 1306 346 liberius
1326 304 1547 359 respondit:
1576 303 1744 344 Frustra
1763 318 1848 345 eum
1869 306 1951 346 suis
1969 306 2106 360 opibus

310 368 499 408 conlisum
525 365 735 421 tyrannica
765 364 949 420 superbia
980 362 1231 413 comminari,
1266 376 1353 402 cum
1384 361 1558 414 alioquin
1590 373 1781 414 pauperes
1813 361 1929 401 etiam
1954 362 2107 403 liberali

308 424 438 476 legum
464 421 659 477 praesidio
685 422 732 462 de
757 421 968 461 insolentia
993 419 1240 473 locupletium
1269 418 1550 458 consueverint
1574 416 1778 457 vindicari.
1831 415 1945 470 Quod
1981 419 2108 459 oleum

308 481 508 529 flammae,
538 478 639 532 quod
666 478 794 519 sulfur
818 476 1022 526 incendio,
1052 476 1152 529 quod
1180 475 1375 529 flagellum
1401 473 1569 523 Furiae,
1604 474 1676 514 hoc
1707 479 1747 512 et
1770 472 1845 514 iste
1871 487 2000 514 sermo
2026 481 2108 515 tru-

309 536 504 577 culentiae
540 535 708 575 hominis
747 534 987 574 nutrimento
1032 532 1117 572 suit.
1191 530 1350 585 lamque
1387 531 1434 571 ad
1471 537 1690 571 extremam
1732 529 1926 569 insaniam
1967 544 2108 571 vecors

309 593 560 648 suspendium
598 605 686 633 sese
723 598 761 631 et
796 590 889 630 totis
925 589 1002 629 illis
1048 596 1083 628 et
1127 588 1221 642 ipsis
1258 588 1410 642 legibus
1447 585 1950 643 mandarelproclamans,
1990 600 2109 626 canes

308 721 515 750 autlz‘cntiznn
540 719 728 758 indignatio
756 722 845 747 totos
870 716 899 747 ὁ.
972 724 1057 746 unus
1082 719 1195 746 exulat
1219 721 1258 746 an
1285 718 1354 746 edd.
1382 718 1464 746 Iunt.
1495 718 1520 745 l.
1547 718 1577 745 2.
1602 717 1676 745 Ant.
1703 719 1733 744 et
1757 717 1793 744 P.
1861 717 2111 752 permananter

308 770 344 797 G.
369 770 396 796 1.
421 769 457 797 Ο.
481 767 703 795 incuntanter
728 767 764 793 D.
814 764 1055 792 incunctanter
1080 764 1116 792 G.
1140 765 1170 792 2.
1196 764 1231 792 P.
1280 762 1312 790 in
1338 763 1408 790 suis
1434 761 1549 798 opibus
1573 762 1612 791 D.
1660 759 1814 798 operibus
1835 762 1870 789 G.
1897 763 1927 789 2.
1953 762 1988 789 P.
2014 757 2043 788 δ.
2070 762 2108 789 l).

310 813 494 850 tyrannica
518 810 676 849 superbia
688 812 726 839 F.
743 812 773 839 1.
793 811 823 838 3.
843 812 880 839 G.
899 811 926 838 l.
941 811 970 838 2.
997 808 1071 843 (qui
1096 808 1208 837 scribit
1238 806 1493 845 lJfl-rampm'ca)
1520 809 1557 836 P.
1576 808 1611 836 Ο.
1630 802 1669 836 Ι).
1690 808 1726 835 L.
1753 803 1782 835 δ.
1808 806 1831 835 f.
1855 807 1951 835 Vulc.
1971 808 2001 833 2¹.
2025 807 2110 834 Elm.

308 859 411 888 scriv.
447 861 485 887 In
498 861 572 886 cett.
587 856 804 893 tyrannicam
818 853 1019 891 superbiam.
1067 854 1272 881 comminare
1285 850 1314 881 δ.
1361 852 1505 881 liberm-1·
1516 861 1546 887 p.
1594 850 1794 888 locupletum
1808 852 1844 880 F.
1862 853 1890 880 1.
1904 854 1940 880 G.
1955 853 1984 879 ’1.
2015 849 2109 878 Incu-

302 903 465 941 plectium
479 905 515 932 L.
538 905 576 931 In
590 905 664 931 cett.
678 899 903 938 locupletium.
951 899 1162 927 consuet-erit
1179 901 1214 927 G.
1230 901 1258 928 1.
1272 901 1303 926 2.
1319 900 1357 927 D.
1383 897 1554 926 consuerit
1568 894 1595 926 ὃ.
1629 899 1875 925 consueverunt
1887 893 1916 925 ὃ.
1963 894 2113 924 iudicari

308 952 343 978 G.
362 951 388 978 l.
405 950 434 978 2.
450 950 486 978 Ρ.
499 950 538 977 D.
564 945 675 974 ditari
686 956 716 982 p.
766 944 856 983 quod
867 942 1186 982 aleumflnnmeeqne
1199 942 1342 981 sulphur
1355 939 1863 981 incenrlioqneflagellnmsarie
1882 944 1918 971 G.
1933 943 1963 970 2.
1977 943 2015 970 D.
2030 942 2110 971 Oud.

308 1004 324 1023 e
337 995 409 1024 suis
423 993 585 1028 excerptis
599 992 757 1021 enotavit:
784 988 1132 1029 quodqueflagellma.
1179 988 1235 1017 hic
1249 992 1284 1018 G.
1302 992 1329 1018 1.
1344 991 1378 1018 Ο.
1394 990 1416 1018 f.
1465 988 1652 1016 truculenti
1663 985 1693 1017 δ.
1732 988 1811 1027 furt
1823 989 1859 1016 L.
1908 994 1944 1014 se
1958 989 1990 1014 ee
2005 986 2110 1013 onmi-

306 1039 366 1068 bus
380 1037 409 1067 ὃ.
425 1039 463 1075 f.‚
478 1039 559 1073 quod
573 1042 685 1066 natum
699 1039 737 1066 de
749 1037 1028 1072 interpretatione.
1064 1033 1225 1063 mandale
1235 1037 1270 1064 G.
1286 1037 1309 1064 Ι.
1336 1032 1535 1063 murmurio.
1562 1032 1732 1062 mandale.
1763 1031 1984 1070 proclamans
1998 1039 2110 1060 canes.

307 1088 357 1114 Ita
375 1084 574 1120 interpuugit
594 1085 629 1111 G.
647 1085 676 1111 1.

307 1196 407 1247 agri,
438 1194 511 1233 sed
535 1198 704 1240 tantum,
735 1198 777 1232 ut
808 1193 897 1231 inde
929 1193 964 1230 vi
998 1196 1036 1230 et
1066 1205 1180 1230 manu

307 1251 606 1304 protruderetur.
654 1250 841 1289 Pricaeus
874 1253 1072 1301 comparat
1101 1250 1180 1287 An-

307 1308 460 1360 glorum
484 1307 669 1359 loquendi
694 1320 836 1358 genus:
862 1310 901 1345 to
926 1306 1008 1357 pull
1037 1309 1103 1344 out
1128 1305 1180 1356 by

307 1365 375 1403 the
396 1378 527 1409 eares,
553 1364 655 1403 Oud.
670 1363 892 1415 Belginum:
916 1363 970 1413 by
984 1363 1033 1401 de
1047 1361 1179 1400 Ooren

307 1426 450 1460 vatten.

364 1478 611 1530 pertentavit
635 1478 798 1516 animos.
825 1476 906 1528 [De
926 1474 999 1514 hac
1012 1475 1180 1514 dictione

311 1535 360 1574 cf.
397 1534 542 1573 Deder.
585 1535 621 1572 in
658 1532 800 1572 lntrod.
842 1532 893 1572 ad
934 1532 1035 1570 Dict.
1080 1531 1178 1570 Cret.

355 1649 573 1701 tyrannica
586 1647 779 1699 superbia
794 1646 1041 1684 comminari.
1068 1644 1181 1682 Hanc

311 1705 542 1756 optimorum
573 1703 685 1742 codd.
718 1703 924 1741 lectionem
963 1705 1095 1740 contra
1125 1701 1179 1740 al-

309 1766 431 1799 teram
456 1761 712 1814 tyrannicam
733 1759 964 1811 superbiam
989 1757 1092 1796 Oud.
1118 1757 1179 1795 his

308 1817 440 1856 verbis
453 1818 554 1855 bene
568 1815 760 1854 defendit:
787 1815 942 1853 Certum
957 1818 1019 1852 est
1032 1815 1181 1853 minari

309 1887 396 1913 cum
427 1874 656 1924 compositis
687 1876 726 1911 et
751 1872 934 1911 derivatis
959 1884 1083 1922 saepe
1107 1870 1181 1908 sibi

309 1932 469 1981 iungere
500 1943 634 1969 casum
667 1933 862 1980 quartum,
898 1928 1181 1979 significantem

310 1987 406 2026 illud
429 1986 587 2032 malum,
613 1987 722 2025 cuius
746 1987 870 2024 minas
897 1985 984 2036 quis
1009 1984 1182 2028 intendit,

310 2048 351 2083 ut
374 2043 478 2082 Hist.
500 2042 547 2081 B.
573 2042 656 2082 Afr.
673 2046 736 2083 71.
763 2043 1183 2093 comminui-encurque

310 2103 545 2152 impetum.
593 2100 701 2138 Suet.
728 2098 813 2138 Tib.
840 2113 872 2138 0.
899 2103 961 2139 75.
1002 2098 1181 2138 Une-nm

311 2162 351 2196 ct
388 2157 642 2197 Gemonias
684 2156 878 2195 cadaveri
917 2156 1178 2194 ¹minarentur.

309 2213 487 2252 Lambin.
513 2213 562 2251 ad
587 2212 679 2251 Hor.
704 2212 780 2251 Od.
806 2211 832 2250 Ι.
860 2216 924 2253 28.
951 2216 1017 2252 25.
1047 2210 1177 2249 Bentl.

311 2270 362 2309 ad
398 2269 476 2308 Od.
507 2268 574 2308 IV.
610 2273 672 2309 14.
710 2273 775 2309 28.
823 2268 943 2307 Immo
980 2270 1038 2307 sic
1073 2267 1178 2319 apud

310 2330 502 2372 nostrum,
545 2330 587 2364 ut
622 2326 737 2363 docet
772 2324 871 2364 Prie.
907 2325 957 2363 ad
993 2324 1089 2363 11Ιο1.
1124 2322 1176 2362 X.

310 2398 351 2435 p.
386 2386 480 2425 689.
522 2383 600 2421 sihi
635 2383 815 2422 eumdem
850 2382 966 2421 illum
1000 2381 1178 2434 (fludio

311 2440 559 2479 comme‘narz'.
609 2439 692 2477 Sed
725 2439 788 2477 hic
822 2439 896 2477 iste
932 2438 1178 2477 accusativus

311 2497 402 2535 mihi
417 2496 608 2548 displicet.
633 2495 721 2534 Non
738 2496 1058 2534 comminabatur
1072 2494 1179 2533 illis

310 2553 553 2605 superbiam,
583 2552 657 2590 sed
683 2552 1006 2591 comminabatm·
1030 2551 1179 2590 malam

308 2609 454 2648 tumide
483 2623 530 2648 ac
557 2612 737 2661 potenter
766 2623 812 2647 ac
840 2609 999 2660 superbi
1028 2607 1179 2658 tyranni

308 2679 427 2705 more.

367 2733 642 2785 locupletium.
692 2732 873 2785 [Aliquot
897 2732 1008 2771 codd.
1034 2731 1180 2770 habent

312 2790 579 2842 locupletum,
614 2789 664 2828 de
694 2804 771 2840 qua
804 2794 966 2841 utraque
1002 2789 1180 2827 termina-

310 2848 414 2885 tione
440 2846 549 2898 plura
576 2847 701 2885 (licam
720 2846 771 2885 ad
791 2846 840 2885 de
860 2846 1004 2897 Dogm.
1017 2844 1119 2884 Plat.
1134 2844 1179 2883 ll.

311 2917 348 2955 p.
375 2907 475 2948 260,
510 2904 573 2942 ubi
605 2904 735 2941 itidem
769 2903 881 2942 codd.
914 2904 1070 2941 variant.
1118 2901 1181 2940 Ex

310 2960 473 3010 plurium
505 2961 815 3012 optimorumque
846 2960 956 2998 codd.
983 2971 1180 2999 consensu

314 3016 576 3068 locupletium
601 3017 691 3056 dedi
715 3016 980 3069 scripturam]
1023 3053 1026 3056 .

366 3085 588 3135 flayellam.
645 3083 902 3138 [Flayellmn
932 3088 1089 3123 veteres
1120 3084 1180 3122 tri-

313 3140 479 3178 buebant
510 3140 655 3184 Furiis.
693 3146 734 3178 ut
763 3141 888 3180 malae
918 3142 1181 3180 conscientiae

1239 1192 1491 1230 verberantes
1523 1190 1636 1241 quasi
1669 1194 1708 1227 et
1737 1193 1964 1241 torquentes
1988 1189 2109 1240 signi-

1238 1249 1395 1286 ficarent
1426 1247 1617 1286 cruciatus
1649 1246 1698 1285 cs.
1726 1246 1860 1285 Heius.
1886 1246 2055 1284 Advers.
2081 1245 2108 1283 1.

1241 1310 1304 1345 11.
1332 1319 1366 1356 p.
1396 1308 1486 1344 118.
1511 1303 1596 1342 11111.
1623 1304 1673 1342 ad
1698 1303 1776 1342 luv.
1801 1301 1906 1341 Χ111.
1936 1306 2032 1349 194ς
2059 1301 2109 1341 ad

1238 1362 1386 1400 Aesch.
1411 1360 1613 1399 Eumenid.
1644 1364 1722 1401 150
1746 1359 1825 1412 sq]

1295 1431 1537 1469 nutrimento
1560 1429 1653 1480 fait.
1705 1427 1783 1479 [Ex
1814 1427 1970 1465 diversa
1992 1427 2106 1466 huius

1240 1487 1313 1525 loci
1349 1487 1538 1537 scriptura
1573 1484 1675 1522 Oud.
1713 1486 1970 1522 coniecturam
2002 1483 2107 1529 fecit,

1238 1543 1300 1582 1110
1326 1543 1446 1582 latere
1470 1541 1626 1593 aliquid,
1653 1540 1755 1591 quod
1781 1541 2009 1592 praesertim
2032 1553 2109 1579 vox

1237 1601 1481 1640 nutrimento
1518 1598 1748 1643 abundaret,
1786 1611 1835 1635 ex
1866 1597 2110 1647 glossemate

1237 1657 1402 1696 adiecta.
1450 1654 1710 1705 Hincputavit
1724 1653 1948 1705 legendnm:
1974 1658 2108 1695 trucu-

1239 1713 1337 1752 lenti
1353 1712 1525 1750 hominis
1535 1712 1687 1762 furori.
1713 1711 1798 1749 sive
1819 1710 1966 1748 omisso
1988 1712 2106 1750 verbo

1239 1770 1323 1806 sive
1356 1768 1521 1806 adiecto.
1569 1767 1640 1805 Vir
1670 1767 1809 1806 doctus
1839 1768 1875 1805 in
1899 1779 2019 1818 marg.
2045 1768 2108 1808 ed.

1240 1825 1350 1865 Colv.
1373 1838 1485 1863 meae
1511 1825 1643 1862 nescio
1669 1825 1755 1874 quis
1775 1836 1915 1876 graece
1937 1825 2052 1876 quod
2070 1828 2109 1863 et

1240 1883 1318 1922 hoc
1331 1882 1603 1932 interpretatus
1619 1884 1680 1919 est
1694 1875 1928 1926 τόσον-ὅσον,
1942 1883 1983 1918 111
1995 1895 2108 1920 mens

1239 1941 1325 1977 eius
1352 1939 1476 1976 tuisse
1501 1938 1691 1976 videatur:
1729 1941 1911 1988 quantum
1944 1937 2009 1985 (in
2033 1939 2108 1978 ‘acie

1241 1997 1348 2045 welt)
1369 1995 1457 2033 olen
1472 1994 1597 2033 sulfur
1610 1994 1840 2033 nutrimento
1856 1996 1934 2037 est.
1959 1996 2107 2033 tantum

1240 2066 1372 2090 serino
1405 2053 1478 2090 iste
1509 2050 1762 2090 truculentiae
1792 2050 1969 2089 hominis.
2017 2050 2105 2090 Me-

1241 2110 1315 2147 lius
1339 2109 1571 2147 sententiam
1590 2108 1826 2160 explicabiS,
1850 2107 1884 2145 si
1904 2108 2106 2148 truculen-

1238 2167 1320 2206 tiae
1350 2180 1422 2204 non
1456 2165 1644 2211 dativum,
1675 2165 1749 2203 sed
1780 2162 1988 2216 genitivum
2013 2177 2107 2203 esse

1236 2223 1519 2261 existimaveris
1545 2235 1592 2260 eo
1624 2235 1761 2260 sensu:
1800 2221 1894 2261 Was
1926 2221 2004 2261 Oel
2028 2223 2106 2273 fiir

1238 2280 1306 2318 die
1337 2280 1528 2324 Flamma,
1566 2293 1647 2318 was
1678 2278 1885 2329 Schwefel
1913 2281 1990 2331 fiir
2025 2278 2104 2317 den

1242 2337 1408 2381 Braml,
1434 2350 1514 2375 was
1536 2336 1602 2374 die
1619 2335 1772 2375 Gez'ssel
1784 2336 1862 2385 fiir
1887 2335 1956 2374 elie
1969 2335 2104 2379 Rev-Ic,

1237 2393 1312 2432 das
1338 2393 1591 2447 1(·ι“νΙ,·10]”εηε
1617 2392 1734 2431 Rede
1754 2393 1831 2442 fiir
1856 2392 1924 2430 die
1949 2391 2105 2444 Steiye-

1236 2464 1344 2502 rnny
1361 2450 1435 2488 der
1457 2449 1575 2490 lt‘utlz
1596 2449 1666 2488 cles
1679 2448 1909 2487 flIensclcen.
1956 2448 2011 2486 At
2028 2461 2104 2485 non

1237 2506 1456 2557 negandum
1487 2508 1565 2551 est,
1597 2505 1752 2543 molesti
1782 2504 1928 2557 aliquid
1958 2504 2106 2544 habere

1236 2562 1338 2600 1111110
1363 2562 1532 2602 (latirum
1552 2563 1813 2608 nutrimento,
1841 2574 1956 2613 quem
1974 2565 2102 2601 tamen

1236 2619 1376 2658 eiicere
1402 2634 1474 2658 non
1495 2618 1650 2671 audeo]

1296 2688 1556 2739 suspendium
1569 2686 1777 2725 mandare.
1804 2685 2029 2738 [Blandare
2047 2685 2103 2725 la-

1241 2758 1383 2797 queum
1408 2749 1444 2783 et
1468 2743 1727 2796 suspendium
1743 2742 1933 2788 dicuntur,
1959 2742 2022 2793 qui
2037 2743 2104 2781 ali-

1239 2814 1354 2852 quem
1384 2800 1436 2840 ita
1466 2799 1699 2851 despiciunt,
1731 2803 1773 2837 ut
1801 2799 2017 2850 suspendio
2049 2799 2103 2837 (11-

1238 2870 1355 2908 gnum
1385 2871 1478 2896 esse
1509 2859 1712 2901 censeant,
1744 2855 1794 2893 de
1824 2855 1908 2893 eius
1933 2855 2015 2894 vita
2038 2856 2102 2893 mi-

1239 2915 1339 2952 nime
1364 2914 1538 2961 solliciti3
1565 2912 1611 2951 cf.
1625 2911 1709 2950 Intt.
1723 2912 1773 2950 ad
1788 2911 1956 2950 Iuvenal.
1971 2911 2022 2951 X.
2036 2915 2102 2952 52.

1239 2974 1278 3009 et
1306 2970 1468 3022 Rupert.
1504 2971 1538 3008 in
1568 2968 1752 3021 Append.
1781 2969 1832 3006 ad
1860 2968 1896 3006 h.
1930 2967 1953 3007 l.
1986 2967 2034 3008 Τ.
2057 2967 2102 3007 II.

1239 3042 1275 3079 p.
1303 3031 1394 3068 787.
1419 3026 1606 3066 Pricaeus
1631 3025 1680 3064 (le
1707 3024 1874 3063 dictione
1907 3027 2104 3076 comparat

1239 3083 1375 3123 Horat.
1411 3084 1494 3123 Sat.
1531 3082 1575 3121 11.
1615 3087 1649 3122 1.
1684 3085 1750 3122 47.
1786 3081 1948 3122 Cercius
1971 3082 2101 3120 iratus

1241 3141 1369 3191 loyes
1396 3141 1649 3179 minitatur
1675 3143 1714 3176 et
1736 3138 1908 3189 arnam]
