2221 3667
307 123 362 166 10
554 120 602 161 L.
633 119 854 161 APULEII
883 119 1285 161 MADAURENSIS
1315 119 1859 162 METAMORPHOSEON

309 235 479 277 ciorihus
500 234 679 275 conditae
699 248 787 275 mea
804 242 918 275 vetus
941 234 947 290 ἰ
969 235 1150 289 prosapia
1170 241 1245 275 est.
1279 232 1338 274 Ibi
1357 234 1532 288 linguam
1548 234 1749 276 Atthidem
1769 235 1904 290 primis
1924 236 2114 290 pueritiae

309 291 513 346 stipendiis
534 291 680 331 merui:
710 306 803 331 mox
818 290 823 347 Ι
840 292 880 331 in
899 292 997 332 urbe
1010 290 1126 331 Latia
1148 292 1301 331 advena
1320 291 1538 331 studiorum
1554 290 1766 344 Quiritium
1785 292 2012 346 indigenum
2031 307 2115 334 ser-

310 363 464 390 monem
484 348 743 389 aerumnabili
767 348 902 389 labore
923 349 1029 389 nullo
1051 349 1242 402 magistro
1263 355 1477 402 praeeunte
1498 361 1714 402 aggressus
1734 349 1908 389 excolui.
1942 348 2006 389 En
2025 364 2115 392 ecce

311 466 462 496 creditae
482 475 510 501 p.
532 468 568 495 B.
587 467 727 502 Becich.,
751 469 834 501 quod
855 468 934 496 Oud.
949 467 1112 495 confirmat
1127 467 1210 495 locis
1224 468 1298 495 Hor.
1313 467 1369 495 Otl.
1383 467 1439 495 IV.
1453 468 1483 494 9.
1502 467 1551 494 11.
1566 468 1634 495 Sat.
1647 468 1688 495 11.
1706 468 1733 495 1.
1747 468 1801 495 30.
1827 462 1879 506 [de
1891 469 2006 497 horum
2017 476 2118 498 voca-

310 516 458 543 bulorum
473 513 708 547 permutatione
730 513 770 541 cf.
784 514 863 541 Ded.
878 514 917 541 ad
931 513 1016 542 Dict.
1032 514 1082 541 Cr.
1095 513 1135 540 V.
1155 514 1203 540 15.
1217 512 1288 540 Liv.
1303 514 1326 540 Ι.
1344 513 1395 540 14.
1410 507 1437 549 §.
1453 514 1482 540 2.
1497 515 1529 539 ut
1545 510 1695 539 creditor
1707 516 1737 540 et
1751 510 1905 540 conditor
1918 513 1990 542 Liv.
2008 515 2042 550 Ι,
2063 516 2116 551 20,

312 559 335 596 ᾗ.
351 554 396 598 3.]
422 558 519 586 Editt.
541 566 644 592 usque
663 559 704 586 att
719 559 805 586 Pric.
820 556 982 585 creditae.
1008 560 1089 585 Mss.
1104 557 1202 585 ceteri
1217 555 1383 593 conditae,
1399 558 1480 591 quod
1495 557 1528 585 in
1542 565 1642 593 marg.
1659 558 1735 586 cod.
1749 559 1788 586 D.
1802 564 1831 586 a.
1846 566 1886 587 m.
1900 567 1926 587 s.
1942 559 2119 594 interpola-

311 608 378 633 tum
403 607 451 632 est
476 603 509 631 in
534 601 697 630 creditae.
744 603 811 630 mei
833 605 868 631 P.
884 603 922 631 cs.
945 604 986 631 ad
998 604 1038 630 V.
1053 603 1129 630 323.
1166 601 1315 639 linguam
1334 599 1507 629 Atthidem
1533 600 1766 638 [Lindenbrog.
1792 603 1814 631 i.
1834 612 1862 632 e.
1886 604 2035 639 linguam
2059 606 2120 634 At-

311 650 410 678 ticam
434 649 481 678 uti
502 650 599 677 etiam
624 652 769 678 Mei-cero
795 648 919 684 visum]
946 649 982 676 F.
1003 649 1028 675 l.
1057 648 1092 676 P.
1106 649 1144 676 R.
1160 648 1194 676 Ο.
1210 656 1240 682 p.
1277 646 1428 684 linquam
1443 645 1590 675 Attidem
1603 649 1639 676 F.
1654 650 1684 676 3.
1704 647 1853 685 linguam
1867 647 1992 676 acidam
2011 650 2051 678 D.
2066 651 2121 679 uhi

311 704 338 724 s.
352 704 392 724 m.
407 695 546 723 correxit
565 695 702 732 inquam
716 693 750 721 in
767 691 894 720 Attide.
919 693 1066 730 linguam
1083 690 1256 719 Atheidem
1272 696 1307 721 G.
1323 696 1353 721 2.
1379 692 1428 720 ihi
1439 692 1530 729 apud
1543 690 1691 720 Attidem
1704 695 1741 722 B.
1754 694 1853 723 Editt.
1872 697 1950 723 vett.
1964 702 2068 729 usque
2081 697 2122 724 ad

312 741 397 770 Pric.
419 740 557 777 inquam
577 740 610 767 ιἰι
625 737 750 766 fultae.
776 734 898 778 merui]
915 741 949 767 G.
971 742 999 766 et
1016 740 1051 766 P.
1065 737 1194 772 invem';
1209 738 1242 766 in
1257 740 1291 767 P.
1306 738 1435 774 mermi,
1451 740 1535 767 unde
1550 739 1601 767 vit
1615 740 1728 767 doctus
1748 735 1887 768 coniecit
1911 739 2054 768 exercui
2070 742 2124 770 vel

312 787 420 821 potius
444 784 572 820 imbibi,
598 786 679 819 qnod
706 789 734 812 et
755 786 896 812 Salmas.
922 792 947 812 s.
970 784 1046 812 edit.
1067 784 1207 819 margini
1226 784 1360 812 adlevit.
1407 782 1595 820 indigenum
1619 785 1656 813 F.
1680 786 1706 813 1.
1731 786 1768 813 L.
1787 786 1825 813 R.
1841 786 1876 814 0.
1896 785 1918 813 f.
1932 787 1967 813 G.
1982 786 2019 814 P.
2033 787 2070 814 D.
2086 793 2121 813 π.

311 830 499 869 indigenam
514 831 550 859 F.
564 832 594 858 3.
609 834 637 858 et
651 831 687 857 B.
701 834 731 857 et
745 837 765 857 a
778 837 817 857 m.
833 837 859 857 S.
874 830 907 858 in
921 830 989 857 cod.
1002 830 1040 857 D.
1055 829 1152 857 Editt.
1173 832 1250 857 vett.
1287 828 1516 856 aerumnabili
1533 837 1645 857 omnes
1669 831 1759 858 codd.
1785 830 1914 860 modius
1939 833 2065 859 tantum
2090 831 2124 859 in

312 884 414 913 marg.
447 876 622 910 adscripsit
648 873 842 902 aerumnali
859 875 893 903 in
916 875 952 903 F.
977 875 1060 910 legi,
1088 875 1169 908 quod
1195 878 1303 903 tamen
1328 876 1436 902 collat.
1462 875 1638 903 Lindenhr.
1668 875 1801 904 minime
1827 878 2062 911 comprobatur.
2080 890 2125 895 —-

313 920 508 951 aerumnali
531 922 649 957 legitur
673 921 706 948 in
732 921 820 949 editt.
840 921 969 948 venen.
994 922 1083 948 Junt.
1112 921 1140 948 1.
1165 921 1242 948 Ald.
1268 923 1297 948 et
1323 920 1430 948 Paris.
1456 918 1574 946 exoluz'
1595 921 1634 948 R.
1649 923 1678 948 et
1699 923 1761 949 Ms.
1781 921 1872 950 Colv.
1897 924 1931 949 et
1949 928 2024 949 ecce
2041 922 2078 951 F.
2095 922 2123 950 1.

314 968 412 997 ceteri
437 976 546 995 omnes
572 974 611 993 en
630 973 714 994 ecce.
739 966 833 994 Unde
856 974 933 994 vero
958 965 1103 994 hauserit
1130 966 1274 993 Oudend.
1301 967 1439 993 alterum
1459 966 1527 993 rod.
1542 966 1578 993 F.
1603 973 1642 992 en
1657 973 1730 992 ecce
1750 967 2012 1004 haberenescio‚
2027 975 2125 1001 quum

313 1017 353 1043 ab
366 1014 582 1047 Lindenbrog.
597 1012 677 1040 nihil
691 1011 734 1040 sit
748 1012 954 1048 adnotatum3
972 1019 1076 1045 neque
1090 1012 1126 1039 B.
1142 1013 1236 1039 habet
1252 1008 1311 1038 sed
1322 1018 1412 1043 ecce,
1428 1014 1460 1039 ut
1475 1012 1558 1040 Elm.
1573 1011 1756 1048 proposuit,
1776 1019 1873 1045 quum
1887 1012 1920 1040 in
1935 1014 2010 1042 coll.
2024 1013 2126 1042 modii

313 1060 359 1088 nil
373 1058 569 1093 designetur.

314 1153 447 1187 natur.
472 1144 622 1196 Paneg.
638 1143 769 1184 const.
784 1144 891 1196 Mag.
913 1159 945 1183 c.
963 1149 1027 1185 24.
1043 1145 1190 1183 Arnob.

313 1203 358 1243 ll.
384 1218 421 1256 p.
437 1207 502 1243 24.
528 1202 590 1240 ed.
604 1201 732 1253 Lugd.
758 1206 797 1240 et
810 1201 1070 1253 VegetLlV.
1092 1202 1190 1253 prol.

314 1275 386 1300 eos
422 1260 631 1305 damnans,
668 1260 733 1309 qui
763 1273 794 1298 c.
829 1259 962 1297 Burin.
993 1259 1043 1298 ad
1078 1258 1191 1309 Eleg.

315 1318 406 1357 Alb.
439 1317 488 1355 de
518 1316 575 1355 M.
606 1316 676 1355 Dr.
708 1320 801 1356 343.
836 1317 984 1355 litteris
1017 1316 1192 1355 celebra-

315 1381 381 1414 tae
411 1376 716 1426 interpretantur.
755 1372 877 1425 [Quid
908 1386 999 1410 vero
1031 1373 1106 1410 sibi
1131 1386 1193 1410 ve-

314 1431 383 1470 lint
396 1432 538 1476 Attica,
555 1430 707 1482 Sparta,
723 1429 928 1468 Corinthus
943 1430 1048 1467 libris
1062 1443 1192 1468 serva-

315 1494 380 1528 tae
405 1489 468 1526 vix
492 1488 676 1538 intelligo.
713 1486 846 1525 Barth.
872 1486 975 1525 Adv.
1001 1485 1192 1525 XXXIV.

320 1549 381 1587 19.
396 1560 432 1598 p.
451 1548 569 1585 1579.
594 1544 739 1596 ylebas
765 1544 957 1583 conditas
981 1543 1086 1581 male
1106 1557 1193 1581 con-

316 1606 491 1642 secratas
523 1602 630 1646 dicit,
661 1602 827 1640 munitas
859 1601 908 1639 ab
940 1601 1072 1638 iniuria
1097 1600 1194 1638 obli-

316 1661 440 1698 vionis
468 1664 507 1698 et
526 1659 755 1697 constitutas
786 1659 821 1696 in
847 1661 1065 1702 aeternum,
1092 1657 1196 1707 quod

317 1716 475 1756 defendi
510 1717 650 1768 poterit
685 1728 734 1753 ex
770 1714 871 1753 Non.
908 1728 945 1766 p.
972 1718 1065 1755 249.
1105 1727 1197 1753 eon-

319 1776 415 1814 dere
435 1786 692 1818 consecrare,
714 1772 806 1816 sed,
825 1775 868 1810 ut
887 1775 949 1809 est
969 1771 1196 1816 obliviosus,

318 1832 407 1870 ibid.
422 1829 562 1869 XLIII.
576 1834 639 1870 15.
653 1843 690 1881 p.
708 1832 826 1870 1956.
837 1829 1015 1867 condere
1029 1828 1197 1880 explicat

318 1903 381 1940 ap.
401 1888 522 1940 Apul.
547 1887 586 1925 h.
614 1887 637 1925 l.
670 1888 704 1925 in
731 1886 867 1925 librum
893 1885 1092 1936 redigere,
1130 1900 1198 1937 po-

318 1946 478 1984 steritati
515 1944 798 1983 commendare.
847 1942 1040 1993 Equidem
1076 1943 1197 1994 probo

317 2003 447 2042 Burm.
473 2002 835 2053 interpretationem.
860 1999 1061 2051 Regiones
1083 2000 1195 2045 enim,

319 2074 420 2111 quae
451 2060 486 2097 in
517 2059 622 2097 libris
655 2059 768 2109 quasi
798 2061 888 2095 sunt
919 2058 1115 2109 repositae
1141 2061 1194 2095 at-

319 2130 395 2169 que
426 2116 659 2154 delitescunt
689 2116 724 2153 in
750 2115 815 2160 iis,
840 2117 930 2153 sunt
954 2115 1196 2166 perscriptae

319 2178 436 2224 atque
451 2173 759 2218 concelebratae,
774 2171 876 2210 unde
885 2170 987 2209 Oud.
1002 2172 1196 2209 sententia

318 2231 538 2270 Burmanno
569 2230 723 2268 minime
752 2231 955 2280 repugnat.
993 2228 1040 2267 cf.
1078 2229 1192 2266 eund.

318 2288 421 2326 Oud.
447 2289 482 2326 in
507 2286 679 2326 Miscell.
706 2285 807 2324 Obs.
835 2285 924 2324 Vol.
946 2284 1013 2324 IX.
1040 2283 1085 2323 T.
1105 2283 1132 2323 I.
1158 2299 1195 2336 p.

319 2348 414 2386 215.
440 2345 526 2383 Nec
551 2343 766 2382 audiendus
792 2346 854 2380 est
878 2344 932 2380 vit
956 2342 1106 2387 doctus,
1133 2343 1197 2392 qui

318 2403 502 2441 traditae
527 2402 742 2439 coniecerat
760 2401 795 2437 in
810 2399 984 2449 margine
997 2399 1057 2438 ed.
1075 2398 1196 2443 Colv„

317 2463 360 2498 ut
378 2459 498 2497 voluit
517 2457 647 2496 Barth.
670 2456 719 2495 ad
740 2456 875 2495 (laud.
902 2455 1034 2508 Epigr.
1061 2460 1101 2496 8.
1135 2461 1197 2497 10.

317 2531 355 2570 Ρ.
385 2515 524 2568 1016.]

378 2574 563 2625 linquam
589 2570 805 2610 Atthidem..
833 2570 1068 2621 scripturam
1095 2570 1196 2609 Am·-

320 2631 410 2670 dem
424 2643 525 2680 quae
538 2630 586 2668 ab
603 2626 758 2680 optimis
775 2627 879 2664 libris
894 2627 1146 2671 confirmatur,
1160 2628 1195 2664 in

319 2691 467 2726 textum
491 2687 663 2737 recipere
683 2698 757 2723 non
784 2683 971 2722 dubitavit
990 2682 1092 2721 Oud.
1109 2682 1195 2721 Col-

318 2746 422 2783 vium
446 2747 606 2782 secutus
628 2746 665 2780 et
685 2740 884 2780 Atthidem
905 2740 1075 2790 linguam
1099 2740 1194 2778 Atti-

319 2814 405 2840 cam
451 2801 734 2852 interpretatus.
784 2798 875 2850 [nisi
916 2797 1013 2836 forte
1054 2798 1194 2836 rectius

320 2858 494 2896 scribitur
530 2857 735 2896 Atthidem
758 2855 807 2894 ab
843 2855 1194 2906 praestantissimis

320 2914 426 2954 libris
447 2914 538 2953 alibi
562 2917 603 2952 ut
626 2913 730 2964 apud
754 2911 922 2957 Lucret„
948 2910 1116 2950 Martial.
1143 2911 1192 2950 al.

319 2971 593 3011 confirmatum.
642 2969 711 3008 Cui
746 2969 842 3008 mira
868 2972 933 3007 est
960 2968 1193 3006 substantivi

320 3027 452 3067 Atthis
478 3028 528 3065 ad
553 3026 720 3077 linguam
746 3026 904 3077 positio,
930 3024 1102 3064 conserat
1127 3038 1190 3063 ex-

321 3084 471 3137 empla,
497 3087 537 3121 ut
563 3097 670 3122 mare
696 3083 915 3121 Oceanum.
949 3081 996 3121 cf.
1023 3081 1072 3120 ad
1096 3080 1193 3120 Met.

319 3142 347 3181 l.
383 3156 422 3194 p.
467 3145 531 3182 24.
590 3139 653 3178 De
700 3138 822 3178 sorma
858 3138 992 3179 Atthis
1034 3138 1194 3178 adeatur

1249 1144 1380 1183 Burni.
1406 1144 1456 1183 acl
1481 1144 1641 1183 Anthol.
1670 1143 1715 1183 ll.
1740 1158 1778 1197 p.
1805 1148 1899 1186 390.
1931 1143 2052 1185 Salm.
2078 1146 2128 1184 ad

1252 1200 1366 1240 Treb.
1392 1200 1492 1240 Poll.
1521 1200 1650 1240 XXX.
1686 1200 1777 1253 Tyr.
1809 1216 1840 1241 c.
1870 1206 1934 1242 18.
1963 1217 2001 1254 p.
2034 1207 2126 1244 302.

1250 1258 1514 1309 Lindenbrog.
1564 1259 1599 1297 in
1641 1260 1814 1310 margine
1858 1259 2126 1298 adnotaverat:

1258 1316 1402 1355 Versus
1439 1317 1632 1368 antiquus
1671 1316 1722 1354 de
1754 1317 1878 1355 ventis
1910 1339 1959 1345 —
1993 1317 2128 1356 dietas

1253 1372 1367 1424 Lips.
1402 1373 1474 1411 vid.
1506 1371 1595 1410 Isid.
1627 1386 1663 1424 p.
1697 1376 1789 1413 894.
1817 1372 1909 1424 [IX.
1935 1377 1972 1414 2.
1999 1377 2063 1413 76.
2089 1388 2128 1425 p.

1252 1433 1345 1470 290.
1376 1428 1512 1480 Lina]
1546 1429 1699 1467 Versus
1734 1429 1800 1467 ille
1825 1433 1905 1475 est,
1943 1431 2007 1481 qui
2038 1430 2128 1481 legi-

1251 1490 1310 1524 tur
1340 1486 1471 1525 Burin.
1508 1486 1665 1524 Anthol.
1699 1484 1810 1525 Tom.
1840 1485 1886 1524 ll.
1924 1487 1949 1526 l.
1986 1487 2035 1526 V.
2067 1501 2129 1540 ep.

1255 1542 1394 1582 CXIV.
1439 1544 1534 1582 letne
1577 1543 1768 1582 dextram
1810 1545 1947 1596 tanyz't
1994 1544 2130 1584 dictas

1254 1600 1359 1652 Lips
1386 1600 1554 1639 Atthide
1579 1599 1756 1652 linqua]

1311 1658 1447 1696 merui.
1493 1657 1658 1695 Morere
1695 1657 1883 1709 linquam
1915 1658 2132 1711 stipendiis

1257 1714 1426 1766 explicat
1462 1713 1565 1752 Oud.
1604 1714 1783 1753 ediscere
1820 1715 2004 1767 linquam
2033 1716 2131 1754 cius-

1257 1784 1334 1821 que
1354 1772 1611 1822 cognitionem
1630 1771 1808 1822 accipere
1821 1775 2020 1822 tamquam
2035 1785 2132 1810 mer-

1257 1828 1395 1867 cedem
1429 1842 1572 1880 operae
1602 1829 1805 1879 impensae
1836 1830 1872 1866 in
1890 1828 2031 1868 militia
2054 1832 2133 1868 stu·

1257 1885 1404 1924 diorum
1430 1900 1476 1923 ac
1499 1884 1702 1923 Minervae
1727 1887 1877 1931 castris,
1901 1886 2014 1924 sicuti
2037 1886 2129 1924 mili-

1255 1946 1317 1980 tes
1342 1943 1426 1980 suis
1451 1942 1656 1994 stipendiis
1682 1955 1783 1981 ctera
1805 1948 1967 1982 merent.
1999 1942 2132 1982 Minus

1254 2003 1358 2038 recte
1390 2012 1438 2037 ex
1474 2000 1649 2049 vestigiis
1681 1999 1766 2038 cod.
1798 1998 1844 2038 Β.
1883 2000 2032 2053 linqua
2061 2000 2131 2039 snb

1255 2056 1426 2096 Atthide
1444 2056 1640 2107 praeferre
1665 2056 1813 2095 videtur
1837 2069 1887 2096 ex
1911 2056 2026 2095 Ovid.
2047 2056 2131 2095 Am.

1253 2112 1297 2152 ll.
1337 2116 1373 2153 9.
1414 2117 1499 2159 23„
1542 2114 1607 2152 ubi
1647 2113 1722 2151 vid.
1759 2112 1891 2153 Burni.
1926 2117 1969 2153 ut
2003 2112 2134 2164 lingua

1254 2171 1367 2221 quasi
1408 2170 1487 2208 dux
1529 2170 1818 2216 consideretur,
1867 2171 1975 2209 cuius
2017 2170 2131 2209 disci-

1252 2227 1399 2279 plinam
1434 2231 1633 2279 tamquam
1664 2227 1776 2266 miles
1808 2228 1843 2266 in
1874 2228 2011 2267 castris
2037 2227 2130 2266 (lidi-

1256 2285 1360 2323 cerit.
1387 2283 1468 2336 [De
1493 2284 1616 2323 forma
1640 2299 1771 2324 mereo
1796 2284 1844 2323 cf.
1871 2298 1972 2336 quae
1998 2285 2131 2335 largis-

1254 2342 1353 2380 sima
1382 2355 1497 2380 manu
1533 2341 1736 2392 diligenter
1765 2342 1963 2381 adnotavit
1997 2340 2132 2381 Eckst.

1255 2398 1304 2437 ad
1331 2398 1452 2437 Voss.
1476 2399 1594 2437 Arist.
1622 2397 1733 2436 Tom.
1758 2398 1804 2436 11.
1829 2413 1866 2450 p.
1894 2398 2005 2451 767]

1313 2456 1563 2507 iudiyennm.
1592 2454 1720 2507 [Haec
1744 2455 1868 2494 forma
1892 2468 2008 2506 quam
2033 2454 2133 2495 alias

1256 2516 1483 2564 usurpatam
1526 2527 1600 2550 non
1643 2514 1768 2563 reperi
1809 2512 1991 2563 analogia
2024 2513 2132 2552 vocis

1257 2570 1514 2621 alientyemzs
1539 2568 1768 2614 defenditur,
1787 2582 2022 2620 quamquam
2033 2570 2133 2609 haec

1256 2639 1412 2677 quoque
1423 2627 1636 2665 terminatio
1649 2627 1765 2665 rarior
1779 2630 1850 2665 est.
1876 2625 1980 2666 Oud.
1992 2630 2131 2665 utrum-

1256 2697 1331 2734 que
1357 2687 1459 2721 recte
1485 2683 1557 2721 dici
1582 2684 1801 2735 pronuntiat
1826 2696 1875 2721 ex
1899 2682 1986 2722 loco
2011 2684 2131 2737 Apul.

1254 2740 1280 2779 l.
1300 2755 1337 2792 p.
1361 2744 1423 2781 12.
1449 2740 1651 2793 itzclt'qena
1675 2754 1780 2794 equo
1804 2739 1910 2781 Flor.
1935 2738 1980 2780 II.
2006 2754 2038 2781 e.
2067 2745 2130 2781 18.

1253 2798 1318 2836 ubi
1349 2796 1398 2836 cf.
1429 2796 1552 2842 Duk„
1591 2795 1764 2836 Gell.11.
1802 2801 1867 2838 24.
1903 2798 1998 2836 vino
2034 2798 2130 2836 alie-

1252 2855 1417 2907 m'yena.
1448 2853 1568 2894 Plura
1592 2855 1697 2893 dabit
1721 2853 1857 2894 Heins.
1881 2854 1985 2895 Adv.
2010 2853 2038 2895 I.
2067 2858 2130 2895 17.

1252 2925 1290 2963 p.
1320 2911 1431 2964 180.]

1309 2982 1358 3006 en
1383 2981 1487 3007 ecce.
1517 2968 1605 3019 [sed
1629 2981 1732 3014 ecce,
1758 2968 1863 3018 quod
1889 2981 1938 3006 ex
1957 2968 2002 3007 B.
2024 2967 2127 3007 Elm.

1251 3038 1372 3078 prave
1399 3026 1580 3070 enot‘avIt,
1605 3025 1655 3062 ibi
1673 3028 1821 3063 tantum
1839 3024 1964 3063 locum
1984 3025 2128 3063 habere

1250 3086 1401 3134 potest,
1432 3082 1496 3120 ubi
1528 3082 1770 3120 enunciatum
1796 3083 1990 3133 posterius
2015 3083 2127 3133 priori

1252 3140 1472 3192 opponitur3
1498 3138 1544 3177 cl'.
1571 3137 1647 3177 Cic.
1673 3138 1724 3178 ad
1748 3140 1829 3177 Att.
1845 3137 1946 3178 wll.
1974 3143 2011 3179 4.
2037 3138 2066 3189 ξ.
2089 3143 2125 3179 7.
