2155 3590
565 144 753 186 LIBER
784 147 857 187 lV.
918 147 1045 190 CAP.
1073 148 1148 188 Xl.
1178 148 1282 189 XII.
1769 154 1851 196 243

58 253 168 350 marlil
197 253 398 295 celandum
440 256 718 300 commisimus,
767 258 821 301 Et
851 275 956 302 nunc
984 260 1088 304 iacet
1119 269 1256 304 noster
1284 257 1509 303 Lamachus
1541 262 1734 305 elemento
1766 272 1850 306 toto

59 323 126 365 sep
170 317 248 351 tus.

610 465 1051 515 CAPUT
1153 470 1294 517 XII.

166 591 219 632 Et
248 593 312 634 ille
345 595 497 648 quidem
528 596 687 651 dignum
716 599 928 640 virtutibus
960 601 1042 641 suis
1067 601 1172 642 vitae
1204 602 1413 643 terminum
1437 602 1580 657 posuit.
1632 603 1848 646 Enimvero

54 648 248 689 Alcimum
280 651 489 693 solertibus
528 654 674 707 coeptis
714 661 799 695 tam
838 669 981 697 saevus
1013 658 1194 699 fortunae
1225 666 1341 699 nutus
1372 673 1451 703 non
1481 659 1607 713 potuit
1637 660 1844 703 abducere.

55 703 132 758 Qui
157 719 242 746 cum
268 707 497 749 dormientis
523 723 621 750 anus
647 713 845 765 perfracto
864 713 1064 766 tuguriolo
1091 716 1386 756 conscendisset
1410 715 1627 756 cubiculum
1649 718 1845 771 superius,

52 761 206 815 iamque
237 764 415 816 protinus
440 764 446 821 Ι
474 765 608 807 oblisis
639 768 815 808 faucibus
846 769 1154 824 interstinguere
1187 786 1272 812 eam
1308 772 1527 822 debuisset,
1567 772 1675 826 prius
1711 774 1849 814 maluit

52 831 182 858 rerum
209 819 365 874 singula
390 835 459 876 per
483 822 662 864 latiorem
688 826 902 865 fenestram
928 826 1148 868 forinsecus
1174 829 1286 869 nobis
1312 828 1463 869 scilicet
1486 829 1673 883 rapienda
1699 830 1847 885 disper-

51 933 236 963 odlandum
251 938 286 966 G.
298 939 329 967 2.
378 936 545 968 Lumaeus
558 942 593 969 F.
611 943 637 970 1.
662 939 855 970 Lamachus
870 944 905 972 G.
919 945 950 971 2.
965 942 1004 972 D.
1020 945 1055 972 B.
1070 948 1098 973 et
1113 946 1183 974 edd.
1197 949 1274 974 vett.

141 979 258 1018 dignus
271 980 300 1012 δ.
333 986 443 1011 tamen
457 993 528 1012 eum
543 986 578 1014 F.
594 988 621 1015 l.
637 990 717 1015 teste
729 988 813 1015 Elm.
828 989 885 1016 sed
899 992 930 1016 ut
946 993 1031 1018 recte
1044 990 1166 1018 monuit
1181 991 1278 1027 Oud.‚
1303 992 1336 1020 in
1350 999 1387 1020 eo
1401 992 1592 1026 simpliciter
1604 996 1652 1022 est
1666 1000 1749 1029 eum,
1764 995 1848 1028 quod

51 1025 148 1054 etiam
160 1027 236 1056 Ra.
251 1029 458 1058 G.4.2.D.R.
473 1030 494 1058 f.
509 1038 538 1065 p.
552 1028 719 1060 «inanem.
736 1033 771 1060 In
782 1033 817 1060 P.
845 1036 913 1060 lum
926 1034 992 1069 legi
1006 1035 1453 1066 adnotatOud.inB.e10-est
1464 1045 1546 1066 cum.
1573 1045 1708 1066 saecum
1723 1047 1846 1077 omnes,

50 1078 129 1103 quos
149 1072 217 1100 vidi
236 1074 324 1102 codd.
357 1079 386 1102 et
405 1076 475 1103 edd.
495 1079 570 1104 vett.
590 1081 778 1105 constanter
796 1078 952 1114 retinent,
979 1079 1044 1107 nisi
1065 1082 1147 1113 quod
1161 1081 1197 1108 F.
1215 1083 1242 1109 1.
1258 1083 1288 1109 3.
1314 1088 1436 1109 saevus
1449 1086 1551 1110 nutus
1566 1086 1738 1121 praebent,
1764 1088 1795 1113 et
1812 1085 1848 1114 in

51 1115 86 1144 G.
98 1117 259 1146 1.litterae
284 1126 326 1146 vu
340 1120 430 1148 vocis
444 1127 555 1148 sevum
569 1128 589 1149 a
603 1129 643 1150 m.
657 1130 683 1150 s.
697 1123 899 1157 perscriptae
911 1128 998 1151 suut.
1029 1122 1195 1152 adducere
1208 1127 1284 1154 123.
1299 1128 1334 1155 G.
1345 1128 1374 1155 1.
1388 1128 1425 1155 B.
1440 1135 1468 1161 p.
1483 1127 1504 1156 f.
1521 1125 1550 1156 δ.
1565 1129 1614 1157 ed.
1630 1137 1677 1163 pr.
1690 1131 1847 1160 Venet.2.

49 1162 186 1189 solemni
200 1170 315 1191 errore.
363 1163 600 1200 consendisset,
621 1174 680 1195 nec
693 1166 898 1195 consedisset
911 1171 945 1195 ut
959 1169 993 1196 in
1007 1170 1170 1203 excerptis
1185 1171 1263 1199 Oud.
1279 1175 1345 1205 est,
1373 1174 1408 1200 G.
1425 1174 1454 1201 1.
1491 1172 1699 1202 concedisset
1718 1175 1846 1205 Vicent.

48 1203 115 1231 iam
129 1213 193 1234 non
207 1208 318 1236 addita
331 1210 492 1243 particula
508 1218 570 1247 que
583 1210 622 1239 D.
670 1212 931 1249 interstringere
945 1221 974 1247 p.
1021 1214 1114 1241 intus
1127 1214 1299 1252 stinguere
1318 1215 1399 1250 [nec
1419 1216 1493 1245 ineu
1507 1218 1693 1255 stinguere.
1719 1224 1752 1248 ut
1767 1221 1847 1249 oud.

49 1250 191 1287 voluit).
218 1256 306 1280 extat
319 1253 353 1281 in
368 1255 403 1282 G.
416 1256 447 1283 2.
463 1257 543 1283 etl).
557 1263 576 1284 a
589 1264 629 1284 m.
644 1265 690 1290 pr.
704 1258 759 1285 sed
779 1258 813 1285 in
827 1257 974 1293 margine
994 1258 1028 1287 in
1046 1259 1310 1296 interstinguere
1328 1266 1516 1291 correctum.
1565 1263 1791 1302 v'neustv‘guere
1810 1266 1847 1293 P.

48 1293 156 1322 valuit
175 1298 211 1325 G.
230 1299 261 1326 2.
280 1298 319 1326 D.
358 1298 542 1337 fenestrae
561 1302 674 1330 Venet.
696 1303 726 1330 4.
745 1303 784 1330 Ι).
803 1304 899 1330 habet
910 1302 1107 1341 fenestram
1127 1305 1185 1333 sed
1205 1306 1287 1334 duae
1305 1307 1429 1340 primae
1447 1308 1563 1337 literae
1566 1308 1611 1347 fe
1625 1316 1645 1337 a
1658 1318 1697 1338 m.
1713 1318 1739 1339 s.
1759 1315 1846 1340 sunt.

45 1338 135 1368 stilis
147 1340 313 1378 rapienda
325 1350 435 1373 omnes
447 1345 517 1374 edd.
531 1350 606 1374 vett.
619 1350 747 1380 praeter
757 1349 841 1375 Iunt.
855 1348 886 1376 2.

101 1440 219 1478 iacet.
280 1440 438 1492 [Iacere
475 1443 525 1481 de
562 1446 721 1483 mortuis
753 1446 913 1495 saepius

46 1493 192 1542 dicitur,
211 1501 252 1535 ut
270 1511 496 1549 graecorum
511 1505 664 1540 κεῖσθαι
676 1500 790 1540 Hom.
804 1500 912 1540 Iliad.

44 1567 75 1590 ν.
109 1556 200 1593 414.
230 1568 270 1592 π.
302 1559 393 1595 558.
426 1571 460 1595 σ.
487 1560 552 1598 20.
578 1556 663 1597 lntt.
695 1557 746 1596 ad
772 1558 911 1597 Anacr.

45 1606 119 1646 od.
144 1607 211 1649 IV.
238 1614 273 1651 9.
299 1611 346 1650 cs.
372 1611 501 1651 Burm.
528 1613 578 1652 ad
603 1612 718 1652 Ovid.
743 1614 840 1653 Met.
866 1614 911 1653 ΙΙ.

44 1668 137 1706 268.
162 1664 246 1705 Ιυῒῒ.
278 1668 329 1706 ad
352 1667 522 1709 Phaedr.
547 1669 573 1708 l.
601 1674 665 1710 24.
695 1675 755 1710 10.
784 1675 821 1709 et
847 1675 911 1711 27.

46 1725 81 1762 9.
109 1720 213 1762 Cort.
244 1723 294 1763 ad
324 1723 471 1764 Lucan.
497 1726 565 1765 VI.
594 1731 683 1768 101.
709 1725 753 1765 P.
780 1727 909 1766 Burni.

45 1777 95 1816 ad
122 1777 242 1831 Prop.
272 1780 300 1819 1.
332 1785 368 1822 3.
405 1786 466 1822 15.
504 1782 638 1822 Tross.
675 1783 725 1822 ad
761 1785 909 1822 Auson.

43 1833 201 1874 Mosen.
228 1841 264 1877 4.
290 1851 326 1889 p.
353 1838 408 1890 4.]

101 1897 184 1932 toto
204 1894 396 1933 elemento
416 1896 606 1947 sepultus.
657 1896 737 1948 [De
756 1901 909 1935 senten-

43 1947 96 1985 tia
115 1948 188 1987 loci
208 1950 255 1988 cf.
276 1950 374 1989 alios
397 1964 496 2001 quos
515 1952 665 1990 similes
691 1953 911 1992 adtulerunt

43 2002 155 2043 locos
185 2004 283 2044 Prie.
310 2011 349 2045 et
371 2007 521 2046 Baden.
554 2009 604 2047 ad
630 2009 772 2048 Senec.
800 2009 908 2048 Med.

44 2061 154 2113 653]

100 2172 189 2213 CAr.
213 2173 299 2214 ΧΠ.
355 2177 569 2216 Enimvero
595 2177 792 2218 Alcimum
830 2183 912 2217 tam

42 2243 178 2270 saevus
198 2232 407 2272 Fortunae
431 2238 549 2273 natas
573 2248 656 2273 non
677 2236 820 2286 potnit
844 2235 911 2274 ab·

44 2285 201 2326 (lucere.
252 2287 391 2341 [Miror
399 2288 514 2336 Oudt,
531 2291 593 2341 qui
608 2291 732 2329 minus
747 2291 909 2330 audiens

42 2341 165 2382 codd.
190 2343 317 2383 locum
341 2345 393 2383 ita
418 2345 630 2396 depravare
654 2347 838 2398 potuerit,
868 2352 910 2386 ut

42 2403 173 2439 tamen
200 2414 241 2440 se
271 2403 398 2441 saeris
419 2405 452 2454 f.
479 2403 643 2443 nutibus
668 2418 748 2442 non
768 2405 910 2455 potnit

41 2455 244 2496 abducere
280 2459 496 2497 coniiceret.
563 2458 770 2505 Quomodo
807 2461 908 2498 enim

40 2510 140 2551 haec
167 2526 343 2565 sequens
373 2515 654 2554 narratiuncula
685 2529 769 2554 cum
802 2520 907 2554 ante-

41 2568 193 2608 cedenti
218 2583 393 2609 connexa
416 2573 479 2618 sit,
506 2573 567 2610 vix
591 2572 740 2610 videtur
759 2572 907 2611 intelle-

39 2625 158 2664 xisse.
205 2626 326 2665 Latro
352 2629 470 2673 enim,
497 2630 559 2679 qui
585 2628 743 2667 fatalem
768 2628 907 2667 Lama-

42 2680 103 2719 chi
128 2683 271 2721 exitum
310 2689 574 2731 enarraverat,
612 2685 662 2723 ad
697 2686 904 2736 perniciem

40 2750 138 2778 nunc
154 2752 201 2777 se
221 2742 405 2779 convertit
417 2741 574 2780 alterius
595 2741 790 2779 fortissimi
805 2755 906 2780 com-

39 2794 222 2844 militonis
245 2797 406 2844 Alcimi,
432 2799 484 2835 ita
519 2810 690 2849 pergens
722 2798 905 2837 narratio-

41 2862 146 2889 nem:
169 2851 365 2899 Alcimus,
387 2867 500 2905 quem
517 2854 689 2892 interitus
703 2855 799 2892 socii
814 2855 904 2893 edo-

41 2918 128 2945 cere
140 2909 346 2959 potuisset,
373 2914 542 2949 nostram
556 2914 705 2961 partem
719 2924 743 2949 a
757 2910 907 2950 fortuna

42 2974 116 3001 non
134 2964 273 3011 foveri,
299 2967 358 3005 cui
384 2980 495 3005 omen
517 2967 629 3018 quasi
648 2980 810 3005 saevum
831 2967 905 3006 for-

42 3020 132 3057 tuna
153 3023 359 3061 cecinisset
379 3023 455 3061 leto
470 3022 670 3069 Lamachi‚
695 3037 744 3061 ne
763 3024 799 3061 in
819 3037 904 3062 coe-

40 3075 118 3124 ptis
140 3079 447 3129 progrederetur,
472 3093 519 3117 eo
544 3083 671 3118 tamen
698 3094 770 3118 non
796 3084 904 3132 pote-

41 3134 98 3169 rat
115 3132 251 3174 abduci
270 3148 293 3173 a
311 3136 497 3182 consiliis,
519 3149 617 3186 quae
631 3135 904 3176 sollertissime

973 1451 1082 1485 erant
1112 1449 1290 1499 cogitata.
1357 1450 1478 1489 Enim
1511 1465 1603 1490 vero
1634 1451 1696 1490 hic
1727 1453 1846 1493 habet

973 1503 1049 1541 vini
1074 1504 1376 1551 adversativam,
1402 1511 1442 1545 ut
1467 1507 1571 1558 apud
1596 1507 1717 1548 Tacit.
1744 1510 1843 1549 Ann.

971 1558 1017 1598 Π.
1050 1563 1129 1606 64,
1166 1561 1204 1599 id
1241 1561 1345 1612 quod
1377 1576 1521 1614 negare
1552 1579 1626 1603 non
1658 1565 1846 1605 debuerat

971 1615 1097 1655 Hand.
1112 1618 1147 1655 in
1164 1616 1330 1656 Tursell.
1346 1618 1443 1671 11.p.
1460 1624 1553 1660 407.
1597 1621 1724 1667 Quam
1744 1625 1845 1663 enim

971 1672 1037 1710 ille
1074 1674 1276 1724 ingressus
1309 1680 1371 1714 est
1400 1677 1620 1727 explicandi
1652 1679 1767 1725 ratio,
1803 1684 1845 1719 ut

970 1729 1021 1767 sit
1045 1733 1236 1769 nostrum:
1269 1732 1356 1770 mul
1380 1733 1587 1779 wirklicle.
1615 1736 1754 1774 nemini
1779 1750 1844 1775 un-

971 1799 1086 1836 quam
1110 1788 1375 1838 persuadebit.
1434 1789 1595 1828 Librarii
1623 1792 1751 1843 igitur,
1777 1792 1843 1832 hu-

969 1844 1028 1881 ius
1058 1844 1271 1894 particulae
1301 1846 1453 1883 rarioris
1483 1860 1580 1884 usus
1618 1849 1739 1899 ignari
1769 1849 1844 1889 sed

969 1903 1171 1950 utrumque
1199 1903 1441 1940 enunciatum
1466 1904 1541 1940 sibi
1568 1905 1713 1955 opponi
1738 1911 1843 1944 recte

969 1957 1198 2003 sentientes,
1215 1962 1344 1996 tamen
1361 1957 1533 1997 fabricati
1547 1965 1649 2005 sunt,
1673 1962 1776 2011 qnod
1791 1964 1843 2001 ita

970 2011 1126 2050 defendi
1159 2017 1307 2063 potest,
1338 2018 1379 2052 ut
1410 2022 1513 2065 apud
1538 2014 1665 2056 Plaut.
1691 2016 1840 2059 Pseud.

968 2066 1034 2107 lv.
1057 2072 1172 2110 7.86.
1199 2071 1257 2108 ire
1284 2070 1432 2117 licebit,
1459 2072 1534 2111 tibi
1558 2078 1689 2112 tamen
1716 2075 1841 2116 hodie

970 2127 1154 2176 tempori.
1216 2124 1344 2171 Quam
1377 2127 1500 2166 facilis
1526 2143 1614 2168 mea
1637 2131 1690 2168 sit
1714 2133 1840 2169 conie-

970 2185 1076 2219 ctura
1105 2183 1354 2233 perspicuum
1385 2188 1464 2230 est,
1495 2189 1537 2223 ut
1567 2200 1614 2225 eo
1645 2192 1750 2226 certe
1775 2202 1839 2226 no·

969 2239 1070 2276 ntine
1094 2239 1299 2289 vituperari
1324 2253 1410 2278 eant
1436 2254 1557 2291 posse
1576 2257 1650 2282 non
1669 2258 1838 2296 sperem.

968 2293 1068 2332 Hinc
1098 2295 1213 2333 etiam
1237 2297 1379 2346 poterit
1403 2298 1581 2350 intelligi,
1615 2314 1729 2351 quam
1754 2315 1838 2352 per-

966 2363 1081 2389 verse
1106 2352 1271 2402 egerint,
1303 2354 1365 2403 qui
1390 2367 1459 2405 pro
1483 2369 1643 2396 saccus:
1679 2372 1840 2398 scaevus

967 2407 1158 2446 intrudere
1184 2408 1361 2462 vellent]

1022 2464 1179 2503 seilicet
1201 2467 1418 2517 rapienda.
1478 2467 1556 2506 Vix
1582 2471 1668 2521 capi
1693 2475 1837 2521 potest,

967 2524 1131 2571 quantas
1145 2521 1348 2560 molestias
1358 2523 1628 2574 interpretibus
1637 2527 1739 2565 male
1749 2541 1836 2566 con-

965 2580 1120 2627 ceptum
1133 2577 1195 2615 vel
1209 2578 1445 2618 intellectum
1460 2582 1731 2632 compendium
1746 2597 1836 2635 pos-

964 2633 1014 2671 sit
1038 2633 1248 2672 sacessere.
1309 2634 1436 2681 Quum
1457 2638 1556 2675 enim
1578 2640 1613 2676 in
1634 2639 1722 2678 edd.
1742 2644 1834 2680 vett.

964 2688 1114 2740 legatur
1144 2691 1265 2737 stilis,
1296 2691 1384 2730 hinc
1415 2692 1610 2733 Stewech.
1642 2696 1833 2748 sinyzcli53

965 2743 1123 2784 Colvius
1162 2747 1280 2798 pilis,
1324 2748 1534 2800 Sopingius
1571 2751 1667 2790 solt's
1705 2765 1833 2791 emen-

963 2801 1111 2842 darunt.
1159 2803 1316 2855 Optime
1331 2804 1490 2857 Sciopp.
1512 2808 1546 2844 in
1564 2807 1699 2858 Symb.
1714 2822 1751 2860 p.
1767 2813 1832 2851 39.

963 2857 1026 2896 his
1051 2859 1179 2898 verbis
1206 2860 1375 2911 explicat
1399 2863 1672 2915 corruptelam:
1713 2864 1832 2905 Nimi-

962 2927 1045 2953 rum
1075 2929 1148 2954 non
1181 2930 1338 2967 semper
1369 2916 1551 2966 fallimur,
1584 2921 1648 2972 qui
1679 2922 1833 2961 curiose

963 2970 1102 3010 ductus
1127 2972 1336 3011 litterarum
1357 2973 1620 3015 observamus.
1668 2976 1709 3015 In
1727 2978 1833 3018 stilis

962 3032 979 3066 t
1007 3041 1076 3078 pro
1096 3042 1131 3067 c.
1158 3032 1227 3067 ets
1246 3042 1315 3079 pro
1335 3039 1356 3078 5
1377 3032 1563 3084 scriptum
1584 3032 1719 3080 suerat,
1744 3048 1832 3074 cum

961 3096 1055 3122 esse
1086 3084 1248 3123 deberet
1276 3084 1412 3136 scili3=
1449 3101 1538 3128 nam
1570 3088 1679 3128 litera
1708 3101 1728 3141 3
1761 3104 1830 3143 pro

958 3139 1117 3192 syllaba
1141 3145 1206 3182 cet
1225 3143 1355 3195 posita
1379 3147 1452 3183 est.

1464 3210 1549 3253 16⁸

1875 809 1891 818 Q
1872 786 1891 806 ὗ

1918 786 1939 819 'bs
