2155 3590
671 125 858 165 LIBER
887 124 960 163 vl.
1020 125 1149 164 CAP.
1179 123 1320 163 XVII.
1807 123 1884 164 451

101 236 228 292 pergit
241 237 287 282 ad
309 239 523 291 quampiam
538 237 675 283 turrim
688 238 920 291 praealtam,
944 237 1111 278 indidem
1131 250 1218 278 sese
1238 236 1377 276 datura
1396 248 1507 274 nunc
1526 233 1791 288 praecipitem.
1820 233 1887 274 Sic

100 292 202 337 enim
221 293 396 344 rebatur,
425 294 472 333 ad
486 293 635 334 inferos
654 301 762 334 reete
784 301 900 348 atque
921 293 1179 347 pulcherrime
1198 306 1241 333 se
1259 304 1374 346 posse
1392 291 1641 331 descendere.
1667 289 1745 331 Sed
1764 291 1886 330 turris

85 348 115 407 Ι
135 349 311 404 prorupit
350 349 392 389 iu
426 363 561 390 vocem
598 349 765 390 suhitam
803 357 858 390 et:
900 349 1002 404 Quid
1040 358 1099 401 te,
1144 347 1292 403 inquit,
1330 346 1601 402 praecipitem,
1646 360 1669 386 o
1712 346 1884 397 misella,
1910 352 1976 385 413

89 476 203 514 pergit
223 477 414 514 quampiam
435 477 573 514 turrim,
601 479 707 506 deleta
727 479 966 512 praepositione
987 477 1034 504 ad
1051 481 1167 507 habent
1186 480 1269 506 lunt.
1285 478 1314 505 1.
1329 478 1359 504 ⁸2.
1377 476 1452 505 Ald.
1467 476 1579 504 venet.
1595 477 1624 502 2.
1640 475 1730 503 Colv.
1746 476 1841 503 Vulc.
1854 477 1886 504 2.

93 523 202 550 u'ow.
221 523 305 550 Pric.
331 523 393 551 Sed
415 521 461 549 ad
479 523 598 558 legitur
616 523 649 551 in
668 523 704 550 F.
721 525 749 551 1.
764 525 794 551 3.
815 525 850 551 G.
871 525 905 551 P.
927 525 961 552 B.
984 524 1021 551 O.
1043 532 1071 558 p.
1087 524 1107 551 f.
1123 520 1153 552 δ.
1179 523 1307 551 Primus
1320 522 1402 550 Elm.
1417 518 1507 547 adin
1522 520 1720 548 editionibus
1735 520 1889 555 restituit,

93 574 185 600 quem
200 567 392 601 posteriores
407 568 510 596 secuti
525 571 610 595 sunt.
623 569 737 596 Incod.
747 569 784 595 D.
795 570 905 602 pulcre
919 571 998 597 haec
1010 568 1118 603 turris,
1129 568 1163 596 in
1176 570 1283 596 monte
1295 567 1396 595 arduo
1409 566 1474 594 sita
1482 564 1515 592 in
1523 565 1681 599 margine.
1692 565 1819 598 depicta
1827 569 1886 593 est.

93 618 164 638 sese
175 612 211 641 F.
229 613 256 640 1.
270 614 300 641 3.
314 613 395 640 Elm.
413 613 518 640 scriv.
532 613 682 641 Floridus
697 619 731 639 se
744 611 780 638 ici
791 611 921 640 datura
938 615 1019 641 lunt.
1036 615 1064 641 2.
1080 612 1185 647 (unde
1198 612 1337 640 fortasse
1350 609 1512 640 emendari
1527 610 1630 643 possit
1646 616 1681 636 se
1693 607 1886 643 deditum).

90 654 252 687 daturam
264 658 301 685 F.
317 658 344 685 ί.
359 658 389 685 3.
405 659 439 685 G.
454 658 490 686 P.
503 659 542 686 D.
557 659 592 686 0.
606 658 643 686 R.
659 657 679 685 f.
730 656 881 684 videlicet
897 665 931 685 se
945 656 1074 685 datura
1088 661 1175 686 extat
1189 657 1223 686 in
1237 654 1266 685 δ.
1276 678 1284 692 .
1305 657 1390 685 unde
1403 656 1481 684 Oud.
1496 654 1635 682 correxit
1650 653 1802 682 videlicet
1816 661 1887 681 sese

91 699 220 728 datura
232 700 547 738 indepraecipe'eem.
575 703 637 730 Sed
651 702 716 731 iam
730 702 907 736 praecessit
929 701 1081 730 indidem.
1129 701 1214 729 enim
1235 704 1345 730 exulat
1366 708 1385 729 a
1405 701 1440 729 P.
1489 698 1591 726 rebar
1610 700 1648 727 D.
1676 698 1836 726 reebatur
1850 700 1886 727 G.

89 745 232 773 rebatur
250 745 304 773 cel
320 745 367 774 ad
384 745 521 785 Inferos
541 745 570 775 δ,
584 769 592 782 ,
617 749 699 781 quod
721 749 890 775 Ruhnken.
913 755 1078 781 perperam
1098 748 1131 775 in
1146 750 1268 775 textum
1288 747 1423 780 recepit.
1442 753 1537 779 quem
1555 745 1653 772 Orell.
1672 747 1806 772 secutus
1826 747 1886 778 est,

89 798 185 824 quum
198 793 310 821 nullus
325 793 392 820 cod.
407 792 496 821 alius
510 801 569 821 nec
583 792 679 821 editio
693 793 737 820 ita
751 794 878 820 habeat.
903 794 970 824 Ego
984 793 1233 827 expungendam
1247 800 1321 820 esse
1336 791 1531 825 particulam
1543 787 1597 816 rel
1608 789 1734 823 putavi.
1770 797 1812 816 ac
1826 787 1887 816 In—

80 835 184 874 feras
202 837 316 866 Venet.
337 838 366 865 4.
388 838 514 865 vitiose.
563 840 654 864 recte
671 838 707 865 F.
724 839 752 865 1.
767 839 798 864 3.
818 839 854 864 G.
874 839 912 865 D.
929 845 957 872 p.
977 836 1006 865 δ’.
1027 841 1055 865 et
1070 845 1181 865 omnes
1200 837 1270 865 edd.
1285 840 1362 865 vett.
1376 837 1459 864 Elm.
1473 836 1568 863 Vulc.
1583 835 1612 861 2.
1636 836 1674 862 ln
1687 838 1761 863 cett.
1776 835 1885 865 recta,

89 882 172 914 quod
186 881 260 909 inde
273 889 293 911 a
306 882 440 910 Pricaeo
453 885 631 911 nonnullae
644 883 715 910 edd.
731 885 929 916 receperunt.
975 881 1134 918 prorupit
1146 882 1182 910 F.
1200 883 1228 910 1.
1243 882 1273 909 3.
1289 883 1324 909 G.
1338 882 1377 909 Ι).
1391 881 1427 909 0.
1442 881 1478 908 P.
1494 880 1514 908 f.
1536 880 1620 908 Elm.
1639 880 1742 908 Sci-iv.
1761 878 1886 908 Floria.

85 927 122 954 In
136 929 209 955 cett.
223 931 310 955 extat
320 927 524 963 prorumpit.
560 930 592 954 et
607 925 688 964 qnid
699 929 732 953 te
745 928 858 955 F.1.3.
874 928 909 955 G.
926 928 961 955 P.
975 929 1013 956 D.
1028 928 1110 955 Elm-
1124 926 1226 955 Scriv.
1241 927 1360 955 Florid.
1374 927 1409 952 et
1421 925 1525 962 quite
1539 925 1573 952 Β.
1599 926 1632 950 ce
1646 924 1722 953 inde
1734 931 1755 952 a
1768 925 1844 952 Bas.
1854 925 1886 952 2.

86 973 197 1000 exulat
211 970 244 999 in
258 972 426 1001 nonnullis
440 973 639 1001 editionibus
652 980 754 1006 usque
768 973 807 999 ad
822 973 904 1000 Elin.
929 972 1009 1006 Quid
1031 972 1064 999 in
1083 972 1219 1003 ceteris,
1246 978 1325 1005 quos
1344 969 1491 1004 equidem
1505 976 1693 1003 comparare
1706 977 1770 997 non
1785 969 1885 1004 potui,

86 1016 253 1044 codicibus
266 1018 410 1052 legatur,
429 1025 492 1045 non
506 1021 631 1046 constat
641 1039 649 1054 ‚
669 1025 765 1051 quum
779 1017 858 1045 Oud.
873 1017 1090 1045 tantummodo
1104 1016 1304 1050 pronuntiet.
1324 1015 1356 1043 in
1372 1015 1536 1049 plerisque
1548 1016 1630 1042 Mss.
1643 1016 1680 1040 et
1691 1014 1886 1048 particulam

84 1060 236 1089 inveniri.
273 1059 312 1087 de
332 1059 412 1098 qnid
429 1065 461 1089 te
478 1063 592 1091 Venet.
608 1064 637 1090 2.
676 1060 797 1099 ecquid
809 1064 841 1088 le
853 1063 949 1089 Vulc.
965 1063 995 1089 2.
1039 1060 1262 1096 praecipitem
1276 1061 1311 1089 F.
1329 1062 1355 1088 1.
1371 1061 1400 1087 3.
1416 1062 1452 1087 G.
1467 1061 1502 1088 P.
1515 1060 1553 1087 Ι).
1569 1060 1605 1088 0.
1619 1067 1656 1087 π.
1671 1056 1700 1087 δ.
1715 1059 1737 1087 f.
1761 1060 1800 1087 In
1813 1062 1886 1087 cett.

82 1106 203 1141 legitur
217 1106 438 1143 praem'pitio,
464 1109 546 1141 quod
567 1107 664 1135 etiam
683 1115 793 1135 omnes
812 1107 883 1134 edd.
903 1106 1086 1140 occupavit.

1135 1114 1153 1131 a
1167 1103 1299 1133 1111'sella
1312 1106 1347 1133 F.
1365 1106 1393 1133 1.
1408 1106 1438 1132 3.
1454 1106 1489 1132 G.
1503 1105 1542 1132 D.
1557 1106 1591 1133 Ο.
1607 1103 1629 1132 f.
1653 1104 1708 1132 An
1721 1104 1755 1132 in
1768 1103 1885 1131 celeris

83 1151 226 1185 legatur,
253 1152 360 1184 codd..
387 1151 674 1188 quip1·aec1'p1·aee1n
687 1154 818 1180 liabent.
845 1158 908 1179 non
922 1155 1054 1185 apparet
1065 1172 1072 1179 .
1088 1151 1144 1179 sed
1160 1150 1339 1179 verisimile
1353 1153 1414 1177 est.
1429 1149 1593 1183 quumliic
1610 1152 1730 1177 tantum
1744 1147 1886 1183 intelligi

83 1199 192 1230 queat.
221 1198 375 1230 ‹ulomodo
388 1197 547 1231 scriptura
558 1195 763 1233 praecipitio
778 1194 910 1222 misella
924 1199 1036 1223 exorta
1051 1195 1105 1232 sit,
1131 1202 1213 1228 quae
1228 1195 1261 1223 in
1274 1197 1346 1222 cett.
1360 1198 1420 1222 est.

81 1303 169 1356 legi.
196 1302 277 1344 Sed
302 1305 458 1344 defendi
485 1306 612 1356 possit
638 1305 737 1344 haec
762 1306 952 1356 scriptura

81 1360 167 1399 loco
196 1358 313 1400 Mart.
347 1361 497 1414 Capell.
525 1361 567 1399 ll.
605 1362 636 1412 ξ.
665 1365 756 1401 141.
795 1374 828 1411 p.
859 1363 949 1401 191.

78 1415 230 1469 Kopp.‚
255 1418 319 1456 ubi
344 1418 493 1468 plurimi
514 1417 625 1457 codd.
645 1416 795 1468 legunt:
823 1431 905 1469 quo
931 1430 951 1454 e.

79 1475 197 1512 terris
210 1474 323 1513 illam
343 1474 527 1513 eoelum
544 1487 757 1526 peryere
855 1473 947 1511 eclo-

79 1535 198 1569 aeret.
240 1530 296 1568 At
331 1531 416 1569 sine
453 1530 569 1569 dubio
605 1529 670 1567 hic
704 1529 947 1581 praepositio

79 1587 225 1624 omissa
248 1590 311 1625 est
334 1591 423 1625 ante
444 1587 598 1626 coelam
611 1590 771 1638 propter
786 1585 949 1623 litteram

77 1656 116 1680 m
138 1642 274 1698 prioris
300 1643 476 1681 vocabuli
505 1642 711 1694 ultimam]

135 1699 317 1738 indidem
330 1713 411 1739 sese
432 1699 584 1739 clatum
608 1713 717 1738 nunc
739 1698 948 1750 praecipi-

77 1758 164 1794 tem.
213 1754 359 1807 [Quum
385 1756 420 1794 in
446 1755 644 1806 plerisque
663 1755 776 1794 codd.
800 1754 949 1805 legatur

78 1811 286 1858 daturam,
312 1811 514 1850 emendavi
536 1812 689 1852 datura
710 1824 945 1862 nnncprae

79 1867 260 1919 cipitem,
293 1868 398 1919 quod
422 1868 652 1919 compendio
679 1867 871 1906 scribendi
896 1866 948 1906 7ῖὶ-

76 1922 260 1961 facillime
270 1924 459 1975 corrumpi
473 1927 635 1976 poterat,
644 1928 685 1962 ut
697 1923 946 1974 praecedenti

75 1979 265 2019 vocabulo
301 1980 543 2019 adhaereret.
580 1980 705 2020 Nunc
735 1979 835 2017 enim
868 1980 946 2018 iun-

75 2036 174 2086 gitur
187 2035 375 2074 interdum
390 2050 475 2074 cum
490 2036 618 2074 verbis
632 2035 745 2073 futuri
759 2036 945 2086 temporis

75 2095 116 2130 ut
130 2089 270 2131 catull.
282 2091 387 2132 VIII.
403 2096 467 2133 16.
495 2093 585 2144 quis
603 2105 712 2131 nunc
732 2096 770 2130 te
787 2090 946 2129 adibit?

76 2160 190 2200 quem
213 2162 322 2188 mma
346 2149 523 2188 amabis?
547 2147 605 2186 Cf.
626 2160 727 2198 quae
741 2146 867 2184 fusius
880 2160 945 2184 ex-

73 2204 181 2255 ponit
201 2204 343 2255 XVagn.
357 2204 407 2243 ad
421 2204 527 2254 Virg.
542 2204 643 2241 Aen.
659 2203 687 2242 Ι.
702 2207 794 2244 365.
821 2202 945 2242 Nunc

74 2260 276 2299 consilium
300 2259 485 2311 Psyches
510 2259 669 2305 indicat,
696 2272 795 2310 quae
827 2272 942 2310 quum

71 2317 179 2369 prius
204 2316 390 2368 impedita
414 2320 543 2362 esset,
568 2329 616 2354 ne
641 2316 719 2353 vita
750 2328 844 2353 sese
869 2315 942 2365 pri-

70 2376 196 2419 varet,
222 2373 418 2424 praesenti
443 2377 618 2425 tempore
643 2371 693 2409 ad
719 2371 820 2409 idem
845 2370 942 2409 rela-

71 2428 182 2475 bitur,
208 2429 258 2468 de
282 2429 410 2468 salute
435 2443 508 2468 sua
527 2429 680 2467 omnino
695 2427 940 2480 desperans]

127 2491 236 2526 recte
283 2491 408 2539 atque
449 2485 736 2538 pulcherrime.
797 2484 942 2529 Recta,

72 2542 179 2595 quod
213 2542 250 2581 in
287 2541 480 2581 nonnullis
518 2541 629 2581 codd.
668 2540 825 2591 legitur,
867 2540 942 2577 iam

71 2600 274 2651 occupavit
297 2597 482 2638 Pricaeus
507 2598 558 2636 ad
570 2596 667 2636 Met.
683 2595 709 2634 Ι.
724 2600 854 2647 p.55.:
881 2597 944 2635 Τιι

70 2656 169 2695 mihi
192 2656 251 2695 ad
264 2655 426 2708 Inferos
448 2654 663 2708 festinanti
688 2656 726 2690 et
739 2651 842 2691 Oud.
857 2666 942 2703 pro-

69 2709 201 2750 batum
225 2716 306 2758 est,
332 2713 397 2763 qui
410 2714 609 2763 comparat
620 2709 715 2748 Met.
731 2708 780 2746 V.
794 2722 831 2760 p.
846 2712 938 2748 346.

70 2772 208 2808 recta
231 2768 283 2808 de
301 2768 471 2808 navibus
495 2766 708 2818 scopulum
727 2769 878 2816 peta-nt
893 2764 940 2803 il-

73 2821 156 2864 lum
165 2821 262 2864 Met.
271 2823 374 2863 Vlll.
390 2837 428 2876 p.
442 2827 537 2865 543.
555 2827 694 2861 recta
712 2833 939 2860 monumen-

71 2881 156 2918 tum
188 2881 325 2921 mariti
361 2880 575 2919 contendit
615 2878 703 2927 (ubi
736 2880 867 2916 tamen
903 2877 940 2915 iu

72 2937 229 2987 optimis
241 2936 353 2976 codd.
368 2937 577 2984 omittitur.)
603 2933 700 2973 Met.
713 2931 782 2972 IX.
795 2948 834 2986 p.
845 2937 938 2974 671.

72 2993 236 3033 concito
259 2994 425 3046 yradu
447 2997 585 3032 recta
606 2991 780 3043 festinat
804 2990 862 3029 ad
886 2990 939 3029 ci-

71 3049 231 3089 vitatem
255 3050 337 3098 (ubi
352 3049 467 3100 vulgo
482 3053 591 3088 recte
607 3045 769 3099 legunt.)
795 3049 834 3084 et
853 3059 941 3084 sae-

64 3104 169 3158 pius.
195 3104 296 3158 [Sed
309 3103 469 3145 defendi
483 3108 614 3157 potest
626 3108 734 3143 recte
746 3116 815 3154 pro
830 3107 942 3142 recta

1013 1306 1075 1343 ria
1103 1308 1213 1342 recta
1241 1303 1347 1342 linea
1362 1316 1411 1341 ex
1426 1303 1502 1341 Cic.
1519 1303 1568 1340 de
1582 1301 1666 1341 Fin.
1681 1301 1707 1340 l.
1725 1306 1762 1342 6.
1776 1302 1806 1352 ξ.
1818 1306 1886 1342 20.

1011 1360 1118 1399 aliae
1144 1360 1270 1398 atomi
1293 1373 1367 1399 suo
1398 1363 1499 1398 nutu
1530 1363 1661 1398 recte
1688 1361 1885 1409 feruntur

1011 1416 1087 1454 Cic.
1115 1414 1240 1467 Epist.
1267 1415 1317 1454 ad
1331 1416 1448 1454 Attic.
1464 1413 1530 1452 lX.
1546 1419 1582 1454 4.
1604 1416 1687 1465 §..3
1717 1414 1884 1452 sienim

1008 1477 1139 1512 recte
1163 1471 1473 1511 ambulaveritis
1487 1474 1525 1508 et
1538 1471 1609 1515 eis,
1625 1483 1725 1521 quae
1739 1470 1885 1520 prolert

1008 1528 1146 1566 vales.
1171 1532 1210 1566 et
1235 1527 1379 1579 VVagn.
1411 1527 1459 1565 ad
1485 1526 1677 1565 Ammian.
1703 1524 1883 1564 Marcell.

1009 1583 1100 1623 XV.
1129 1588 1166 1624 7.
1192 1584 1273 1634 ξ.3.
1301 1583 1412 1621 Tom.
1435 1582 1496 1621 ΙΙΙ.
1523 1596 1559 1633 p.
1576 1586 1666 1622 142.
1694 1581 1776 1620 Sed
1796 1582 1883 1633 ipse

1009 1641 1138 1680 adhuc
1151 1640 1290 1679 dubius
1305 1654 1404 1685 suin,
1419 1654 1465 1678 an
1482 1639 1533 1677 ita
1547 1638 1755 1684 diciliceat,
1766 1651 1883 1688 quum

1008 1696 1339 1748 ubiquelectionis
1348 1697 1397 1734 sit
1412 1694 1755 1746 discrepantiam-el
1771 1694 1882 1732 locus

1009 1753 1276 1792 emendandus
1290 1752 1352 1790 vel
1374 1752 1450 1791 alia
1465 1751 1609 1789 ratione
1623 1750 1880 1802 explicandus

1006 1810 1069 1848 sit.
1103 1811 1230 1849 Recte
1254 1809 1317 1847 hic
1341 1808 1567 1846 adverbium
1593 1820 1686 1846 esse
1712 1810 1804 1859 puto
1831 1807 1882 1844 si-

1007 1866 1251 1915 gnificatione
1276 1870 1380 1909 ῖιιῖο,
1406 1864 1711 1915 εἰηεῃενὶειιῐο,
1739 1862 1814 1900 Cic.
1829 1861 1881 1899 ad

1008 1922 1118 1961 Fam.
1142 1913 1249 1960 XIV.
1285 1925 1346 1961 14.
1384 1919 1414 1969 ξ.
1444 1925 1478 1959 1.
1528 1919 1575 1958 Si
1606 1919 1674 1958 ille
1706 1919 1880 1958 Romam

1007 1978 1183 2017 modeste
1215 1982 1401 2016 venturus
1431 1980 1504 2019 est,
1535 1980 1669 2015 recte
1693 1976 1735 2013 in
1757 1988 1878 2027 prae-

1006 2035 1134 2073 sentia
1161 2034 1272 2072 «lomi
1297 2046 1378 2072 esse
1398 2032 1584 2084 potestis,
1605 2031 1668 2068 vel
1694 2030 1880 2082 explicari

1007 2091 1168 2142 optime,
1195 2088 1375 2128 facillima
1391 2102 1465 2140 qua
1479 2088 1558 2126 fieri
1572 2088 1696 2139 potuit
1709 2091 1748 2125 et
1760 2087 1878 2137 longe

1005 2145 1264 2196 pulcherrima
1299 2146 1456 2183 ratione.
1512 2143 1613 2182 Hinc
1647 2148 1755 2182 recte
1792 2155 1879 2182 cum

1006 2202 1161 2252 optimis
1187 2201 1300 2239 codd.
1327 2201 1361 2238 in
1388 2203 1496 2239 textu
1521 2200 1693 2251 reposui.
1730 2198 1877 2237 Obser-

1005 2257 1155 2297 vandus
1169 2262 1230 2296 est
1242 2256 1370 2296 malus
1385 2270 1519 2302 sonus,
1541 2256 1604 2306 qui
1619 2254 1877 2294 cumulatione

1003 2313 1153 2353 litterae
1180 2314 1219 2353 E
1241 2314 1276 2352 in
1304 2313 1503 2352 vocabulis
1518 2317 1625 2352 recte
1643 2317 1767 2365 atque
1781 2312 1876 2364 pul-

1003 2370 1200 2409 cherrime
1218 2384 1300 2409 sese
1315 2383 1439 2421 posse
1463 2369 1711 2408 descendere
1729 2367 1874 2419 oritura]

1060 2426 1116 2465 Et
1142 2427 1255 2479 quid.
1293 2425 1349 2465 lta
1374 2439 1459 2464 cum
1484 2425 1589 2464 Mss.
1613 2424 1813 2476 plerisque
1837 2427 1877 2461 et

1002 2482 1100 2521 Edd.
1111 2488 1200 2521 ante
1209 2482 1302 2521 Bas.
1313 2486 1349 2522 2.
1361 2482 1460 2520 ΕΙῃι.
1477 2482 1598 2520 Scriv.
1607 2479 1751 2518 Florid.
1767 2494 1860 2531 repo

1001 2540 1077 2577 suit
1087 2538 1189 2578 Oud.
1199 2539 1380 2578 distincte
1394 2552 1416 2576 a
1427 2538 1542 2591 qaicl.
1561 2536 1664 2575 Nam
1678 2537 1710 2575 si
1722 2535 1877 2589 ecquid

1002 2595 1157 2634 iunctim
1183 2594 1312 2647 legas,
1337 2595 1509 2633 abundat
1521 2594 1666 2646 inquit.
1694 2592 1874 2630 Constru-

1002 2653 1076 2691 ctio
1091 2655 1219 2691 autem
1235 2655 1312 2690 est:
1334 2651 1536 2702 prorupit
1548 2654 1587 2687 et
1599 2650 1743 2701 Inquit,
1771 2648 1876 2701 quid

999 2713 1054 2753 te,
1080 2723 1104 2747 υ
1129 2708 1294 2747 ιηῖεεῐία.
1344 2706 1404 2745 Ex
1430 2719 1506 2757 qua
1529 2705 1758 2757 repetitione
1783 2716 1874 2756 pro-

1000 2764 1164 2803 nominis
1191 2765 1295 2818 quid
1319 2763 1441 2814 liquet
1465 2762 1600 2805 etiam,
1631 2774 1705 2799 non
1738 2760 1872 2798 admit-

998 2820 1155 2859 tendam
1181 2834 1274 2859 esse
1300 2821 1527 2871 scripturam
1541 2816 1685 2855 Bertin.
1712 2816 1871 2861 codicis,

1000 2877 1132 2930 etqui,
1157 2878 1179 2915 i.
1190 2890 1221 2915 e.
1237 2890 1323 2922 cur,
1344 2888 1459 2927 quam
1473 2873 1720 2925 praeferebat
1734 2873 1871 2923 Sciop-

996 2933 1098 2985 pius.
1125 2932 1205 2985 [De
1220 2936 1352 2971 nostro
1366 2931 1452 2969 loco
1466 2930 1546 2981 agit
1555 2927 1869 2967 Cort.adLucan.

1050 2993 1247 3098 praejcipi
1250 3050 1336 3089 tem,
1347 3058 1370 3083 o
1383 3041 1548 3082 misella.
1576 3040 1723 3093 [Quum
1737 3041 1870 3092 optimi

1000 3101 1159 3141 codices
1183 3102 1235 3140 ita
1259 3101 1448 3146 scribant,
1473 3111 1550 3137 uon
1575 3097 1745 3136 dubitavi
1770 3095 1870 3136 hanc

1499 3153 1555 3195 29
1569 3152 1591 3177 *
