2155 3590
701 136 885 177 LIBER
914 136 962 175 V.
1022 134 1148 176 CAP.
1176 134 1230 174 Χ.
1786 131 1866 176 335

94 247 154 290 Ac
179 248 212 288 si
237 249 306 288 tibi
330 249 480 298 etiam,
496 254 538 288 ut
561 262 631 302 par
654 256 736 299 est,
765 249 911 289 inacuit
936 255 1070 288 nostra
1094 244 1350 294 contumelia,
1383 244 1587 284 consilium
1611 244 1778 284 validum
1804 259 1866 284 re-

95 305 290 358 quiramus
316 305 465 345 ambae.
515 303 672 357 Iamque
703 305 779 344 ista
809 319 905 358 quae
940 305 1099 344 ferimus
1123 317 1200 343 non
1228 300 1452 355 parentibus
1479 300 1625 340 nostris
1656 314 1700 341 ac
1727 314 1774 340 ne
1799 300 1867 339 ulli

92 367 353 400 monstremus
379 361 459 411 alii,
486 360 601 400 immo
627 375 698 400 nec
724 362 880 401 omnino
906 361 1109 414 quidquam
1135 360 1181 399 de
1205 358 1288 398 eius
1313 357 1438 397 salute
1464 356 1648 396 norimus.
1696 355 1767 397 Sat
1790 363 1865 405 est,

93 417 194 470 quod
224 416 330 470 ipsae
361 417 547 467 vidimus,
580 431 677 470 quae
708 417 852 457 vidisse
884 417 1094 471 poenituit,
1128 415 1265 455 nedum
1291 421 1334 453 ut
1358 412 1600 467 genitoribus
1627 419 1666 452 et
1690 413 1868 452 omnibus

92 472 240 527 populis
264 480 342 512 tam
366 473 520 513 beatum
544 473 627 513 eius
652 473 873 513 differamus
900 473 1164 528 praeconium.
1206 469 1292 512 Neo
1313 476 1405 510 sunt
1428 469 1528 509 enim
1554 468 1678 519 beati,
1706 483 1869 522 quorum

92 528 247 568 divitias
278 543 390 569 nemo
422 529 545 569 novit.
597 529 727 579 Sciet,
760 543 802 569 se
833 544 910 569 non
941 529 1103 568 ancillas
1134 528 1202 568 sed
1232 540 1390 567 sorores
1415 525 1557 565 habere
1583 525 1767 565 maiores.
1816 524 1870 564 Et

94 598 196 624 nunc
221 585 370 638 quidem
403 586 659 626 concedamus
685 586 732 625 ad
757 586 940 636 maritos,
968 593 1007 625 et
1030 585 1133 625 lares
1159 596 1346 638 pauperes
1371 588 1528 622 nostros
1550 581 1555 636 Ι
1577 581 1643 620 sed
1669 581 1781 634 plane
1806 595 1868 621 so-

90 638 196 680 brios
221 641 456 681 revisamus:
482 642 620 696 diuque
647 642 948 695 cogitationibus
973 641 1231 695 pressioribus
1255 639 1470 680 instructae
1495 638 1543 677 ad
1561 637 1781 691 superbiam
1801 651 1869 690 pu-

91 696 270 737 niendam
295 697 486 738 firmiores
510 699 730 738 redeamus.

92 819 133 841 ac
146 813 195 841 sic
214 816 249 843 G.
272 816 301 844 1.
320 817 350 844 2.
368 817 407 844 D.
455 816 578 843 maluit
596 823 651 850 pro
670 815 800 843 inm-uit
818 823 847 849 p.
895 814 1153 851 reqm’paramus
1172 816 1252 843 G.2.
1298 820 1367 850 req.
1381 811 1499 840 ambae
1518 813 1554 841 F.
1572 814 1603 842 3.
1623 814 1661 841 G.
1682 813 1710 841 1.
1728 813 1759 839 2.
1780 811 1817 840 P.
1830 812 1868 840 D.

89 859 172 888 lunt.
187 861 216 888 2).
241 862 277 888 In
291 861 406 889 ceteris
419 865 467 889 est
482 860 597 888 amhae
611 869 679 898 req.
726 869 765 888 ne
780 859 840 888 ulli
852 862 888 889 G.
903 862 931 889 ¹2.
947 861 984 888 D.
999 861 1032 888 Ο.
1047 860 1081 888 Ρ.
1094 862 1178 889 Iunt.
1192 862 1221 887 ¹2.
1247 867 1306 886 nec
1320 861 1355 888 G.
1371 860 1400 887 1.
1413 859 1449 887 F.
1466 859 1492 886 1.
1507 859 1538 887 3.
1553 859 1588 886 B.
1603 862 1631 886 et
1645 858 1714 886 edd.
1727 860 1803 884 vett.
1818 864 1869 884 re—

90 903 199 938 liquae
212 905 313 934 Colin.
326 906 429 934 Bas-il.
443 907 531 934 solv.
546 907 639 935 Vulc.
654 908 736 934 Elm.
762 907 810 934 De
823 907 859 934 R.
875 910 904 933 et
920 905 940 933 f.
963 906 1052 933 codd.
1073 904 1210 933 lectione
1223 905 1302 933 Oud.
1320 904 1400 932 certi
1417 903 1493 937 quid
1506 911 1568 931 non
1584 906 1685 937 potest
1698 902 1871 930 affirmare.

91 956 150 976 nec
164 953 253 978 abest
269 957 287 978 a
301 948 329 978 δ.
354 955 575 978 monstremus
588 952 662 979 1·“.3.
672 953 706 979 G.
720 953 746 980 1.
758 954 786 979 2.
797 952 831 980 Ρ.
842 952 878 979 D.
888 953 921 979 0.
931 950 951 978 f.
959 952 1048 988 111111.
1058 951 1087 977 2.
1101 952 1137 978 In
1152 950 1266 978 ceteris
1280 949 1372 977 libris
1385 953 1412 977 et
1428 949 1497 976 edd.
1511 952 1586 976 vett.
1599 946 1869 974 demonstremus.

91 993 202 1022 salute
215 997 304 1024 abest
318 999 356 1024 ab
371 997 405 1024 0.
420 1003 439 1024 a
453 1005 491 1024 m.
506 1005 534 1030 p.
571 997 728 1023 morimus
742 994 770 1025 δ.
795 998 831 1024 111
844 995 990 1027 margine
1003 996 1069 1022 cod.
1083 995 1118 1023 F.
1134 991 1163 1022 3.
1177 997 1215 1023 ab
1229 995 1341 1023 eadem
1353 1001 1450 1022 manu
1464 994 1617 1028 scriptum
1632 991 1804 1029 estprnm't
1815 999 1869 1026 pro

86 1039 265 1075 poenituit.
283 1039 417 1068 necdum
431 1043 499 1070 Ra.
510 1043 545 1070 G.
556 1043 584 1069 1.
595 1043 669 1070 ⁴2.D.
679 1039 708 1069 ὃ.
719 1042 738 1069 f.
754 1043 789 1070 ln
797 1041 965 1069 ceteris-est
979 1038 1106 1067 nedum.
1125 1038 1317 1078 deferamus
1327 1040 1402 1067 PJ).
1425 1035 1708 1074 defferamusG.·2.
1729 1034 1869 1074 dtsffere-

92 1092 164 1112 mus
172 1087 315 1114 G.1.am.
326 1095 354 1121 p.
370 1085 556 1114 deseramus·
566 1087 585 1114 f.
606 1085 937 1114 disseramusx'icent.
947 1092 1017 1113 mea
1028 1087 1120 1113 hahet
1130 1086 1163 1112 in
1173 1092 1271 1119 marg.
1282 1084 1480 1118 proleetione
1488 1084 1590 1112 varia.
1605 1081 1870 1118 bim‘probealip.

91 1129 179 1156 sciat
189 1131 439 1159 Piccart.1³eri‹.·.
456 1133 524 1159 erit.
539 1133 603 1159 c.8.
618 1135 645 1159 et
655 1131 750 1159 edidit
765 1131 895 1165 soning.
910 1131 970 1157 Sed
986 1129 1108 1157 cf.1ntt.
1121 1131 1160 1157 ad
1169 1131 1296 1157 Petron.
1312 1130 1437 1162 c.58.p.
1449 1130 1523 1157 388.
1549 1127 1786 1155 contendamus
1795 1129 1868 1155 (ἕλ’.

93 1178 119 1202 et
129 1176 164 1202 P.
179 1180 260 1204 teste
273 1176 351 1204 Oud.
366 1177 422 1204 sed
436 1177 470 1204 in
485 1175 805 1210 excerptisPutsehii
816 1172 1049 1201 cmaeceudemus
1063 1174 1190 1208 legitur.
1205 1172 1430 1200 contendimus
1440 1175 1477 1201 D.
1502 1174 1647 1200 maim-es
1662 1181 1714 1207 pro
1728 1172 1871 1199 maritos

91 1220 169 1247 vitio
179 1223 412 1255 typothetarum
427 1222 546 1256 legitur
559 1221 590 1248 in
605 1221 678 1248 edit.
692 1222 795 1248 Scriv.
809 1221 945 1248 Amstel.
958 1240 966 1254 ‚
989 1220 1070 1252 quod
1084 1219 1158 1246 inde
1172 1223 1247 1253 puto
1262 1222 1422 1253 exortum,
1443 1218 1520 1251 quia
1534 1219 1565 1247 in
1580 1219 1723 1247 eiusdem
1737 1225 1871 1252 praece-

91 1265 196 1294 dentis
210 1273 324 1294 versus
337 1265 566 1301 loco,711m'ores
578 1266 707 1300 legitur⁷
730 1268 761 1292 ut
776 1267 838 1293 huc
852 1267 1003 1292 aberrare
1018 1268 1148 1297 possent
1162 1264 1247 1291 oculi
1260 1263 1394 1291 librarii.
1442 1262 1581 1298 siplane
1595 1273 1627 1297 φ.
1669 1261 1789 1300 diuque
1803 1271 1870 1300 cog.

91 1309 211 1338 F.3.G.
223 1311 471 1339 ι.2.Ρ.1).ο.π.
487 1307 699 1345 ῐ.ῃ.δ.111.β.
715 1310 796 1343 quod
811 1317 868 1344 ego
883 1309 988 1342 recepi
1002 1308 1036 1336 iu
1051 1312 1181 1337 textum.
1229 1306 1368 1344 denique
1381 1308 1415 1335 F.
1433 1309 1461 1336 1.
1475 1313 1503 1336 et
1519 1309 1588 1336 edd.
1603 1308 1722 1342 aliquot
1738 1312 1871 1338 recent..

90 1355 175 1383 unde
194 1355 272 1383 oud.
292 1356 428 1384 coniecit
448 1354 597 1392 deinque.
644 1353 753 1392 adque
777 1353 963 1390 snperbiam
990 1354 1065 1381 Bas.
1084 1354 1110 1381 1.
1150 1353 1323 1392 fortiores
1338 1350 1514 1380 reddamus
1535 1352 1770 1388 rclfirmiores
1790 1354 1826 1381 G.
1842 1353 1871 1380 1.

81 1398 254 1437 fortiores
266 1398 499 1436 velfirmiores
512 1399 690 1427 reddamus
703 1407 740 1428 π.
754 1399 807 1435 [t]
827 1410 843 1427 e
857 1399 948 1427 varia
961 1398 1098 1426 lectione
1111 1399 1143 1426 iu
1157 1402 1277 1427 textum
1292 1398 1429 1431 irrepsit.
1452 1397 1554 1434 (Haec
1568 1400 1728 1427 vocabula
1740 1398 1873 1431 saepius

90 1448 218 1480 propiet
228 1445 476 1481 significationis
488 1446 712 1481 cognationem
728 1448 948 1479 permutantur
971 1443 1013 1471 cf.
1029 1445 1069 1472 ad
1083 1446 1158 1472 Met.
1169 1446 1195 1472 1.
1210 1451 1237 1478 p.
1252 1442 1326 1479 6³.)

92 1542 271 1594 exempla
294 1544 439 1595 profert
463 1544 551 1583 coll.
578 1543 673 1582 Ciof.
691 1547 727 1582 et
741 1543 877 1581 Heins.
903 1542 952 1581 ad

91 1598 204 1638 Ovid.
229 1600 324 1639 Met.
346 1599 408 1639 111.
436 1604 526 1641 271.
554 1601 641 1640 Nec
654 1601 725 1640 sim
742 1600 951 1644 Saturnia,

92 1657 125 1695 si
136 1670 216 1694 non
232 1657 293 1696 Ab
316 1657 405 1696 lore
424 1671 549 1696 mersa
567 1671 641 1697 suo
656 1657 951 1711 Styyiaspene-

92 1714 215 1751 trarit
237 1713 294 1752 acl
318 1713 460 1753 undas.
486 1714 635 1764 Dausq.
664 1718 702 1751 et
725 1714 791 1752 Dr.
818 1713 868 1751 ad
883 1712 950 1751 Sit.

91 1767 158 1807 IX.
188 1773 278 1810 111.
309 1784 400 1808 non
431 1771 511 1808 sim
542 1770 727 1822 equidem
761 1769 951 1809 Sulmone

91 1829 257 1865 satas...
274 1830 538 1880 fatearque
563 1831 745 1878 nepotem
771 1827 952 1878 Peryam

94 1895 140 1920 eo
158 1883 372 1935 indiqmcm
387 1883 559 1927 Solimo,
583 1885 622 1921 si
635 1883 805 1921 eradere
820 1883 950 1921 detur.

92 1935 126 1976 E
150 1940 337 1978 contrario
362 1937 516 1977 Petron.
542 1953 574 1977 c.
601 1943 666 1979 81.
691 1939 881 1978 Namaut
894 1939 952 1977 vir

93 2007 173 2047 eyo
197 2009 290 2034 non
308 2009 403 2034 sum
422 2001 506 2034 aut
529 1997 658 2034 noxio
670 1996 867 2048 sanquine
877 2008 952 2046 pa-

92 2051 260 2090 rentabo
291 2053 466 2090 iniuriae
493 2065 613 2090 meae.
661 2050 740 2103 [lta
771 2052 886 2089 etiam
916 2051 951 2088 in

92 2106 266 2145 formulis
289 2107 495 2145 adiurandi
519 2108 679 2158 saepius
712 2106 874 2145 futurum
899 2107 949 2144 in-

93 2161 244 2202 dicativi
270 2177 340 2215 pro
366 2164 604 2201 coniunctivo
638 2164 856 2214 praesentis
882 2177 949 2214 po-

93 2219 190 2257 nitur
215 2218 263 2258 cs.
278 2218 432 2259 Terent.
446 2219 587 2258 Heaut.
602 2218 666 2258 Ill.
684 2224 716 2259 1.
732 2224 797 2259 54.
822 2217 950 2257 Ptaut.

93 2273 193 2313 Trin.
218 2274 262 2313 ll.
287 2280 324 2315 4.
350 2280 414 2317 46.
439 2275 669 2314 Indicattvus
696 2276 827 2314 fortius
853 2274 951 2314 astir-

91 2332 232 2370 mantis
257 2336 297 2370 et
319 2346 399 2370 rem
424 2345 492 2383 pro
519 2336 620 2370 certe
645 2332 823 2383 ponentis
847 2331 949 2370 vide-

92 2391 152 2426 tur
174 2401 279 2426 esse.
304 2387 361 2426 Ita
379 2388 482 2439 apud
496 2387 608 2427 Ovid.
623 2387 719 2428 Met.
733 2389 769 2427 d.
784 2388 808 2427 l.
822 2388 953 2439 optimi

92 2443 247 2483 codices
284 2445 526 2483 indicativum
561 2446 748 2497 praebent
776 2459 877 2490 sum,
912 2448 955 2483 ut

92 2500 207 2539 etiam
220 2500 316 2540 Met.
330 2500 372 2540 ll.
388 2506 479 2542 514.
499 2503 719 2547 mentior,
742 2502 954 2541 obscurum

91 2557 169 2595 nisi
180 2571 267 2596 nox
282 2572 402 2610 quum
412 2561 560 2609 fecerit
572 2558 717 2598 orbem.
737 2557 784 2596 cf.
799 2557 953 2595 Petron.

90 2625 128 2664 p.
153 2614 248 2654 524.
285 2613 427 2653 Senec.
459 2616 571 2666 epist.
601 2618 690 2655 106.
723 2614 952 2659 silentiar,

90 2669 170 2708 nisi
188 2675 227 2709 et
247 2684 351 2723 quae
369 2670 486 2710 alunt
504 2671 628 2717 illast,
655 2685 836 2723 corpora
849 2674 952 2710 sunt.

91 2723 191 2765 Hine
225 2726 384 2778 intelligi
419 2731 568 2778 potest,
605 2729 676 2766 sim
707 2731 836 2766 nostro
867 2725 952 2765 loco

92 2782 400 2822 emendationem
426 2797 518 2822 esse
543 2784 789 2830 librariorum,
815 2784 953 2834 quibus

91 2837 356 2878 subiunctivus
387 2840 423 2877 in
455 2839 529 2878 hac
564 2840 760 2878 adiurandi
792 2839 955 2879 formuta

92 2895 212 2933 notior
235 2900 329 2934 erat.
378 2895 440 2934 Ex
462 2896 564 2935 Mss.
590 2896 702 2948 igitur
726 2898 949 2935 auctoritate

91 2950 187 2988 inter
215 2955 414 3003 utrumque
443 2953 600 2991 modum
631 2953 852 3003 eligendum
878 2956 949 2990 est.

92 3005 140 3045 cf.
173 3005 295 3047 Bach.
325 3008 374 3047 ad
404 3007 518 3047 Ovid.
549 3009 643 3047 Met.
676 3008 720 3048 ll.
748 3013 839 3049 514.
888 3008 951 3048 De

93 3064 283 3102 sententia
305 3064 380 3103 loci
403 3070 600 3116 comparat
624 3064 723 3104 Etm.
748 3064 876 3105 Iuven.
901 3064 951 3103 X.

1067 1543 1235 1582 inacuit.
1272 1541 1413 1580 Roatdt
1429 1543 1685 1581 coniecturam
1702 1542 1875 1581 innotuit

1010 1598 1196 1637 Pricaeus
1211 1612 1283 1636 non
1300 1599 1537 1649 improbavit,
1563 1600 1697 1638 acriter
1709 1598 1757 1636 ab
1772 1597 1872 1636 Oud.

1011 1657 1269 1706 vituperatus,
1295 1656 1383 1705 quia
1407 1656 1648 1706 ineptissima
1672 1659 1744 1694 est.
1785 1653 1873 1692 Non

1009 1716 1140 1764 potest
1166 1711 1344 1758 dubitari,
1371 1725 1417 1750 an
1433 1714 1553 1750 sorori
1569 1712 1770 1750 innotuerit
1785 1725 1870 1749 con-

1011 1768 1186 1813 tumelia,
1214 1782 1328 1818 quam
1353 1783 1428 1807 una
1453 1773 1534 1807 erat
1558 1782 1696 1820 passa.
1726 1768 1799 1805 sed
1824 1781 1871 1806 an

1011 1839 1095 1864 eam
1122 1826 1218 1862 satis
1244 1826 1406 1875 graviter
1430 1825 1574 1871 tulerit,
1602 1829 1639 1862 et
1653 1826 1725 1863 ista
1739 1825 1774 1862 in
1790 1827 1872 1862 eius

1011 1885 1166 1932 pectore
1191 1881 1477 1920 amaritudinem
1504 1883 1742 1927 excitaverit,
1769 1885 1807 1918 et
1819 1881 1871 1919 bi·

1011 1939 1087 1976 lem
1112 1939 1360 1976 commoverit
1407 1941 1454 1977 cl.
1486 1937 1602 1976 Gron.
1634 1937 1800 1976 Observ.
1825 1935 1871 1975 Π.

1012 1999 1074 2035 21.
1108 2007 1145 2044 p.
1175 1997 1263 2034 196.
1307 1994 1369 2033 ed.
1401 1994 1511 2045 Lips.
1544 1993 1628 2033 lntt.
1660 1994 1710 2032 ad
1743 1993 1872 2040 Quint.

1011 2050 1124 2090 Dect.
1138 2048 1240 2088 UH.
1267 2063 1298 2089 c.
1317 2055 1351 2091 1.
1377 2050 1441 2103 [ef.
1468 2050 1599 2090 Barth.
1625 2048 1871 2089 Advers.V1.

1013 2111 1075 2147 17.
1098 2120 1137 2157 p.
1164 2110 1274 2152 285„
1307 2107 1370 2145 ubi
1400 2108 1435 2145 in
1461 2106 1608 2159 Papiae
1635 2107 1794 2146 Glossis
1819 2106 1872 2143 le-

1009 2163 1176 2214 gendum
1190 2167 1270 2200 est:
1291 2164 1750 2209 acidiari‚stomacltari,
1763 2164 1874 2202 mule

1008 2219 1170 2264 acidia,
1207 2233 1311 2272 quae
1342 2225 1401 2259 est
1428 2221 1607 2259 taedium
1631 2221 1775 2265 animi,
1811 2219 1874 2258 rel

1008 2276 1196 2315 anx-[etas
1209 2275 1457 2316 relnausea
1471 2276 1557 2328 [pro
1573 2275 1872 2326 contra,quod

1008 2332 1072 2370 hic
1098 2331 1242 2383 legitur.
1279 2331 1462 2371 Barthius
1482 2332 1594 2371 affert
1618 2333 1745 2372 locum
1758 2331 1872 2370 Plinii

1010 2388 1241 2439 epigraphe:
1272 2390 1330 2428 ad
1354 2390 1538 2428 dolorem
1564 2390 1760 2429 stomachi
1783 2402 1873 2428 cum

1010 2445 1150 2485 acidia
1175 2450 1213 2484 et
1235 2459 1398 2486 nausea.
1423 2445 1469 2484 cf.
1483 2446 1651 2485 Adi-ers.
1665 2445 1772 2484 XXI.
1788 2459 1818 2483 c.
1834 2449 1870 2484 7.

1010 2500 1101 2553 Ipse
1126 2501 1220 2552 legit
1242 2515 1310 2553 pro
1336 2507 1484 2542 contra
1504 2504 1783 2541 contrarietas.
1810 2500 1872 2539 De

1012 2558 1132 2597 forma
1166 2559 1307 2598 inae-ui
1346 2558 1561 2598 conferatur
1596 2559 1716 2597 Voss.
1751 2558 1871 2597 Arist.

1013 2613 1057 2654 T.
1082 2613 1126 2652 IL
1151 2627 1187 2666 p.
1214 2618 1306 2655 821.
1333 2614 1484 2668 Eckst]

1065 2685 1138 2710 nec
1162 2670 1237 2711 ulla·
1261 2676 1530 2712 monstremus.
1578 2671 1693 2725 [Nec
1711 2684 1760 2710 ex
1779 2671 1873 2723 opti-

1009 2728 1084 2767 mis
1108 2726 1226 2766 'codd.
1251 2728 1405 2774 retinui,
1442 2729 1464 2767 i.
1490 2742 1524 2767 e.
1550 2742 1599 2767 ne
1625 2728 1798 2781 quidem,
1823 2727 1873 2766 de

1012 2797 1087 2835 qua
1111 2784 1385 2835 significatione
1411 2785 1486 2823 iam
1511 2785 1587 2823 dixi
1613 2784 1663 2822 ad
1686 2783 1785 2823 Met.
1808 2783 1871 2823 111.

1010 2854 1048 2893 p.
1076 2844 1185 2886 187„
1217 2854 1317 2892 quae
1347 2840 1393 2880 cs.
1425 2840 1483 2879 Ita
1507 2853 1661 2892 quoque
1686 2845 1873 2881 monstre-

1007 2911 1092 2937 mus
1120 2897 1378 2948 recipiendum
1416 2901 1514 2943 erat,
1546 2897 1649 2948 quod
1680 2897 1794 2936 miror
1823 2897 1872 2936 ab

1008 2952 1156 2992 Orellio
1177 2953 1393 3005 neglectum
1413 2967 1524 2999 esse,
1549 2954 1613 3004 qui
1628 2952 1723 2992 lunt.
1737 2957 1774 2994 2.
1793 2954 1873 2992 uhi-

1010 3023 1085 3061 que
1109 3011 1294 3061 seqnitur.
1332 3009 1524 3062 Exempla
1546 3010 1659 3048 huius
1684 3010 1872 3061 significa-

1009 3066 1124 3104 tionis
1149 3067 1310 3118 plurima
1333 3066 1523 3118 praebent
1547 3065 1702 3118 lexica.]

1067 3124 1138 3162 sed
1157 3124 1285 3177 plane
1308 3122 1473 3162 sobrios.
1511 3123 1615 3162 Grut.
1636 3122 1754 3176 Susp.
1771 3122 1871 3164 VHI.
