2155 3590
708 120 897 161 LIBER
925 120 978 163 II.
1037 120 1164 162 CAP.
1195 119 1294 161 XX.
1824 120 1906 164 123

109 235 267 275 obtutus
296 235 337 274 in
367 249 487 275 unum
518 234 735 288 quempiam
766 236 912 290 angulo
944 235 1193 276 secubantem
1231 234 1503 274 conferuntur.
1566 231 1645 286 Qui
1677 240 1907 274 cunctorum

109 291 372 331 obstinatione
398 291 605 341 confusus,
632 291 796 345 indigna
820 292 1173 332 murmurabundus
1197 305 1284 330 cum
1309 290 1430 330 vellet
1453 303 1672 343 exurgere:
1705 288 1828 329 Immo
1853 290 1907 329 mi

107 347 378 403 Thelyphron,
405 346 664 403 Byrrhaena
654 348 797 411 inquit,
826 355 865 388 et
885 348 1055 388 subsiste
1073 348 1271 411 paulisper
1289 353 1328 386 et
1350 359 1458 386 more
1479 353 1568 386 tuae
1588 345 1820 387 urbanitatis
1846 347 1906 386 fa-

107 403 237 444 bulam
266 403 372 444 illam
403 411 511 443 tuam
541 403 748 454 remetire,
782 411 826 444 ut
856 412 896 444 et
924 405 1026 445 filius
1059 418 1167 444 meus
1197 404 1272 443 iste
1300 401 1444 443 Lucius
1477 402 1594 455 lepidi
1623 403 1817 461 sermonis
1848 403 1907 462 tui

106 461 334 514 perfruatur
358 460 558 500 comitate.
619 460 676 500 At
698 460 782 500 ille:
821 460 883 500 Tu
909 461 1064 514 quidem
1089 460 1266 510 domina,
1300 458 1376 509 ait,
1410 458 1451 498 in
1477 458 1606 498 officio
1631 455 1767 499 mo'nes
1792 472 1907 499 sanc-

107 524 170 557 tae
196 523 285 556 tuae
315 516 525 566 bonitatis,
560 517 628 557 sed
659 516 823 557 ferenda
853 531 931 557 non
964 524 1025 558 est
1056 517 1299 571 quorundam
1329 514 1558 555 insolentia.
1619 513 1686 555 Sic
1710 514 1775 555 ille
1802 529 1906 555 eom-

104 579 249 613 motus.
311 571 390 613 Sed
420 572 611 612 instantia
635 571 917 628 Byrrhaenae,
951 588 1049 627 quae
1080 588 1167 614 eum
1199 571 1445 613 adiuratione
1477 585 1572 612 suae
1603 571 1741 611 salutis
1773 571 1908 626 ingra-

104 629 155 671 tis
180 629 347 684 cogebat
371 629 498 680 effari,
526 630 691 684 perfecit
715 637 757 670 ut
779 630 913 671 vellet.

104 765 140 786 se
152 757 327 787 cubantem
340 759 377 787 F.
391 760 422 787 3.
471 761 696 786 conseruntur
709 760 745 788 F.
760 758 789 787 3.
803 760 841 787 Β.
854 768 883 794 p.
910 759 1038 788 Vicent.
1053 760 1136 793 quod
1148 760 1312 788 Steweeli.
1326 761 1524 793 expunctum
1543 757 1674 786 omnino
1692 756 1825 793 maluit,
1851 756 1909 785 ob-

106 803 248 832 tuitione
260 806 374 840 legens
387 811 443 838 pro
456 803 693 832 obstinatione.
730 804 913 843 conferunt
926 806 1042 833 habent
1056 805 1171 833 Venet.
1185 806 1215 832 4.
1230 806 1307 832 Bas.
1322 805 1352 832 1.
1365 805 1396 832 2.
1431 801 1565 840 indigne
1579 804 1615 830 G.
1630 804 1659 831 2.
1674 803 1710 830 P.
1723 804 1762 831 R.
1776 802 1798 832 f.
1813 803 1849 831 0.
1863 805 1909 831 Μ.

102 847 281 887 indignans
294 848 327 886 β.
352 848 682 877 murmur-abundans
701 850 736 878 F.
746 851 776 878 3.
801 848 1092 877 murmurantibus
1104 851 1143 878 D.
1171 847 1390 877 mirabundus
1402 850 1440 878 L.
1453 848 1487 886 β.
1500 850 1537 877 R.
1552 848 1574 876 f.
1588 848 1719 877 vitiose.
1749 845 1911 876 Tlaeh'ron

102 896 138 923 F.
151 896 217 923 1.3.
233 896 269 922 G.
280 896 308 922 1.
320 895 401 924 D.0.
418 894 439 923 f.
469 892 639 931 Thelyron
652 897 690 923 L.
720 893 856 922 Teliron
870 896 906 923 G.
918 897 947 923 2.
961 896 997 922 Ρ.
1021 892 1179 921 Chelz'ron
1192 903 1222 929 p.
1275 892 1506 930 Thelephoron
1517 894 1673 923 Venet.⁸2.
1704 891 1911 930 Telepheron

101 941 180 969 Bas.
196 941 224 968 1.
273 938 460 975 Byrrhena
478 938 571 967 daz-it
590 941 625 968 G.
648 941 676 968 1.
697 942 732 969 Ο.
782 943 875 967 tuam
895 943 989 969 abest
1010 947 1031 968 a
1050 941 1126 968 Bas.
1148 942 1179 968 1.
1231 942 1322 967 tuam
1342 937 1437 966 illam
1457 935 1486 968 ὃ.
1534 936 1652 975 lepidis
1665 939 1701 967 F.
1711 936 1746 966 ’3.
1794 945 1910 966 manes

102 986 140 1014 B.
160 987 245 1014 lunt.
267 986 297 1013 1.
318 986 348 1013 2.
368 986 444 1014 Ald.
492 992 602 1012 moves
615 982 644 1013 ὃ.
670 984 725 1020 [de
744 988 806 1014 liae
820 986 1056 1020 permutatione
1082 984 1123 1013 cf.
1142 987 1216 1014 Intt.
1231 986 1272 1013 ad
1291 986 1386 1019 Prop.
1399 986 1454 1013 IV.
1471 985 1500 1013 1.
1517 985 1591 1012 107.
1617 984 1703 1013 Cort.
1723 985 1765 1013 ad
1782 985 1910 1013 Lucan.

101 1031 125 1058 1.
140 1031 216 1058 631.
228 1030 467 1065 Liv.111.39.s.
478 1030 525 1066 3.]
552 1029 641 1058 sicut
654 1029 723 1058 illis
732 1039 762 1065 p.
787 1030 938 1057 instanti
950 1027 1152 1066 Byrrhenae
1164 1031 1190 1058 F
1206 1031 1275 1058 1.3.
1290 1031 1326 1058 G.
1342 1031 1411 1058 1.·2.
1425 1033 1456 1058 et
1469 1030 1540 1058 edd.
1553 1032 1631 1057 vett.
1645 1033 1775 1064 praeter-
1786 1030 1911 1058 lunt-2.

103 1078 133 1103 et
146 1076 195 1104 ed.
209 1083 256 1110 pr.
271 1083 354 1110 quae
366 1083 438 1107 eum
454 1074 491 1102 D.
506 1072 535 1103 δ.
548 1078 667 1104 hahent
681 1075 832 1103 instanti
844 1073 1037 1111 Byrrhena.
1075 1073 1246 1102 instantia
1261 1073 1445 1111 Byrrhena
1458 1076 1495 1103 R.
1512 1082 1547 1103 π.
1562 1075 1598 1103 Β.
1641 1073 1740 1111 quive
1753 1082 1809 1109 pro
1824 1081 1912 1112 quae

103 1127 174 1147 enm
192 1121 267 1150 Vie.
287 1121 372 1149 unde
391 1121 471 1150 oud.
493 1122 640 1149 emendat
660 1129 748 1157 quae
766 1128 839 1148 enm
859 1128 933 1147 cnm
953 1118 1172 1147 adiuratione
1191 1121 1275 1153 quod
1295 1124 1370 1149 ante
1390 1127 1463 1148 eum
1482 1120 1547 1148 iam
1567 1123 1747 1148 correctum
1763 1120 1858 1148 video
1876 1119 1912 1147 in

102 1173 204 1201 marg.
217 1167 289 1195 Vic.
303 1168 335 1194 2.
348 1167 450 1194 Extat
462 1173 535 1193 enm
549 1166 581 1193 in
597 1167 632 1194 L.
647 1167 684 1194 P.
699 1168 734 1194 G.
748 1167 779 1194 2.
794 1169 822 1194 et
836 1167 919 1193 lum.
934 1167 965 1193 2.
979 1169 1007 1193 et
1023 1165 1058 1193 F.
1073 1166 1103 1193 3.
1129 1166 1165 1193 In
1179 1168 1252 1193 cett.
1266 1168 1315 1193 est
1329 1172 1417 1202 qnae
1430 1173 1504 1192 cum
1518 1163 1747 1193 adiuratione.
1786 1163 1912 1192 salutis

100 1217 183 1238 suae
194 1212 233 1240 P.

101 1322 182 1360 ruit.
241 1319 290 1359 H.
322 1318 346 1358 l.
379 1318 535 1358 ablativ.
567 1319 828 1371 probaverim.
860 1332 976 1370 quum

101 1378 289 1416 convivae
318 1374 484 1414 sublatis
516 1376 714 1415 cachinnis
745 1377 780 1414 in
814 1377 861 1414 iis
892 1389 975 1426 per-

101 1437 338 1478 severarent,
364 1433 478 1483 genio
503 1446 577 1471 suo
597 1432 690 1471 nihil
709 1436 975 1483 temperantes

100 1491 149 1530 cf.
173 1490 241 1529 Dr.
267 1490 318 1528 ad
341 1488 427 1527 Liv.
447 1487 636 1527 XXVIII.
657 1492 721 1529 43.
743 1488 773 1538 ᾧ.
795 1493 831 1529 8.
857 1489 974 1528 Gron.

99 1547 150 1585 ad
176 1546 316 1585 senec.
336 1545 385 1584 N.
410 1544 457 1591 Q.
479 1544 547 1584 lv.
571 1544 694 1597 praef.
713 1544 840 1584 Hand.
863 1544 974 1584 Turs.

99 1602 163 1642 111.
195 1617 232 1655 p.
260 1607 353 1644 294.
384 1615 474 1653 sqq.
512 1601 576 1640 De
603 1602 838 1641 licentiosus
863 1601 975 1653 plura

99 1659 175 1698 sed
203 1674 279 1698 non
311 1660 364 1697 ita
395 1662 656 1697 comemoratu
686 1658 803 1709 digna
828 1658 974 1710 profert

97 1714 198 1754 Prie.
257 1716 316 1755 lta
345 1715 480 1753 dicitur
510 1716 559 1754 ab
591 1715 739 1754 Arnob.
774 1714 801 1754 I.
834 1719 899 1755 53.
933 1717 973 1753 in

100 1773 309 1812 lasciviam
339 1772 509 1811 dissolvi
540 1772 835 1811 cachinnorum
861 1776 900 1810 et
924 1771 973 1810 V.

100 1832 164 1869 25.
184 1829 365 1883 diffundi
375 1842 454 1880 per
472 1829 615 1875 risnmq
635 1827 683 1867 cf.
698 1827 854 1866 Ruhnk.
871 1828 973 1867 Dict.

99 1885 208 1924 Suet.
233 1899 270 1936 p.
296 1884 408 1937 208]

156 1942 429 1981 obstinatione
460 1942 481 1979 i.
508 1955 541 1979 o.
564 1942 873 1993 perseverantia
898 1943 975 1981 acl-

97 2003 258 2050 spectus
287 1999 330 2036 in
360 2011 400 2037 se
423 1998 693 2049 perturbatus
731 1998 778 2037 cs.
812 1998 972 2049 Sciopp.

97 2054 211 2093 Lect.
236 2054 355 2105 Susp.
388 2053 415 2092 I.
441 2067 473 2093 c.
501 2059 537 2095 6.
570 2054 766 2092 Stewech.
798 2055 973 2092 coniece-

98 2114 158 2149 rat
188 2110 415 2149 obtuitione
445 2111 551 2160 quod
582 2123 815 2161 quamquam
847 2114 972 2150 acute.

97 2170 245 2205 temere
276 2170 404 2204 tamen
432 2166 575 2205 factum
602 2179 696 2204 esse
721 2170 826 2217 puto.
888 2165 974 2217 [Sic

97 2221 202 2262 male
233 2222 443 2261 emendant
474 2222 646 2261 nonnulli
679 2236 741 2273 ap.
775 2223 918 2261 Arnob.
945 2222 973 2261 I.

98 2283 163 2320 31.
179 2279 452 2318 obstinatione
465 2279 542 2318 tali
554 2280 589 2316 in
607 2280 858 2330 opinatione.
897 2279 974 2318 Ob-

97 2336 265 2375 stinatio
289 2335 326 2373 h.
355 2334 376 2373 l.
403 2340 466 2374 est
485 2336 795 2387 perseverantia
820 2337 862 2374 in
888 2338 974 2387 opi-

96 2393 219 2431 nione
243 2392 351 2430 mala
370 2391 717 2444 praeoccupata]

153 2448 334 2500 indiyna
351 2448 722 2487 mnrnmrabnndns
739 2447 777 2499 [i.
793 2461 826 2486 e.
841 2462 974 2487 secum

97 2506 307 2544 ruminans
338 2518 442 2556 qnae
469 2505 661 2556 proferri
690 2504 860 2555 publice
889 2519 972 2543 non

91 2565 303 2613 poterant.
368 2559 488 2599 Plura
512 2560 619 2598 dabit
644 2559 777 2598 Barth.
802 2561 971 2599 Advers.

95 2615 287 2654 XXXIV.
317 2621 378 2657 14.
405 2631 441 2668 p.
472 2617 607 2669 1571]

159 2673 436 2727 Thelyphron.
496 2672 575 2725 [Ex
601 2677 697 2725 optt.
723 2672 826 2712 Mss.
855 2675 972 2712 resti-

98 2729 174 2780 giis
205 2730 258 2768 ita
281 2743 368 2768 cum
395 2728 503 2768 Colv.
530 2733 569 2767 et
592 2728 773 2768 Elmenh.
797 2731 972 2782 recipere

97 2798 174 2824 non
206 2785 393 2833 dubitavi,
427 2799 543 2837 quum
569 2786 673 2836 quod
698 2785 801 2825 Oud.
827 2785 973 2837 placuit

1037 1320 1273 1371 Telephron
1305 1320 1353 1357 ab
1385 1320 1433 1357 iis
1466 1320 1578 1358 nimis
1603 1321 1773 1359 recedat.
1833 1320 1911 1359 De-

1035 1376 1147 1414 inde
1138 1389 1225 1427 ipsa
1238 1389 1336 1414 voce
1350 1389 1478 1414 mores
1492 1378 1707 1415 accuratius
1721 1376 1912 1415 illustran-

1034 1437 1093 1471 tur
1117 1432 1296 1477 hominis,
1324 1446 1388 1483 qui
1379 1421 1617 1471 mulierum
1640 1434 1744 1471 ritu'
1736 1446 1791 1470 ira
1810 1433 1913 1472 facili

1034 1502 1243 1534 aecensus,
1268 1490 1398 1527 statim
1412 1488 1652 1528 remollescit
1666 1489 1859 1540 dictisque
1875 1493 1913 1528 et

1035 1545 1234 1584 blanditiis
1278 1547 1389 1584 citius
1420 1545 1694 1596 permulcetur:
1733 1549 1773 1583 et
1813 1560 1914 1584 nunc

1034 1602 1148 1640 video
1174 1601 1271 1640 Met.
1286 1601 1331 1641 ΙΙ.
1352 1615 1388 1653 p.
1413 1606 1502 1644 166.
1524 1601 1694 1640 Florent.
1716 1605 1752 1642 3.
1778 1606 1912 1654 aperte

1032 1660 1206 1697 scribere
1232 1659 1518 1711 Theh'phron]

1090 1729 1235 1754 mones.
1297 1714 1441 1768 [Unice
1467 1729 1558 1754 vera
1583 1719 1644 1753 est
1669 1728 1785 1766 quam
1808 1715 1911 1755 Mss.

1034 1776 1130 1824 optt.
1155 1773 1346 1823 praebent
1370 1774 1563 1823 scriptura
1581 1786 1728 1817 mones,
1755 1785 1827 1811 nec
1845 1774 1911 1811 mi-

1032 1830 1105 1867 rari
1119 1829 1290 1867 debebat
1304 1828 1421 1869 Oud..
1441 1843 1507 1867 cur
1526 1841 1664 1866 omnes
1679 1828 1717 1867 id
1731 1832 1912 1868 constan-

1032 1889 1091 1923 ter
1121 1886 1323 1923 retineant.
1384 1886 1555 1924 Illonere
1585 1886 1685 1923 enirn
1716 1885 1819 1925 idem
1851 1890 1913 1924 est

1034 1941 1138 1993 quod
1153 1942 1386 1987 admonere,
1408 1943 1450 1980 in
1464 1942 1691 1981 memoriam
1705 1955 1911 1988 revocare,

1033 2003 1073 2036 et
1086 2001 1332 2050 opponuntur
1345 1998 1419 2036 sibi
1433 1997 1656 2044 insolentia,
1672 2011 1750 2049 qua
1763 1997 1910 2049 Thely-

1033 2055 1218 2105 phronem
1257 2054 1487 2093 calamitatis
1523 2054 1675 2093 advena
1698 2058 1911 2099 monuerat,

1032 2114 1071 2148 et
1095 2110 1354 2161 Byrrhaenae
1378 2111 1552 2156 bonitas,
1579 2124 1679 2161 quae
1703 2111 1911 2150 blandissi—

1032 2167 1106 2204 mis
1136 2168 1265 2205 verbis
1296 2171 1337 2205 ut
1368 2167 1570 2206 historiam
1602 2168 1842 2206 remetiretur
1872 2171 1912 2207 et

1034 2223 1163 2262 malae
1178 2223 1415 2262 condicionis
1431 2224 1685 2269 meminisset,
1706 2224 1755 2262 ab
1775 2238 1823 2263 eo
1842 2237 1911 2275 po-

1034 2279 1258 2319 stulaverat.
1331 2280 1379 2319 ln
1417 2282 1562 2333 officio
1599 2295 1734 2320 mones
1769 2280 1910 2319 eodem

1033 2336 1150 2375 modo
1183 2337 1326 2375 (lictum
1358 2343 1420 2375 est
1451 2341 1491 2375 ut
1522 2336 1621 2376 Met.
1651 2336 1720 2375 XI.
1752 2351 1787 2389 p.
1816 2341 1908 2378 783.

1033 2394 1075 2431 in
1107 2395 1247 2432 oranti
1274 2393 1417 2445 qratia
1443 2395 1662 2432 comitatur
1686 2394 1751 2432 ubi
1774 2407 1908 2444 super-

1032 2448 1105 2487 ssua
1130 2451 1370 2501 praepositio
1397 2450 1546 2488 videtur
1571 2449 1702 2502 esse.]

1088 2507 1281 2545 instantia
1298 2506 1582 2559 Byrrhaenae.
1607 2505 1623 2557 [
1631 2504 1727 2544 Cum
1740 2506 1842 2545 Oud.
1857 2507 1910 2545 ita

1031 2562 1066 2599 in
1109 2566 1218 2600 textu
1261 2564 1392 2614 posui,
1436 2576 1554 2614 quum
1597 2576 1698 2613 quae
1734 2564 1769 2602 in
1805 2562 1910 2603 Mss.

1031 2622 1138 2657 extat
1174 2618 1289 2658 lectio
1326 2621 1495 2658 instanti
1532 2618 1801 2672 Byrrhaenae
1830 2633 1906 2658 non

1030 2674 1174 2714 habeat
1198 2689 1276 2727 quo
1303 2675 1501 2715 reseratur.
1566 2674 1649 2713 sed
1672 2676 1808 2714 mirum
1833 2680 1908 2722 est,

1031 2732 1136 2782 quod
1167 2732 1307 2771 eadem
1338 2732 1553 2783 scripturae
1579 2731 1785 2770 diversitas
1807 2729 1908 2771 Met.

1030 2787 1097 2826 Vl.
1123 2801 1160 2839 p.
1187 2791 1280 2828 469.
1308 2787 1529 2841 repetitum]
