2221 3667
332 156 414 200 306

597 158 646 199 L.
675 157 893 198 APULEll
924 156 1325 199 MADAURENSIS
1354 153 1897 197 METAMORPHOSEON

243 271 306 303 319
339 268 345 326 l
367 268 496 324 Prope
522 271 642 312 fontis
667 271 866 326 adlapsum
893 272 1028 311 (lomus
1053 269 1163 323 regia
1189 276 1268 318 est,
1303 268 1508 309 aedificata
1533 282 1612 308 non
1637 268 1816 309 humanis
1846 268 2025 309 manibus
2056 268 2125 309 sed

333 326 475 367 divinis
500 327 665 368 artibus.
704 327 786 368 lam
813 329 912 369 scies
938 327 985 366 ab
1011 325 1174 365 introitu
1199 325 1338 379 primo,
1367 325 1428 365 dei
1453 325 1666 379 cuiuspiam
1684 325 1921 366 luculentum
1941 332 1980 365 et
1996 337 2126 365 amoe-

332 397 423 423 num
449 383 584 424 videre
609 391 646 424 te
672 384 956 424 deversorium.
1004 381 1109 422 Ram
1141 395 1292 421 summa
1322 381 1524 434 laquearia
1554 382 1653 421 citro
1678 388 1717 422 et
1741 382 1858 421 ebore
1885 381 2037 422 curiose
2063 393 2126 421 ca-

331 446 423 480 vata
450 440 621 481 subeunt
645 454 788 481 aureae
814 440 1033 480 columnae.
1083 436 1266 478 Parietes
1291 451 1426 478 omnes
1452 445 1643 492 argenteo
1669 437 1883 478 caelamine
1916 444 2128 492 contegun-

324 568 573 607 propefontem
587 570 626 598 R.
641 568 662 597 f.
710 567 848 604 alapsus
862 563 891 594 δ.
937 562 1125 601 Ιιεαᾘίσαία
1139 567 1174 595 G.
1192 568 1219 595 1.
1234 568 1264 596 2.
1280 567 1318 595 D.
1366 575 1430 594 non
1445 565 1600 595 humanis
1615 565 1674 594 sed
1685 565 1804 594 (livinis
1819 565 1971 594 manibus
1991 567 2024 592 et
2037 564 2127 592 arli-

331 611 390 641 bus
404 614 506 642 Basil.
524 615 551 642 1.
566 616 596 642 2.

645 612 749 640 scires
769 613 936 640 ediderunt
956 611 1061 640 Scriv.
1079 612 1165 640 Pric.
1186 616 1214 640 et
1234 612 1355 641 Florid.
1376 620 1416 641 ex
1430 613 1653 642 emendatione
1667 612 1817 640 Pice-arti.
1843 613 1914 641 Per.
1929 611 1998 640 crit.
2013 619 2040 640 c.
2054 612 2085 640 8.
2098 614 2130 639 et

331 660 456 687 Gruter.
470 661 564 693 Susp.
578 659 663 688 vm.
677 660 706 686 2.
733 658 851 685 Verum
865 658 976 685 nullus
989 657 1091 684 codex
1105 656 1204 685 favet.
1231 657 1338 684 sciens
1353 659 1388 685 G.
1400 659 1466 686 132.
1482 658 1515 686 0.
1530 658 1566 686 P.
1581 659 1618 686 D.
1633 659 1669 686 R.
1686 657 1706 686 ἰ.
1721 655 1748 686 δ.
1764 665 1816 694 π.,
1843 657 1898 692 qui
1912 664 2024 686 omnes
2037 656 2126 684 codd.

329 710 470 737 sequens
482 705 685 732 vocabulum.
718 705 748 728 le
763 702 795 730 in
809 709 843 728 se
857 702 1043 730 necessario
1057 706 1305 731 commutarunt.
1330 703 1479 738 cuspium
1488 704 1525 731 D.
1541 711 1570 737 p.
1596 701 1817 730 diversorium
1831 702 1943 730 inveni
1961 702 1994 731 in
2011 702 2087 731 F.1.
2098 701 2128 731 3.

329 750 365 778 G.
384 750 412 777 1.
426 751 455 777 2.
472 750 509 777 D.
523 750 559 777 B.
574 752 602 776 et
616 748 763 775 omnibus
776 747 845 775 edd.
861 750 935 776 velt.
983 746 1072 774 citro
1086 745 1204 774 debore
1219 749 1253 776 G.
1271 749 1299 776 1.
1326 748 1413 776 citro
1428 746 1465 774 de
1479 748 1575 775 elmre
1589 749 1623 777 0.
1638 756 1658 777 a
1672 755 1711 777 m.
1726 756 1755 782 p.
1792 747 1925 776 curioso
1940 748 1975 776 G.
1992 748 2020 776 1.

326 795 427 831 genio
441 795 476 821 G.
493 796 523 830 2,
536 794 575 822 D.
590 794 625 820 G.
640 792 669 820 1.
685 799 703 820 a
718 799 756 820 m.
772 800 802 826 p.

329 907 433 941 extat
447 902 546 953 apud
563 901 675 939 Ovid.
690 900 788 940 Met.
804 900 829 940 I.
842 906 921 942 702
936 903 999 940 ubi
1015 902 1201 942 cstBurm.

326 959 483 997 Wakef.
511 958 559 996 ad
584 957 803 997 LucretX.
824 962 942 999 1153.
968 958 1035 997 Dr.
1061 959 1111 997 ad
1132 959 1201 998 Sil.

328 1015 352 1054 l.
372 1020 435 1055 11.
454 1012 563 1053 XVI.
584 1017 673 1054 130.
699 1013 862 1053 Laclnn.
888 1015 938 1053 ad
962 1014 1119 1066 Pmp.1.
1136 1020 1200 1056 20.

327 1073 356 1123 ξ.
384 1076 448 1112 21.
485 1069 620 1109 Tross.
656 1070 706 1108 ad
741 1071 895 1110 Auson.
931 1071 1089 1111 Mosell.
1117 1073 1198 1125 33.]

326 1128 512 1166 Pricaeus
542 1127 690 1180 Ldubius
723 1131 802 1173 est,
840 1132 961 1166 utram
993 1128 1200 1168 lectionem

320 1184 566 1236 perlucidus
586 1197 633 1221 an
644 1185 860 1235 placidus,
881 1185 1075 1237 praeferat
1094 1186 1195 1224 bene

325 1242 456 1279 sciens
481 1244 686 1291 utrumque
710 1254 780 1291 per
804 1255 850 1279 se
881 1243 1047 1292 probari.
1096 1242 1196 1281 Pla-

326 1298 461 1338 cidum
476 1297 576 1335 bene
591 1297 727 1336 dicitur
740 1311 886 1348 aequor
898 1302 936 1336 et
948 1298 1101 1345 1111111011,
1111 1313 1197 1337 011111

325 1354 438 1405 aquis
464 1354 660 1392 immotum
685 1358 775 1400 stat,
801 1356 901 1392 sicut
926 1360 964 1393 et
982 1355 1110 1406 palus,
1136 1356 1199 1394 vel

325 1410 461 1448 10111101·
490 1409 580 1449 fluit.
631 1410 690 1462 [cf
716 1410 846 1449 Burin.
879 1411 928 1449 ad
955 1411 1042 1450 val.
1069 1411 1199 1451 Flacc.

327 1467 373 1507 V.
404 1471 493 1508 180.
526 1466 576 1505 ad
607 1466 722 1506 Ovid.
749 1468 837 1505 Am.
864 1467 927 1507 ΙΙΙ.
955 1472 991 1508 6.
1018 1473 1082 1508 45.
1115 1468 1200 1507 lntt.

324 1524 374 1562 ad
399 1524 505 1573 Virg.
531 1522 615 1562 Ecl.
635 1523 679 1561 11.
696 1522 782 1576 26.]
843 1524 898 1562 Α1
922 1539 996 1562 11011
1023 1526 1203 1563 convenit

325 1581 400 1619 1100
431 1580 524 1618 fonti
557 1580 780 1619 scaturienti
812 1584 850 1619 et
880 1581 914 1618 in
953 1582 1200 1633 receptaculo

326 1636 620 1688 limpidissimas
646 1650 770 1687 aquas
796 1639 1017 1676 ostentanti.
1067 1638 1200 1676 Veris-

326 1694 425 1732 sima
445 1694 556 1745 igitur
575 1697 636 1731 est
656 1693 771 1731 lectio
791 1707 815 1730 a
828 1698 915 1732 cett.
929 1692 1032 1733 Mss.
1049 1699 1086 1733 et
1101 1694 1200 1733 Edd.

326 1750 546 1789 confirmata
556 1750 834 1801 perlucidunu
855 1764 969 1801 quani
984 1751 1085 1789 Oud.
1101 1765 1201 1789 coni-

324 1807 465 1858 probat
484 1819 533 1843 ex
555 1805 623 1844 Sil.
645 1805 711 1844 IV.
733 1810 799 1846 87.
818 1805 927 1846 XVI.
945 1811 1036 1847 228.
1061 1808 1202 1846 Senec.

326 1863 376 1901 de
397 1861 540 1914 Tranq.
560 1863 635 1901 An.
662 1877 692 1901 0.
710 1862 733 1900 l.
760 1863 810 1901 ad
823 1863 943 1901 Marc.
971 1878 1001 1903 c.
1020 1868 1082 1904 17.
1109 1864 1199 1902 coll.

325 1919 463 1958 Heins.
484 1919 533 1957 ad
548 1918 665 1957 Ovid.
680 1917 806 1971 Epist.
821 1919 910 1958 XV.
929 1925 1039 1966 157..
1066 1921 1200 1959 crebro

326 1980 467 2028 poetas
502 1976 752 2026 pronuntians
789 1989 914 2027 aquae
949 1990 1073 2029 purae
1109 1977 1201 2015 dare

326 2033 584 2084 splendorem
614 2046 682 2083 pro
713 2034 768 2071 rei
798 2037 951 2080 natura,
988 2038 1030 2072 ut
1061 2048 1201 2084 graece

328 2089 476 2141 διαυγὲς
513 2093 552 2127 01
589 2089 768 2140 διαφανὲς
804 2084 905 2143 ὕδωρ
959 2089 1024 2142 [cf.
1063 2090 1201 2129 Heius.

329 2146 379 2185 ad
403 2145 519 2185 Ovid.
549 2143 647 2185 Met.
673 2145 718 2185 Il.
744 2150 836 2187 365.
897 2146 955 2185 Ita
983 2148 1084 2185 bene
1115 2162 1202 2186 con-

328 2203 492 2253 iungitur
523 2203 653 2241 vitreo
685 2203 825 2249 [(11100,
863 2203 966 2254 qnod
996 2205 1121 2242 minus
1153 2204 1204 2243 ad

329 2257 497 2296 colorem
523 2259 761 2304 caeruleum,
792 2259 865 2297 sed
892 2262 1019 2310 potius
1046 2261 1093 2299 ad
1120 2261 1202 2312 pel-

328 2314 562 2353 luciditatem
579 2315 785 2354 retulerim.
812 2316 860 2356 (¹f.
875 2316 1002 2368 Heyn.
1018 2317 1201 2368 etXVagn.

328 2372 377 2409 ad
398 2372 503 2422 Virg.
527 2371 670 2423 Georg.
691 2371 758 2410 IV.
780 2376 872 2413 335.
896 2373 1030 2413 Tross.
1053 2374 1102 2413 ad
1122 2373 1203 2413 Au-

328 2442 415 2467 son.
440 2428 604 2467 Mosell.
630 2432 722 2468 418.
750 2428 883 2481 Kopp.
912 2431 963 2469 ad
986 2430 1104 2470 Mart.
1132 2430 1201 2470 Ca-

327 2484 422 2536 pell.
447 2484 474 2523 l.
501 2485 531 2536 ᾧ.
559 2488 621 2526 66.
648 2499 684 2536 p.
714 2486 823 2539 107]

386 2599 521 2637 medio
552 2598 637 2638 luci
665 2598 902 2639 meditullio.
962 2599 1095 2640 Prima
1125 2615 1203 2640 vox

329 2658 517 2706 suspecta
553 2659 636 2693 erat
666 2654 850 2703 Pricaeo,
894 2669 1008 2708 quem
1039 2662 1201 2697 secutus

331 2710 521 2756 05101111,
548 2713 691 2764 quippe
707 2713 769 2764 qui
791 2714 831 2751 in
853 2714 943 2765 ipso
964 2714 1055 2753 velit
1075 2728 1202 2753 emen-

331 2768 425 2813 dari,
450 2772 491 2806 ut
503 2767 590 2807 Lib.
606 2768 843 2821 Vll.p.484.
872 2772 1004 2810 onere's
1028 2772 1070 2810 in
1096 2773 1203 2824 ipso

329 2825 609 2864 meditullio
645 2827 819 2877 reponit.
856 2825 918 2865 Ill.
957 2840 992 2879 p.
1031 2832 1124 2868 225.
1162 2830 1205 2867 in

330 2882 438 2932 ipso
460 2884 551 2934 fere
575 2882 854 2922 medt'tullio
879 2881 948 2922 Xl.
976 2897 1011 2934 p.
1038 2889 1131 2926 804.
1162 2886 1205 2924 ἱη

331 2938 439 2988 ipso
465 2939 580 2977 aedis
603 2939 894 2978 meditullio.
945 2939 1051 2992 [Hoc
1074 2945 1204 2980 tamen

331 3007 405 3031 non
435 2995 688 3044 probzwerim.
748 2996 933 3035 Medium
958 2998 1058 3035 enim
1083 2999 1203 3037 1110(Ιί-

332 3049 489 3088 tullium
514 3051 615 3089 idem
642 3056 716 3097 est,
742 3053 845 3103 quod
871 3054 1002 3105 ipsum
1021 3054 1204 3094 meditul-

333 3105 429 3144 lium
458 3108 594 3158 yracle
619 3109 660 3146 in
685 3109 760 3148 der
784 3109 920 3156 Mitte,
952 3113 994 3148 ut
1017 3123 1089 3149 nos
1115 3111 1203 3150 dici-

332 3174 435 3208 111115,
461 3175 693 3214 quamquam
719 3165 941 3217 exemplum
964 3165 1104 3206 afferre
1128 3182 1201 3206 non

2069 753 2129 774 ar-

1261 916 1443 954 possum,
1473 902 1576 941 unde
1605 902 1704 942 haec
1735 903 1885 942 dicendi
1920 904 2016 942 ratio
2051 905 2129 942 sta·

1261 959 1440 1012 biliatur.]

1318 1016 1403 1055 Iam
1423 1017 1535 1056 scies.
1583 1017 1730 1062 Scires,
1751 1030 1851 1067 quae
1865 1013 2030 1054 Piccarti
2044 1029 2130 1054 con-

1260 1072 1406 1111 iectura
1435 1073 1471 1110 in
1504 1073 1698 1111 nonnullis
1731 1073 1818 1111 edd.
1844 1072 1998 1123 legitur,
2029 1071 2130 1110 Oud.

1260 1129 1432 1167 defendit
1456 1143 1505 1167 ex
1532 1129 1628 1167 locis
1653 1128 1767 1167 Ovid.
1793 1129 1889 1169 Met.
1917 1128 1941 1168 l.
1965 1133 2055 1170 162.
2080 1127 2131 1168 V.

1259 1189 1324 1226 23.
1340 1185 1444 1224 Vell.
1455 1185 1499 1224 ll.
1510 1190 1576 1227 80.
1591 1185 1745 1224 Petron.
1757 1189 1821 1231 91,
1836 1186 1899 1224 ubi
1915 1184 2132 1224 cf.Erhard.

1256 1247 1296 1281 et
1320 1242 1451 1282 Burni.
1511 1242 1670 1287 Sciens,
1696 1243 1799 1293 qnod
1826 1242 1995 1281 nonnulli
2021 1241 2132 1281 codd.

1258 1299 1460 1350 praebent,
1486 1299 1709 1338 necessario
1735 1304 1773 1338 ie
1798 1299 1834 1337 in
1860 1313 1900 1338 se
1925 1299 2132 1343 variantes,

1259 1356 1426 1407 probare
1457 1370 1530 1394 non
1569 1356 1738 1393 debebat
1772 1354 1978 1402 Pricaeus,
2016 1367 2134 1406 quum

1261 1412 1507 1450 durissimum
1532 1413 1601 1458 sit,
1628 1417 1717 1451 erat
1739 1411 1988 1462 subintelligi.
2047 1410 2134 1449 Nec

1260 1470 1385 1507 minus
1417 1469 1669 1507 intolerabilis
1702 1472 1763 1506 est
1793 1468 1897 1507 Oud.
1927 1468 2133 1512 sententia,

1262 1527 1324 1576 qni
1350 1526 1612 1564 coniecturali)
1639 1526 1704 1562 viri
1730 1525 1832 1563 (loeti
1857 1525 1906 1563 ad
1926 1536 2045 1575 marg.
2059 1523 2133 1562 Ed.

1260 1581 1354 1620 lunt.
1381 1586 1484 1633 post.
1509 1586 1682 1625 secutus,
1706 1583 1810 1620 scias
1835 1582 1856 1620 i.
1873 1594 1905 1619 e.
1926 1582 2133 1633 scii-epos·

1260 1640 1313 1678 ,sis
1337 1638 1518 1689 praetulit
1539 1638 1626 1677 coll.
1649 1637 1754 1677 Flor.
1768 1636 1812 1676 ll.
1832 1642 1907 1682 16„
1934 1650 2051 1688 quum
2070 1650 2134 1675 no-

1260 1699 1339 1732 tum
1370 1696 1439 1740 sit,
1472 1696 1532 1734 vel
1560 1707 1757 1746 praesens
1781 1694 1843 1732 vel
1869 1693 2136 1745 imperfectum

1261 1752 1492 1790 subiunctivi
1517 1753 1619 1804 poni.
1670 1750 1801 1802 [Alius
1826 1751 1985 1802 Apuleii
2009 1749 2134 1795 locus,

1260 1807 1324 1846 ubi
1351 1810 1451 1847 scies
1472 1808 1636 1847 futurum
1656 1807 1804 1858 legitur,
1832 1820 2064 1859 quamquam
2082 1807 2134 1845 in-

1261 1865 1398 1909 veniri,
1431 1866 1534 1916 quod
1564 1865 1704 1911 sciam,
1738 1865 1886 1915 nequit,
1918 1867 2048 1903 tamen
2072 1862 2135 1902 hic

1260 1934 1375 1966 usus,
1407 1935 1522 1971 quem
1546 1921 1609 1959 vel
1635 1920 1737 1959 Oud.
1763 1922 1957 1971 agnoscit,
1982 1933 2055 1958 1100
2078 1933 2134 1958 re-

1262 1977 1363 2027 gulis
1401 1978 1629 2017 adversatur
1664 1978 1942 2028 grauunaticis,
1978 1989 2049 2015 1100
2084 1975 2133 2015 ab

1260 2033 1442 2085 analogia
1471 2035 1632 2073 aliorum
1664 2035 1866 2072 verborum
1897 2035 2050 2072 omnino
2075 2037 2137 2071 est

1262 2090 1483 2129 destitutus.
1544 2090 1601 2130 Ita
1632 2090 1730 2128 Met.
1761 2089 1806 2128 ll.
1838 2104 1873 2142 p.
1902 2089 1965 2131 94.
1996 2088 2136 2140 legitur

1263 2147 1402 2186 credes
1417 2147 1519 2187 illos.
1557 2147 1742 2185 Futurum
1755 2160 1848 2185 vero
1863 2146 2029 2186 indicare
2041 2150 2135 2197 puto

1261 2217 1365 2249 eum,
1391 2205 1449 2242 cni
1475 2204 1525 2242 de
1549 2218 1590 2242 re
1616 2204 1784 2255 quadam
1810 2204 1954 2254 optime
1977 2216 2134 2255 persua-

1261 2273 1347 2298 sum
1362 2264 1436 2299 est.
1484 2260 1571 2299 Huc
1585 2260 1745 2305 accedit,
1768 2260 1872 2310 quod
1887 2260 2021 2298 crebro
2036 2259 2135 2298 haec

1261 2316 1425 2355 formula
1455 2318 1535 2356 iam
1565 2318 1664 2356 scies
1689 2317 1792 2369 apud
1816 2315 1961 2356 Minue.
1985 2315 2070 2355 Fel.
2094 2319 2136 2354 ut

1262 2387 1296 2413 c.
1320 2373 1447 2412 XVII.
1474 2378 1538 2414 33.
1565 2374 1763 2412 invenitur.
1821 2373 2055 2412 Accuratius
2084 2372 2136 2410 (10

1260 2429 1335 2469 hac
1359 2443 1400 2467 re
1426 2432 1487 2481 egi
1511 2430 1558 2468 nd
1585 2429 1682 2469 Met.
1709 2429 1734 2468 Ι.
1762 2443 1797 2481 p.
1824 2429 1908 2482 22]

1319 2487 1534 2540 laquearia
1545 2487 1650 2525 citro
1663 2492 1698 2526 et
1709 2486 1828 2525 ebore
1837 2491 1992 2526 cavata.
2012 2484 2135 2524 Bran-

1261 2545 1337 2582 tius
1362 2547 1492 2582 contra
1511 2556 1646 2581 omnes
1661 2542 1763 2582 Mss.
1782 2543 1941 2581 mutavit
1959 2543 2135 2587 caelata,

1260 2615 1335 2639 non
1384 2599 1636 2639 considerans
1677 2603 1872 2651 arqenteo
1914 2599 2137 2638 caelamine

1261 2657 1391 2696 statim
1406 2658 1529 2708 sequi.
1550 2691 1553 2697 ,
1578 2654 1760 2707 Intelligit
1773 2656 1873 2693 enim
1887 2659 2021 2694 auctor
2032 2658 2136 2693 tecta

1263 2728 1313 2752 ex
1337 2715 1428 2753 citro
1455 2718 1494 2752 01
1517 2714 1636 2751 ebore
1662 2713 1696 2751 in
1724 2713 1947 2750 curvitatem
1972 2710 2136 2750 formata

1263 2772 1347 2809 sive
1372 2771 1673 2814 convexitatem,
1699 2773 1740 2807 ut
1763 2770 1798 2806 in
1824 2768 1981 2820 templis
2005 2771 2046 2806 et
2067 2780 2134 2820 pa-

1263 2828 1364 2867 latiis
1397 2827 1445 2866 cf.
1476 2826 1624 2865 Lucan.
1654 2825 1704 2864 X.
1740 2829 1800 2865 12.
1834 2838 1907 2862 seu
1942 2836 2135 2863 cameram

1263 2885 1419 2922 citream
1454 2888 1493 2921 01
1529 2884 1734 2921 eburneam
1775 2885 1980 2920 arcuatam.
2029 2879 2134 2926 Quo-

1261 2941 1377 2980 modo
1399 2940 1681 2992 speluncarum
1702 2951 1883 2977 concaca
1898 2936 2071 2976 Ciceroni
2085 2935 2135 2974 de

1261 2997 1351 3036 Nat.
1370 2997 1490 3036 Deor.
1509 2996 1552 3034 ll.
1568 2999 1632 3037 39.
1659 2999 1697 3033 01
1720 3009 1825 3034 sacca
1849 3007 2031 3033 concava
2050 2992 2133 3031 Vir-

1263 3054 1352 3105 gilio
1379 3054 1478 3092 Aen.
1503 3053 1658 3094 V.677.
1692 3056 1731 3089 01
1755 3064 1975 3090 concavum
1997 3049 2136 3102 palati
2196 3064 2199 3071 ·

1260 3110 1438 3150 Lactant.
1464 3109 1513 3148 de
1538 3108 1642 3160 Opif.
1669 3111 1781 3148 c.10.
1806 3107 1871 3146 ubi
1896 3106 1944 3146 cf.
1968 3106 2133 3145 Banem.

1262 3167 1311 3208 ad
1342 3166 1372 3216 ᾧ.
1402 3169 1464 3207 17.
1524 3165 1604 3218 [1)0
1634 3164 1696 3204 1115
1726 3165 1831 3204 atriis
1862 3162 2055 3215 laqueatis
2085 3161 2128 3200 cf
