2155 3590
625 137 811 179 LIBER
841 139 891 181 V.
948 136 1073 179 CAP.
1101 135 1315 192 xxlvlll.
1783 137 1866 181 377

87 250 219 292 dolore
243 257 504 302 moerentem,
531 250 686 292 dubium
711 252 849 293 salutis
872 252 1022 304 iaoere3
1048 252 1200 306 iamque
1220 263 1289 304 per
1307 256 1533 290 cunctorum
1555 264 1624 290 ora
1639 250 1865 304 populorum

86 307 306 349 rumoribus
333 308 596 361 conviciisque
621 308 742 348 variis
768 322 920 349 omnem
944 307 1115 350 Veneris
1141 306 1323 348 familiam
1356 307 1454 346 male
1485 307 1640 357 audire,
1675 307 1774 360 quod
1800 306 1864 346 ille

85 364 236 417 quidem
262 370 447 404 montano
471 370 661 415 scortatu,
689 371 730 404 tu
754 379 849 405 vero
875 365 1026 405 marino
1052 371 1187 405 natatu
1211 361 1499 426 seoesseriltis,
1527 376 1571 402 ac
1596 376 1665 417 per
1689 363 1771 402 hoc
1786 371 1864 404 non
1889 366 1954 402 372

86 419 264 474 voluptas
288 420 387 470 ulla,
415 434 493 460 non
519 421 668 474 gratia,
695 435 772 460 non
792 422 898 475 lepos
918 422 984 462 sed
1005 421 1198 475 incompta
1224 426 1263 459 et
1281 418 1454 474 agrestia
1479 425 1518 459 et
1544 419 1702 459 horrida
1727 419 1866 459 cuncta

85 476 183 526 sint,
211 490 288 515 non
303 476 457 530 nuptiae
472 477 719 531 coniugales,
748 491 825 517 non
851 477 1044 518 amicitiae
1068 476 1252 525 sociales,
1281 490 1357 515 uon
1380 475 1542 515 liberum
1565 474 1771 525 caritates,
1799 476 1868 516 sed

84 532 254 573 enormis
280 531 449 572 zlluvz'es
474 540 513 573 et
536 533 793 587 squalentium
820 534 1052 575 foederum
1042 547 1204 574 insuave
1229 531 1439 572 fastidium.
1477 530 1586 571 Haec
1610 531 1677 571 illa
1699 531 1868 571 verbosa

84 652 261 677 merentem
281 650 318 678 G.
339 651 367 677 1.
386 651 417 678 2.
430 651 469 678 D.
487 651 601 680 Venet.
621 652 652 679 4.
698 649 839 688 spsaque
859 652 894 680 G.
909 653 939 680 2.
954 653 988 680 P.
1002 652 1040 680 D.
1054 659 1110 686 pro
1123 649 1266 687 iamque.
1312 646 1434 677 validis
1447 658 1479 684 φ.
1505 648 1546 677 ef.
1564 649 1672 676 Burm.
1691 651 1720 676 et
1735 649 1812 677 Oud.
1827 648 1869 676 ad

84 696 170 724 suet.
184 695 277 723 caes.
296 702 323 723 c.
337 696 390 724 79.
437 702 627 733 omnemque
641 697 676 724 G.
692 697 721 724 1.
736 698 764 725 2.
778 697 816 724 D.
854 703 991 733 eamque
1004 698 1039 726 0.
1086 694 1201 723 audite
1221 696 1256 724 G.
1272 697 1300 723 1.
1321 701 1341 723 a
1352 703 1392 724 m.
1406 703 1435 730 p.
1483 696 1642 720 montano
1656 695 1745 721 abest
1760 700 1780 721 a
1793 694 1830 722 R.
1845 691 1867 722 f.

84 742 262 767 :coortam
276 741 311 768 G.
324 742 356 769 2.
369 741 407 769 D.
432 743 589 768 scortata
603 741 636 770 in
650 743 687 770 G.
703 743 731 769 1.
745 749 809 770 non
825 744 873 769 est
886 742 949 770 nisi
964 749 982 769 a
996 750 1035 770 m.
1049 749 1076 770 s.
1123 743 1266 768 nactam
1280 741 1315 768 G.
1330 742 1359 769 1.
1406 738 1584 767 secesseris
1604 740 1640 767 G.
1655 739 1684 766 1.
1698 740 1728 766 2.
1742 739 1781 766 D.
1796 737 1816 767 f.
1831 739 1867 767 Ο.

82 787 112 813 et
125 785 161 814 P.
175 785 208 813 in
223 785 384 820 excerptis
398 787 502 823 Grut.;
526 787 605 814 Oud.
618 786 697 822 legit
710 786 859 814 secesst’s.
900 794 963 823 per
976 784 1059 814 haec
1073 788 1108 815 G.
1125 788 1153 815 1.
1168 788 1205 815 D.
1254 783 1439 821 voluptatis
1454 793 1483 819 p.
1517 783 1579 811 illa
1593 791 1648 818 pro
1663 781 1733 811 ulla
1748 784 1781 811 B.
1797 782 1867 811 edd.

83 832 157 859 vett.
172 833 297 864 praeter
309 831 358 858 ed.
371 833 513 865 pr.1unt.
528 832 660 860 2.Vulc.
675 833 705 860 2.
717 854 724 868 ,
749 839 804 866 pro
818 839 879 865 quo
894 834 1016 860 Gruter.
1031 834 1125 865 Susp.
1139 832 1224 859 vm.
1240 832 1290 859 12.
1305 831 1401 859 etiam
1414 830 1549 858 coniecit
1567 827 1694 857 hilara.
1740 827 1867 854 incom-

77 877 212 912 parata
227 883 282 909 pro
295 875 443 903 incomta
455 876 476 904 f.
524 874 696 904 horrenda
716 878 751 905 G.
764 878 792 904 2.
808 878 844 905 P.
857 878 896 906 D.
943 875 1066 904 eluvies
1080 877 1116 905 Β.
1135 879 1216 905 lunt.
1230 877 1259 904 1.
1273 877 1303 904 2.
1318 876 1394 903 Ald.
1404 893 1412 908 ,
1439 875 1520 909 quod
1536 874 1633 903 etiam
1645 874 1697 902 vir
1711 874 1822 901 doctus
1835 873 1869 901 in

82 927 182 955 marg.
191 921 238 949 ed.
252 920 378 949 Vicent.
393 928 482 950 meae
496 922 650 956 restituit,
677 929 760 956 quae
773 923 984 952 cumF.1.ed.
1004 930 1048 956 pr.
1062 925 1089 950 et
1104 922 1218 949 Vener.
1232 923 1263 949 2.
1278 923 1307 949 4.
1321 923 1415 949 hahet
1427 918 1567 957 glucies.
1590 921 1626 948 In
1639 922 1712 948 ceu.
1726 921 1806 947 Mss.
1820 920 1869 946 est

81 964 254 1002 ingluvies,
293 963 473 1004 foederum
487 968 557 994 edd.
571 974 681 995 omnes
693 970 769 996 vett.
784 970 814 995 et
827 969 908 996 Mss.
922 966 1084 994 viscerum
1099 967 1193 995 Vulc.
1208 960 1322 995 ‘L'sola
1335 967 1399 994 dat.
1446 964 1583 992 insuave
1602 965 1638 993 P.
1685 962 1769 991 lmec
1787 963 1822 992 F.
1836 964 1867 991 3.

83 1012 119 1039 G.
136 1012 163 1040 1.
178 1012 212 1039 Ο.
228 1018 256 1044 p.
270 1011 308 1040 R.
323 1010 343 1039 f.
359 1008 388 1040 ὃ.
411 1013 449 1040 In
462 1015 534 1040 cett.
548 1014 629 1040 Mss.
644 1015 672 1040 et
685 1013 754 1040 edd.
769 1016 845 1040 velt.
860 1016 986 1048 praeter
998 1013 1124 1041 1unt.‘.'.
1139 1011 1258 1046 legitur
1274 1009 1346 1048 laic,
1372 1011 1454 1044 quod
1471 1011 1601 1045 Sciopp.
1622 1009 1656 1038 in
1674 1010 1818 1045 Symbol.
1838 1011 1869 1037 et

82 1056 205 1085 Gruter.
218 1056 314 1090 Susp.
327 1057 414 1085 vm.
428 1058 479 1086 12.
493 1058 663 1085 emendant
676 1058 710 1086 in
723 1056 781 1086 sic.

82 1167 162 1192 ram
199 1167 292 1192 esse
329 1155 552 1206 optimorum
591 1155 704 1194 co'dd.
741 1154 946 1194 lectionem

83 1209 179 1249 Met.
198 1208 265 1248 IX.
291 1224 328 1262 p.
345 1215 435 1252 626.
461 1216 499 1250 et
523 1212 703 1264 lanificio
729 1213 947 1250 domestico

84 1266 366 1305 districtam
395 1267 683 1318 inseparabilis
707 1268 947 1306 adsistebat.-

82 1320 337 1360 ubiPricaeus
345 1336 547 1375 perperam
557 1323 785 1362 emendavit.
799 1321 946 1361 Unicus

83 1377 213 1424 locus,
239 1391 314 1428 quo
347 1379 449 1430 apud
479 1379 687 1430 Apuleium
713 1380 945 1418 constructio

83 1434 157 1473 hac
197 1435 351 1485 quidem
386 1435 663 1486 significatione
699 1438 836 1480 variat,
883 1439 947 1473 est

82 1487 180 1531 Met.
193 1490 259 1529 XI.
278 1504 316 1542 p.
331 1495 423 1532 789.
444 1505 528 1543 pro
543 1492 706 1544 foribus
719 1491 943 1544 adsistens]

138 1548 260 1600 91·αυί
299 1549 476 1588 vulneris
518 1549 664 1587 dolore
699 1554 945 1588 moerentem.

85 1602 160 1656 [lta
178 1603 370 1655 distinguo
392 1608 521 1643 contra
534 1604 758 1650 Ruhnken„
785 1606 946 1656 quicum

84 1658 170 1699 aliis
185 1661 452 1712 interpretibus
461 1665 549 1700 ante
557 1667 790 1701 moerentem
800 1675 950 1700 comma

85 1729 255 1768 ponens,
281 1717 488 1756 ablativum
515 1718 674 1758 vulnere
694 1718 742 1756 ad
763 1719 947 1758 adustum

85 1772 219 1820 refert,
256 1777 297 1812 ut
326 1780 560 1813 moerentem
596 1774 777 1813 absolute
807 1774 949 1813 dictum

87 1830 147 1868 sit.
190 1828 276 1881 Ego
303 1835 435 1869 contra
458 1836 693 1870 moerentem
718 1844 802 1869 cum
826 1831 950 1884 91·αυί

88 1886 250 1926 vulnere
264 1887 411 1926 dolore
423 1888 626 1938 coniungo,
652 1901 767 1939 quum
783 1888 950 1926 adustus

86 1945 197 1980 esset
227 1941 376 1994 Cupido
408 1957 481 1981 non
512 1944 634 1996 aravi
663 1944 842 1989 vulnere,
878 1942 952 1981 sed

87 1997 280 2051 lampadis
305 1998 393 2037 oleo
419 1999 645 2045 ebulliente,
669 2001 952 2050 verborumque

89 2054 323 2094 concinnitas
337 2055 581 2102 disturbetur,
590 2057 865 2095 simoerentem
879 2069 953 2093 non

88 2110 251 2156 habeat,
277 2124 352 2162 quo
379 2113 593 2150 accuratius
624 2111 854 2163 explicetur,
881 2112 953 2151 du-

91 2165 197 2206 bium
221 2179 313 2206 vero
339 2168 479 2208 salutis
503 2172 698 2219 sequatur.
725 2167 826 2206 Oud.
854 2180 953 2219 quae

92 2221 207 2261 suerit
236 2223 285 2260 de
316 2223 391 2262 hoc
421 2223 507 2262 loco
532 2225 736 2270 sententia,
770 2239 843 2262 non
869 2237 953 2275 per-

89 2279 264 2331 spicitur,
290 2292 405 2330 quum
430 2280 516 2331 ipse
540 2280 633 2318 nihil
657 2280 873 2333 addiderit]

143 2349 221 2388 per
235 2341 472 2376 cunctorum
487 2351 571 2376 ora.
610 2336 689 2389 [De
702 2337 776 2376 hac
788 2337 953 2376 dictione

93 2391 144 2432 cs.
169 2405 268 2442 quae
294 2392 401 2444 larga
424 2405 539 2431 manu
563 2394 720 2444 protulit
742 2393 873 2433 Burm.
903 2393 955 2432 ad

91 2446 251 2488 Anthol.
276 2447 362 2487 Lat.
389 2447 434 2487 T.
459 2448 486 2487 I.
510 2463 549 2501 p.
575 2449 685 2502 344]

151 2505 264 2558 quod
287 2505 358 2544 ille
451 2507 696 2545 secesseritis.
723 2505 956 2558 [Rarissima

93 2558 190 2600 haec
213 2564 276 2600 est
298 2562 455 2600 mutatio
481 2562 662 2600 orationis
686 2563 893 2601 indirectae
916 2562 956 2601 in

94 2619 303 2657 orationem
333 2617 533 2664 directam,
558 2619 666 2656 cuius
696 2632 793 2657 usus
829 2631 958 2669 quam-

95 2686 209 2726 quam
233 2674 354 2714 multa
371 2674 448 2713 alia
467 2688 516 2712 ex
535 2676 690 2726 optimis
708 2675 958 2727 scriptoribus

96 2729 252 2783 proferri
284 2735 450 2782 possunt
481 2731 680 2782 exempla,
717 2731 799 2769 fere
831 2732 958 2770 omnia

96 2789 222 2825 tamen
236 2786 378 2825 diversi
390 2791 481 2826 sunt
493 2788 656 2838 generis.
682 2787 830 2826 Omnes
845 2788 957 2835 enim,

98 2854 196 2893 quos
233 2843 388 2894 quidem
414 2844 548 2889 inveni,
586 2844 695 2882 locos
725 2845 778 2883 ita
811 2844 959 2883 variare

100 2897 211 2938 video
222 2929 233 2946 ‚
257 2903 298 2938 ut
309 2901 520 2951 praecedat
534 2901 775 2939 enunciatum
789 2901 959 2939 oratione

103 2953 256 3006 obliqua
295 2969 544 3009 expressum,
592 2960 779 3007 sequatur
819 2956 960 2995 deinde

101 3010 238 3056 oratio,
262 3025 375 3062 quam
389 3013 663 3060 dicunt,recta.
687 3012 735 3052 cs.
751 3012 844 3051 Tac.
860 3013 960 3052 Ann.

105 3063 152 3104 Π.
167 3070 232 3106 77.
255 3073 299 3107 at
319 3071 354 3108 si
373 3074 506 3109 teneat
522 3070 760 3116 exercitum,
783 3070 960 3121 fortuito

105 3121 147 3160 in
175 3123 312 3164 melius
340 3139 529 3167 casura.
566 3125 631 3166 An
657 3126 961 3179 festinamus.

1004 1154 1066 1194 Ill.
1107 1159 1168 1195 12.
1206 1155 1378 1206 integris
1414 1155 1556 1192 animis
1594 1152 1870 1192 diiudican-

1005 1212 1121 1251 dum.
1148 1211 1265 1250 Nam
1288 1211 1327 1248 si
1353 1210 1511 1262 Ieyatus
1531 1210 1663 1262 officii
1682 1209 1871 1247 terminos

1005 1269 1127 1307 exuit.
1153 1264 1259 1304 XVI.
1277 1270 1340 1306 22.
1369 1266 1514 1305 bellum
1539 1279 1631 1304 esse.
1666 1265 1720 1304 Ut
1744 1279 1869 1317 quon-

1005 1324 1099 1362 dam
1133 1323 1168 1362 C
1192 1323 1399 1362 Caesarem
1520 1321 1752 1374 loquitur.
1801 1319 1869 1359 IV.

1003 1382 1068 1420 40.
1095 1384 1363 1431 nepotessuos
1388 1378 1540 1416 evelli.
1660 1375 1871 1416 Falleris

1004 1437 1122 1475 enim
1149 1435 1337 1474 Seiane.
1364 1433 1514 1472 cf.1ntt.
1543 1433 1591 1472 ad
1618 1431 1870 1471 Tac.Ann.I.

1005 1496 1069 1533 36.
1094 1490 1140 1531 ll.
1166 1494 1229 1532 26.
1257 1496 1319 1532 77.
1369 1489 1435 1528 ΧΙ.
1470 1493 1532 1530 64.
1560 1489 1686 1528 Beier.
1717 1489 1768 1527 ad
1793 1487 1873 1528 Cic.

1004 1548 1156 1599 Fragm.
1184 1552 1246 1588 56.
1276 1547 1363 1600 58.]

1063 1619 1113 1644 ac
1136 1619 1212 1656 per
1237 1604 1326 1643 lzoc.
1363 1602 1494 1641 Minus
1509 1606 1612 1641 recte
1625 1601 1741 1653 vulgo
1755 1600 1872 1653 plene

1008 1662 1249 1712 distinguitur
1286 1664 1374 1699 ante
1400 1658 1625 1711 particulam
1661 1674 1722 1699 ac.
1770 1657 1872 1696 Nam

1006 1718 1179 1771 pendent
1209 1730 1334 1768 aeque
1359 1730 1404 1755 ac
1428 1729 1663 1767 praegressa
1687 1729 1709 1753 e
1734 1715 1871 1754 vocab.

1010 1775 1140 1827 quod,
1166 1778 1344 1823 erratque
1368 1771 1580 1811 Putschius
1605 1773 1640 1810 in
1667 1785 1783 1822 marg.
1809 1771 1870 1810 ed.

1009 1830 1115 1869 Colv.
1154 1830 1361 1868 coniiciens
1394 1844 1443 1867 ac
1468 1830 1518 1874 si,
1555 1827 1658 1878 quod
1694 1827 1873 1879 equidem

1008 1902 1081 1925 non
1108 1887 1301 1937 intelligo,
1336 1899 1406 1924 nec
1435 1898 1504 1936 per
1528 1886 1759 1922 sententiam
1785 1883 1874 1921 ferri

1009 1947 1161 1995 potest,
1186 1944 1218 1980 si
1245 1947 1470 1994 tamquam:
1498 1942 1615 1994 quasi
1639 1940 1838 1992 significet.

1067 2000 1251 2038 horrida.
1312 1997 1457 2050 [Quum
1493 1997 1645 2050 proprie
1681 1997 1876 2036 horridus

1012 2056 1138 2094 omnia
1162 2068 1210 2093 ea
1233 2054 1440 2106 significet,
1466 2067 1566 2106 quae
1587 2057 1716 2091 erecta
1733 2057 1823 2091 sunt
1835 2056 1877 2091 et

1010 2116 1180 2150 setarum
1205 2113 1327 2149 instar
1351 2114 1548 2162 esurgunt,
1568 2110 1811 2162 potissimum
1825 2109 1875 2147 de

1011 2169 1134 2220 spinis
1164 2171 1385 2219 usurpatur,
1418 2171 1457 2205 et
1488 2167 1660 2219 spinosis
1688 2166 1874 2217 virgultiS,

1011 2238 1111 2276 quae
1125 2224 1302 2262 eminent.
1327 2223 1480 2262 Deinde
1493 2224 1543 2261 de
1557 2224 1731 2262 omnibus
1745 2223 1875 2268 rebus,

1012 2295 1112 2333 quae
1136 2281 1302 2320 incultae
1327 2284 1367 2318 et
1385 2281 1509 2319 minus
1529 2280 1671 2318 nitidae
1691 2283 1792 2318 sunt.
1818 2277 1876 2318 lta

1012 2339 1155 2389 optime
1167 2338 1241 2375 sibi
1254 2341 1498 2389 opponuntur
1510 2333 1879 2388 apudVirg.Georg.

1009 2393 1040 2433 l.
1068 2398 1157 2435 150.
1182 2398 1233 2447 *ut
1254 2393 1362 2433 mala
1392 2393 1544 2433 culmos
1574 2393 1688 2432 Esset
1709 2392 1874 2444 robiyo,

1012 2452 1224 2504 seynisque
1243 2450 1467 2489 horreret
1483 2450 1524 2488 ire
1538 2451 1646 2489 arvis
1663 2448 1874 2489 carduus:

1010 2508 1211 2546 intereunt
1244 2511 1414 2559 seyeles5
1450 2506 1557 2546 subit
1584 2519 1732 2557 aspera
1761 2504 1875 2550 silva,

1016 2563 1273 2616 Lappaeque
1308 2562 1549 2615 tribulique.-
1592 2563 1776 2614 interque
1812 2561 1876 2599 ni-

1016 2620 1170 2659 tentia
1195 2619 1326 2659 culta
1348 2619 1507 2672 Infelix
1520 2619 1711 2658 loliumet
1722 2617 1877 2657 steriles

1017 2676 1281 2715 dominantur
1306 2689 1463 2714 avenae.
1489 2674 1579 2712 ibid.
1606 2673 1652 2712 ll.
1679 2677 1742 2714 69.
1768 2673 1872 2712 Aen.

1014 2731 1083 2771 IX.
1109 2736 1202 2772 381.
1228 2731 1340 2770 Ovid.
1366 2730 1490 2782 Epist.
1518 2743 1567 2768 ex
1591 2728 1877 2770 Pont.1.3.83.

1015 2788 1077 2827 De
1103 2787 1320 2827 hominibus
1345 2787 1450 2838 Virg.
1470 2785 1570 2826 Aen.
1584 2785 1668 2825 Vll.
1690 2789 1782 2826 746.
1808 2785 1875 2839 aL]

1072 2845 1237 2885 illuvies.
1282 2842 1441 2896 [Contra
1471 2843 1636 2881 omnium
1673 2842 1786 2883 codd.
1820 2841 1878 2880 le-

1016 2901 1181 2940 ctionem
1206 2901 1376 2938 W'ower.
1409 2903 1448 2937 et
1477 2898 1660 2938 Salmasii
1684 2899 1877 2938 coniectu-

1015 2971 1095 2996 ram
1119 2957 1287 2996 inluvies
1312 2969 1396 2994 cum
1422 2955 1523 2993 Oud.
1548 2955 1700 3001 retinui,
1733 2955 1878 3008 quippe

1018 3027 1118 3065 quae
1133 3013 1220 3051 sola
1232 3012 1476 3064 praegressis
1491 3011 1618 3049 verbis
1630 3012 1877 3063 respondeat.

1018 3069 1224 3122 Inylnvies
1254 3070 1373 3113 enim,
1406 3067 1509 3119 quod
1539 3068 1699 3120 primum
1723 3068 1877 3122 qulam,

1017 3125 1157 3165 deinde
1180 3125 1442 3165 voracitatem
1464 3125 1644 3176 designat
1666 3123 1716 3164 cf.
1738 3124 1834 3164 Met.
1847 3124 1880 3166 I.
