2155 3590
705 93 895 139 LIBER
922 91 951 137 1.

77 221 224 262 «liorem
249 217 291 261 in
321 214 510 257 convivas
532 210 540 268 Ι
561 210 739 251 aemulus
764 215 1005 249 contrane-‘nv

75 277 150 317 hus
177 271 422 315 inhaerentis
453 277 494 311 et
527 281 615 308 mea
651 267 743 321 gula
778 264 940 320 spiritus
976 257 1187 302 detinentis
1227 254 1388 297 minimo
1430 251 1559 292 minus
1593 249 1743 290 interii.

1011 87 1141 132 CAP.
1169 86 1240 133 IV.
1823 76 1879 120 23

1007 217 1028 245 e
1053 201 1203 257 gestio,
1242 196 1405 243 mollitie
1435 194 1512 236 eibi
1537 192 1727 248 glutinosi
1756 190 1880 232 sauci·
1906 192 1946 225 19

77 384 111 412 iu
125 379 296 410 convictos
310 375 461 406 aemulus
480 377 517 403 R.
538 374 560 403 f.
609 372 642 400 in
659 372 815 409 gingivas
829 367 993 398 emz'nulas
1007 365 1145 396 coriiecit
1159 363 1274 392 Heius.
1287 377 1334 382 —
1346 358 1495 388 aemulos
1508 360 1544 389 F.
1560 359 1589 385 1.
1604 359 1633 385 3.
1649 358 1684 384 G.
1698 357 1737 384 D.
1752 356 1786 383 P.
1802 358 1831 382 et
1845 355 1882 382 B.

78 432 108 458 et
121 434 231 456 omnes
245 425 314 453 edd.
328 426 405 452 vett.
419 424 547 457 praeter
558 421 641 448 lunt.
657 420 686 446 2.
704 432 741 436 —-
758 416 964 444 obtruncare
981 415 1018 442 B.
1047 415 1209 440 truncare
1221 409 1257 437 P.
1282 405 1482 435 inhaerente
1502 405 1572 434 edd.
1592 407 1621 430 et
1634 403 1733 436 Vulg.
1747 404 1780 428 ιιι
1796 397 1883 425 deli·-

78 475 176 501 nente
187 471 296 499 minus
310 471 474 498 accurate.
489 472 587 500 quum
600 463 756 493 mollities
770 470 833 490 non
848 461 1029 492 inhaereat,
1044 458 1101 486 sed
1115 456 1218 487 cibus.
1238 458 1271 482 ut
1285 453 1365 482 oud.
1380 453 1462 480 bene
1475 449 1609 479 monuit.
1629 444 1717 474 moll.
1732 443 1884 481 cz'bt'glu-

80 514 334 555 tn'nosefacibus
348 509 558 541 inhaerentis
572 510 648 539 cod.
662 510 700 537 D.
715 515 733 537 a
747 517 788 537 m.
803 516 833 542 p.
881 513 955 533 mea
966 502 1049 542 gula
1067 503 1103 531 F.
1121 503 1149 530 1.
1162 502 1193 529 3.
1208 501 1244 528 G.
1257 500 1296 527 D.
1316 505 1336 526 a
1349 506 1389 526 m.
1403 504 1432 531 p.
1453 494 1490 531 [a
1503 505 1530 524 s.
1544 503 1585 523 m.
1604 493 1672 519 mia
1684 490 1783 529 gula]
1797 491 1834 518 P.
1849 491 1885 518 Ο.

78 573 108 599 p.
122 563 157 590 iu
175 569 249 594 mea
259 558 343 597 gula
356 559 378 587 f.
400 560 436 586 ln
451 556 588 590 reliquis
601 554 681 583 ima.

705 554 819 582 Heius.
839 551 976 580 coniecit
991 557 1066 576 mea
1081 551 1117 576 tu
1127 544 1246 585 gulae,
1270 550 1369 579 quam
1386 542 1608 571 coniecturam
1621 539 1701 567 Oud.
1720 536 1887 568 confirmat

78 607 250 638 Luean.V.
267 604 502 633 101.Prudent.
517 596 595 640 περὶ
608 609 699 633 orem.
718 600 755 627 10
766 621 773 635 ‚
793 600 841 626 18.
856 596 1053 631 6ε11.ΧΥΙΙ,
1071 595 1121 622 11.
1134 594 1172 621 In
1185 591 1254 620 cod.
1265 591 1363 618 Voss
1379 592 1407 617 et
1422 588 1537 615 u'ass.
1551 586 1590 614 D.
1608 583 1678 610 ima
1688 580 1772 619 gula
1785 580 1887 618 spiri-

81 657 150 682 tum
169 650 252 688 det„
278 649 361 685 quod
382 653 489 678 tamen
508 647 588 675 oud.
603 652 666 673 non
680 646 849 679 probatur,
875 642 1027 677 quoniam
1041 640 1142 674 Apul.
1156 639 1215 666 hoc
1233 642 1336 665 sensu
1349 634 1510 670 pluralem
1522 629 1703 666 praefera13
1727 627 1768 657 cf.
1787 627 1887 661 Apul.

79 701 118 729 de
130 697 252 727 Mundo
271 703 299 732 p.
315 695 392 724 339.
439 691 478 720 de
492 690 652 720 uiuentis
666 690 688 719 f.
703 694 732 718 et
746 690 782 718 P.
808 686 1001 715 distinentis
1013 686 1050 714 F.
1065 686 1095 713 3.
1110 692 1142 719 p.

79 800 113 826 c.
145 789 210 829 39.
247 797 309 835 ap.
342 782 481 821 Graev.
514 779 636 818 Thes.
668 778 800 829 Antiq.
840 774 952 814 Tum.

79 842 166 884 XII.
190 855 227 893 p.
257 839 365 892 137]

134 899 300 938 ”melico
320 910 442 936 secus.
462 894 746 933 Diversissime
759 890 849 929 huie
868 887 956 927 loco

80 967 304 996 succurrere
324 952 534 992 studebant
546 950 631 989 Intt.
647 948 676 987 C
681 948 808 988 olvius
828 959 957 985 emen-

81 1014 165 1053 dat:
202 1011 411 1051 mordicus
440 1009 574 1049 secun·
604 1008 646 1046 in
678 1019 791 1045 conv.
829 1016 958 1042 aeum-

83 1071 157 1110 los.
194 1068 326 1107 Ioann.
351 1066 554 1105 Fontanus
591 1063 641 1102 ad
670 1061 846 1101 Macrob.
874 1059 956 1097 Sat.

82 1125 168 1166 VII.
204 1131 286 1166 15.:
325 1125 422 1163 clu-m
446 1121 644 1175 polentae
676 1122 863 1158 caseatae
894 1117 958 1153 ἰηι-

82 1183 270 1224 mordico
283 1180 462 1221 securius
477 1177 724 1231 offnlamqne
735 1188 800 1226 syr.
811 1203 820 1217 ‚
846 1171 958 1223 quasi

83 1238 406 1291 frequentativum
447 1235 499 1273 sit
535 1234 584 1271 ab
627 1231 867 1273 immor-cleo,
909 1227 959 1265 de

83 1311 163 1349 quo
188 1295 236 1335 cs.
262 1293 399 1334 Heius.
427 1291 478 1330 ad
501 1289 606 1328 Vell.
632 1287 677 1327 11.
700 1291 765 1328 87.
786 1283 958 1325 Broukh.

84 1354 136 1393 ad
158 1351 277 1403 Prop.
299 1349 362 1390 III.
385 1353 421 1389 6.
443 1352 508 1388 21.
535 1345 637 1384 Oud.
662 1344 828 1385 modico
853 1355 960 1382 secu-

83 1412 171 1451 rius
193 1407 421 1459 comprobat
450 1409 490 1443 et
514 1416 601 1442 cum
620 1402 748 1441 verbis
770 1403 960 1439 contrun-

85 1480 182 1507 care
209 1465 342 1519 yestt'o
379 1461 574 1512 coniungit
601 1459 752 1510 paullo
784 1456 963 1495 secururs

87 1524 254 1578 offulam
276 1519 558 1573 yrandiorem.
586 1515 687 1568 [Sed
705 1513 837 1557 verba,
863 1524 964 1562 quae

85 1582 302 1632 sequuntur
321 1578 363 1616 in
384 1576 572 1615 comicas
591 1572 771 1612 aemulus
796 1568 965 1608 indicare

86 1638 282 1680 videntur,
317 1633 482 1672 Lucium
518 1630 635 1673 nimia
671 1627 854 1667 aviditate
890 1625 964 1663 has

86 1694 274 1747 polentae
304 1689 448 1729 offulas
478 1688 715 1730 devorasse,
739 1683 853 1722 'unde
885 1695 962 1721 om-

87 1753 191 1792 nium
228 1749 311 1788 fere
347 1746 460 1786 codd.
500 1744 615 1783 lectio
652 1740 853 1781 retinenda
889 1742 963 1777 est.

88 1808 265 1850 Modico
295 1805 396 1844 enim
425 1816 538 1844 secus
568 1804 609 1839 ut
633 1799 730 1838 Met.
756 1796 802 1837 ll.
835 1810 872 1847 p.
899 1798 963 1836 68.

90 1871 128 1906 et
152 1878 242 1904 cum
266 1863 380 1903 dicto
404 1859 569 1900 modico
588 1870 701 1897 secus
717 1866 964 1907 proyressus

90 1920 282 1971 intelligo:
328 1930 457 1957 meam
498 1915 624 1966 ipsius
660 1910 966 1951 moderationem

89 1988 396 2030 supergressus,
444 1974 546 2011 iusto
590 1970 703 2009 nimis
740 1968 825 2005 cibo
863 1965 967 2016 cupi-

91 2036 185 2075 dior.
223 2033 267 2073 Si
299 2031 392 2083 quid
415 2027 641 2068 mutandum
665 2025 830 2064 modico
856 2023 970 2061 ocius

92 2104 245 2132 mecum
268 2086 471 2138 corrigas]

150 2147 321 2202 offulam
345 2142 473 2196 [Male
498 2140 709 2190 Bulenger.
735 2137 785 2176 de
811 2134 970 2174 Conviv.

94 2206 207 2246 Diss.
231 2201 278 2241 lI.
305 2215 336 2240 e.
366 2204 428 2240 18.
455 2212 517 2249 ap.
543 2196 685 2236 Graev.
711 2193 833 2232 Thes.
861 2190 973 2229 Tom.

94 2260 183 2302 ΧΠ.
220 2273 258 2311 p.
284 2261 377 2299 230.
416 2255 584 2309 offulam
618 2252 670 2291 de
707 2262 851 2302 genere
882 2261 975 2299 quo-

96 2320 187 2358 dam
222 2315 337 2368 panis
373 2312 546 2365 positum
576 2322 671 2349 esse
708 2307 908 2346 existimat
939 2308 978 2342 et

96 2388 167 2429 pro
211 2372 352 2412 eodem
394 2369 518 2408 fuisse
560 2365 742 2418 polentas
778 2365 973 2401 caseatas.

97 2430 205 2479 Quid
239 2429 303 2467 hic
327 2427 402 2466 sibi
435 2424 530 2463 velit
556 2423 702 2477 offula,
728 2419 976 2472 apertissime

98 2485 256 2539 elucet]

154 2546 200 2584 in
225 2543 416 2583 concinas
436 2537 627 2579 aemulus.
652 2533 876 2574 Offensioni
896 2535 979 2570 erat

99 2602 201 2642 haec
235 2599 352 2639 lectio
385 2596 490 2641 1ntt.,
529 2594 592 2646 qui
622 2594 744 2631 vir-run
774 2591 982 2641 ingenuum

100 2659 244 2699 decere
269 2658 431 2706 negant,
462 2656 541 2691 tam
565 2649 754 2689 voraciter
777 2647 888 2685 cibos
914 2645 982 2684 de-

101 2715 254 2768 glutire.
285 2711 369 2751 Sed
395 2709 501 2761 quod
525 2706 628 2746 Oud.
653 2707 756 2744 bene
780 2704 856 2741 iam
880 2715 982 2740 com-

102 2774 309 2815 memorat,
358 2766 474 2807 animi
521 2776 666 2803 caussa
713 2761 813 2800 haec
855 2759 984 2797 omnia

103 2830 328 2869 enarrantur
352 2837 376 2862 a
399 2824 565 2866 viatore,
591 2832 728 2860 omnes
754 2817 908 2855 omnino
935 2816 984 2854 ci-

104 2887 181 2926 bos
209 2885 247 2923 in
280 2880 516 2922 deversoriis
553 2879 592 2915 et
628 2889 717 2916 cum
754 2873 985 2925 quibuscun-

107 2955 185 2994 que
208 2939 432 2980 hominihus
456 2936 680 2974 devorante.
718 2929 985 2984 [constructio

108 2999 211 3038 enim
253 2994 433 3035 adiectivi
475 2991 653 3032 aemulus
695 2989 800 3027 viros
847 2986 987 3025 doctos

108 3054 229 3107 plane
259 3054 296 3092 in
326 3063 493 3090 errorem
528 3046 727 3100 perduxit,
765 3057 882 3096 quum
912 3056 988 3081 non

112 3110 423 3152 considerarent,
465 3119 583 3159 quam
619 3103 723 3144 varie
759 3101 798 3141 id
831 3103 989 3140 veteres

1013 774 1224 824 iungerent.
1240 768 1431 810 Aemulus
1445 779 1530 805 cum
1545 766 1588 803 ιή
1601 767 1639 802 et
1652 760 1798 801 Aecus.
1812 760 1889 797 iun-

1014 836 1115 869 ctum
1135 828 1318 879 probatur
1336 824 1423 864 loco
1436 821 1555 874 Apul.
1575 820 1626 860 V.
1652 833 1689 871 p.
1711 821 1826 861 371„
1850 819 1892 853 ut

1014 885 1104 924 val.
1123 885 1254 923 Flacc.
1269 882 1296 922 l.
1316 885 1409 923 663.
1431 880 1527 919 dixit
1547 882 1694 918 contra
1714 877 1894 914 ruentem

1017 943 1207 986 aemulus,
1226 939 1324 978 Sall.
1339 938 1441 977 Hist.
1460 935 1524 978 111.
1545 948 1582 986 p.
1598 937 1691 975 978.
1708 931 1809 969 cort.
1827 932 1893 982 fa-

1017 1005 1084 1040 cta
1100 997 1373 1048 consultaque
1388 996 1472 1034 eius
1485 997 1574 1032 erat
1587 989 1778 1033 aemulas,
1800 984 1893 1024 Tac.

1016 1057 1118 1095 Anu.
1155 1052 1243 1093 XII.
1271 1056 1336 1093 54.
1363 1051 1542 1090 aemulus
1573 1048 1631 1088 ad
1662 1044 1894 1085 deterrima.

1016 1112 1170 1152 Eodem
1206 1109 1322 1147 modo
1362 1105 1598 1159 perturbavit
1637 1103 1739 1142 haec
1778 1099 1896 1138 rarior

1018 1167 1252 1208 constructio
1283 1164 1370 1203 Intt.
1402 1165 1439 1202 in
1472 1162 1558 1201 loco
1585 1160 1748 1211 Septim.
1775 1157 1825 1195 de
1849 1155 1897 1194 B.

1019 1224 1083 1263 Tr.
1109 1223 1136 1262 I.
1166 1226 1242 1267 16„
1267 1222 1332 1260 ubi
1358 1220 1492 1271 optimi
1517 1217 1630 1258 codd.
1657 1216 1713 1255 St.
1736 1212 1838 1254 Gall.
1864 1226 1897 1251 s.

1018 1281 1106 1326 IX.,
1139 1279 1234 1318 Cod.
1265 1275 1382 1317 Bern.
1409 1281 1448 1314 et
1473 1276 1531 1314 St.
1557 1273 1659 1313 Gall.
1687 1270 1820 1323 oppid.
1846 1268 1899 1307 le-

1020 1342 1128 1389 gunt:
1157 1349 1245 1376 cnm
1272 1336 1452 1374 [uz-entus
1474 1332 1629 1384 partim
1648 1344 1722 1369 sua
1741 1331 1899 1379 sponte,

1020 1395 1096 1435 alii
1132 1392 1368 1444 aequalium
1410 1390 1468 1428 ad
1502 1388 1685 1441 ylariani
1727 1383 1900 1423 aemula-

1023 1454 1133 1491 tione
1162 1450 1301 1488 munia
1332 1447 1501 1486 militiae
1529 1444 1748 1497 festinant,
1786 1452 1901 1490 quem

1024 1509 1165 1547 frustra
1189 1504 1424 1544 coniecturis
1450 1503 1653 1540 tentarunt.
1699 1495 1904 1536 Sententia

1022 1566 1126 1604 enim
1157 1567 1241 1601 est:
1279 1561 1343 1599 alii
1375 1572 1449 1600 sua
1477 1561 1622 1610 sponte
1646 1555 1669 1594 i.
1696 1568 1730 1593 e.
1761 1552 1904 1604 ingenii

1025 1637 1071 1662 ac
1108 1619 1339 1660 fortitudinis
1377 1614 1539 1655 naturali
1577 1612 1747 1665 quodam
1784 1611 1904 1660 impe-

1022 1685 1063 1718 tu
1099 1692 1145 1717 ae
1181 1676 1332 1715 fervore
1370 1671 1562 1725 perducti,
1593 1669 1658 1707 alii
1694 1681 1786 1706 vero
1823 1665 1905 1717 glo-

1022 1738 1101 1776 riae
1127 1733 1321 1785 cupidine,
1346 1735 1387 1770 ut
1411 1727 1634 1781 aequalium
1660 1724 1824 1777 gloriam
1843 1735 1908 1762 ae-

1022 1789 1286 1842 mutarentur]

1083 1854 1120 1888 et
1142 1861 1231 1886 mea
1257 1845 1372 1899 qula.
1411 1842 1568 1896 [Lectio
1599 1853 1706 1885 mea,
1733 1850 1834 1889 quae
1859 1836 1908 1874 ab

1027 1906 1206 1946 omnibus
1248 1903 1377 1941 bonae
1420 1904 1537 1938 notae
1572 1896 1676 1936 Mss.
1714 1895 1909 1938 retinetur,

1027 1964 1141 2002 unice
1176 1958 1380 2012 probanda
1416 1956 1584 2001 videtur,
1619 1966 1691 1992 nec
1728 1949 1911 1989 audiendi

1029 2023 1120 2060 sunt
1161 2019 1413 2067 interpretes,
1450 2013 1516 2064 qui
1558 2023 1773 2062 pronomen
1817 2006 1914 2046 illud

1031 2085 1368 2128 supervacaneum
1397 2070 1461 2111 hic
1486 2081 1582 2108 esse
1602 2067 1803 2106 duxerunt.
1835 2062 1913 2102 Per

1032 2148 1080 2174 se
1122 2136 1327 2181 utrumque
1371 2130 1503 2180 potest
1547 2125 1653 2168 ferri,
1699 2121 1775 2161 sed
1811 2124 1916 2160 amat

1033 2188 1231 2242 Apuleius
1274 2185 1503 2238 pronomina
1544 2180 1782 2233 possessiva
1824 2178 1915 2215 sub-

1035 2245 1217 2286 stantivis
1230 2254 1442 2295 apponere,
1467 2240 1531 2278 ubi
1557 2251 1608 2277 ex
1633 2249 1736 2275 nexu
1758 2238 1915 2274 senten·

1036 2305 1173 2342 tiarum
1209 2314 1284 2339 nos
1316 2301 1363 2338 iis
1401 2296 1664 2349 supersedere
1699 2292 1916 2345 possimus.

1034 2360 1082 2400 cf.
1112 2358 1212 2398 Met.
1245 2356 1271 2396 I.
1311 2370 1347 2408 p.
1379 2358 1446 2396 29.
1478 2353 1635 2407 defletis
1673 2349 1804 2389 oculis
1836 2348 1918 2387 suis

1034 2431 1072 2470 p.
1100 2419 1165 2458 30.
1194 2415 1350 2467 faciem
1378 2425 1503 2452 suam.
1536 2408 1564 2449 l.
1589 2422 1626 2461 p.
1655 2410 1719 2449 79.
1744 2406 1826 2445 suis
1846 2417 1918 2457 pe·

1035 2473 1156 2514 dibus
1179 2470 1271 2523 ete]

1095 2528 1324 2569 detinentis.
1342 2525 1488 2578 [Quam
1514 2523 1650 2562 crebra
1673 2521 1726 2559 sit
1751 2532 1832 2557 voc.
1853 2516 1919 2557 de-

1041 2589 1171 2627 tinere
1201 2589 1240 2623 et
1266 2584 1462 2623 distinere
1486 2582 1523 2619 in
1549 2579 1653 2618 Mss.
1685 2575 1921 2629 permutatio

1041 2644 1183 2686 docent
1206 2641 1294 2680 lutt.
1318 2640 1371 2678 ad
1395 2638 1511 2677 Ovid.
1536 2635 1613 2687 Ep.
1637 2647 1688 2673 ex
1711 2632 1827 2671 Pont.
1851 2629 1920 2669 lv.

1043 2704 1107 2742 10.
1126 2703 1193 2741 67.
1214 2698 1282 2737 Dr.
1301 2696 1351 2734 ad
1375 2695 1461 2733 Liv.
1481 2694 1531 2733 V.
1551 2696 1616 2734 20.
1637 2695 1674 2732 4.
1699 2689 1923 2728 Discrlmen

1043 2771 1154 2802 roro,
1197 2754 1303 2807 quod
1339 2754 1435 2791 iuter
1470 2755 1674 2801 utrumque
1708 2743 1923 2790 intercedit,

1042 2818 1150 2853 recte
1174 2814 1227 2852 ita
1250 2806 1452 2854 constituit
1464 2807 1609 2857 Wagn.
1636 2805 1687 2845 ad
1699 2803 1807 2855 Virg.
1821 2802 1922 2841 Aen.

1043 2870 1114 2910 XI.
1135 2874 1242 2913 381„
1266 2871 1308 2905 ut
1326 2867 1507 2905 detinere
1526 2864 1578 2902 sit
1597 2861 1768 2913 aliquem
1786 2858 1924 2898 morari

1045 2931 1085 2967 et
1119 2926 1348 2978 reprimere,
1386 2922 1581 2962 distinere
1610 2932 1702 2957 vero
1734 2917 1926 2955 disiuncta

1045 2984 1272 3036 prohibere,
1309 2993 1358 3018 ne
1394 2979 1432 3017 in
1468 2990 1584 3016 unum
1620 2976 1723 3015 coire
1758 2973 1922 3025 possint.

1044 3040 1121 3081 Hic
1146 3042 1256 3090 igitur
1279 3038 1390 3075 unice
1415 3035 1598 3086 probatur
1623 3029 1869 3081 cletlvzentIs]

1102 3097 1267 3138 mim‘mo
1289 3095 1431 3134 un'nus.
1465 3090 1595 3144 [Haec
1619 3087 1801 3133 formula,
1826 3097 1928 3139 quae

1827 245 1884 288 Et
1905 250 1948 286 20
