2221 3667
233 648 275 682 50

232 871 271 906 51

299 128 354 173 48
546 129 594 171 L.
624 130 848 172 APULEII
876 130 1281 173 MADAURENSIS
1304 129 1854 172 METAMORPHOSEON

299 255 419 297 super
449 242 589 284 faeiem
620 259 745 286 meam
772 246 991 288 residentes
1016 246 1190 287 vesicam
1218 251 1466 296 exonerant,
1501 246 1626 299 quoad
1652 259 1714 286 me
1739 245 1878 286 urinae
1904 243 2109 299 spurcissi-

299 313 386 340 mae
411 300 572 342 madore
597 303 838 358 per-luerent.

855 451 1300 502 CAPUT
1393 451 1557 500 XIV.

415 583 670 628 Commodum
703 586 819 626 limen
852 592 1067 626 evaserant
1102 592 1142 625 et
1175 586 1283 625 fores
1315 585 1363 625 ad
1399 584 1607 640 pristinum
1651 591 1797 625 statum
1832 584 2015 640 integrae
2051 598 2115 626 re-

300 650 471 697 surgunt
498 643 710 698 {cardines
754 643 800 682 ad
847 642 1042 682 foramina
1083 642 1287 693 resident,
1328 649 1460 696 postes
1498 642 1545 682 ad
1583 642 1774 696 repagula
1820 642 2015 693 redeunt,
2067 641 2116 682 ad

301 699 472 740 claustra
511 700 654 755 pessuli
693 705 916 739 recurrunt.
1003 699 1061 739 At
1102 713 1176 754 ego
1219 707 1263 739 ut
1305 713 1413 739 erum
1452 699 1570 740 etiam
1614 713 1718 741 nune
1755 698 1861 739 humi
1897 698 2113 753 proiectus,

299 756 506 807 inanimis,
542 757 667 796 nudus
693 763 733 796 et
759 755 925 810 frigidus
951 763 991 797 et
1015 755 1110 796 lotio
1137 757 1320 810 perlitus,
1357 756 1470 810 quasi
1496 770 1636 797 reeens
1663 763 1775 797 utero
1801 756 1940 797 matris
1966 755 2112 807 editus,

300 814 377 854 imo
415 828 510 855 vero
536 813 834 863 semimortuus,
873 827 1011 853 verum
1043 813 1162 853 etiam
1193 813 1276 868 ipse
1307 813 1401 853 mihi
1433 813 1694 868 supervivens
1727 821 1766 854 et
1797 820 2022 868 postumus,
2050 813 2116 854 vel

301 878 408 912 certe
444 871 654 911 damnatae
690 869 768 909 iam
800 869 909 910 cruci
940 870 1171 911 candidatus
1194 869 1223 927 1:
1285 868 1405 924 Quid,
1436 871 1616 925 inquam,
1656 871 1702 911 de
1728 884 1790 911 me
1820 870 1908 922 fiet,
1947 870 2013 911 ubi
2043 870 2118 911 iste

299 978 337 1007 D.
353 985 374 1007 a
385 985 425 1008 m.
440 985 470 1012 p.
513 974 717 1013 proluerent
728 977 766 1007 Β.

390 1026 587 1050 evm-erant
599 1024 637 1052 D.
683 1021 829 1061 gradum
842 1024 881 1052 D.
928 1023 1085 1061 integrae
1093 1026 1185 1053 abest
1200 1031 1220 1052 a
1232 1025 1268 1052 B.
1283 1027 1311 1053 ei
1323 1025 1359 1053 P.
1409 1022 1566 1051 cardines
1575 1026 1610 1051 et
1613 1023 1783 1063 fnramL.
1826 1026 1943 1060 postes
1958 1026 1994 1051 et
2006 1031 2120 1061 γεραὸν.

299 1071 337 1098 L.
385 1066 538 1096 residunt
558 1069 594 1098 F.
614 1070 646 1098 3.
666 1076 770 1104 supra
788 1069 945 1104 scriptum
964 1073 1014 1098 est
1033 1071 1074 1099 ab
1094 1071 1207 1099 eadem
1227 1078 1268 1098 m.
1283 1070 1432 1104 idemque
1446 1069 1562 1098 eratin
1576 1071 1614 1098 D.
1630 1077 1651 1098 a
1663 1078 1704 1099 m.
1719 1078 1748 1105 p.
1795 1069 1943 1097 etiamne
1955 1077 1986 1106 p.
2033 1077 2122 1097 nnnc

300 1113 402 1142 etiam
424 1115 459 1142 B.
482 1114 517 1143 P.
533 1116 610 1143 Bas.
624 1115 656 1145 2.
705 1115 900 1143 eeiamnmn.
914 1115 950 1144 F.
967 1115 996 1144 1.
1017 1115 1121 1142 etiam
1136 1123 1225 1143 num·
1237 1116 1273 1144 F.
1287 1116 1317 1143 3.
1333 1117 1369 1144 G.
1383 1117 1421 1144 D.
1437 1118 1510 1143 cett.
1557 1115 1718 1143 inanimis
1738 1115 1771 1144 in
1791 1115 1942 1145 omnibus
1956 1116 2026 1144 edd.
2042 1119 2121 1144 vett.

300 1160 448 1195 equidem
467 1161 534 1196 legi
554 1165 583 1189 et
604 1162 695 1190 codd.
716 1165 846 1196 praeter
863 1162 902 1189 D.
922 1161 961 1190 R.
980 1169 1010 1196 p.
1031 1161 1071 1199 fi,
1093 1161 1148 1196 qui
1167 1163 1286 1190 habent
1302 1161 1426 1190 ismm's.
1474 1158 1582 1189 nudus
1597 1170 1660 1190 non
1674 1164 1838 1196 comparet
1852 1159 1885 1189 in
1899 1169 1930 1195 p.
1973 1155 2122 1198 perlitus

300 1214 411 1236 omnes
424 1207 495 1235 edd.
509 1210 587 1235 vett.
601 1210 633 1236 et
646 1209 727 1236 Mss.
743 1214 808 1243 per
822 1205 921 1234 littus
935 1215 972 1235 π.
1021 1207 1092 1243 ipse
1106 1209 1197 1236 abest
1214 1210 1254 1236 ab
1270 1212 1305 1240 0.
1355 1205 1439 1234 mila·
1456 1214 1519 1235 non
1540 1208 1741 1242 conspicitur
1761 1207 1795 1235 in
1809 1208 1844 1235 G.
1860 1206 1896 1236 P.
1944 1208 2057 1236 Verba
2069 1205 2124 1234 vel

298 1259 403 1286 usque
417 1250 464 1279 ad
475 1250 682 1280 candidatus
702 1255 838 1281 exulant
854 1253 886 1281 in
901 1253 936 1281 0.
951 1260 988 1281 π.
1002 1256 1031 1281 el
1045 1254 1096 1290 1)..
1111 1253 1145 1281 in
1160 1253 1256 1281 cuius
1270 1259 1372 1289 marg.
1386 1260 1407 1282 a
1420 1261 1460 1281 m.
1475 1261 1500 1281 s.
1515 1253 1630 1282 addita
1647 1256 1732 1282 sunt.
1782 1250 1968 1280 damnatae
1982 1254 2020 1282 G.
2035 1253 2072 1281 P.
2085 1254 2123 1282 L.

298 1298 337 1326 R.
352 1301 382 1327 et
395 1299 434 1326 D.
448 1305 469 1326 a
481 1306 522 1327 m.
536 1307 562 1327 s.
578 1297 726 1326 denatae
738 1299 774 1327 F.
790 1300 820 1327 3.
836 1296 1033 1326 declinatae
1045 1298 1081 1327 F.
1101 1300 1128 1327 1.
1142 1300 1179 1327 Β.
1194 1303 1223 1327 et
1238 1300 1308 1327 edd.
1325 1302 1403 1327 vett.
1418 1297 1549 1326 donata
1562 1298 1630 1326 iam
1645 1307 1675 1334 p.
1691 1298 1714 1328 f.
1763 1296 1802 1325 de
1815 1300 1930 1328 exulat
1943 1305 1963 1328 a
1975 1299 2012 1327 F.
2030 1299 2059 1327 1.

300 1376 483 1421 varient,
528 1377 694 1415 divertit
729 1375 936 1421 ambulat,
977 1376 1042 1414 ubi
1086 1374 1185 1414 forto

301 1432 587 1471 emendandum
614 1434 810 1472 distentus
835 1433 1029 1472 ambulat.

353 1490 601 1543 perluerent.
627 1489 732 1529 Oud.
762 1490 945 1542 reprobat
976 1490 1183 1528 lectionem

300 1545 403 1586 Elm.
414 1547 670 1599 proluerent,
691 1547 795 1598 quod
809 1548 859 1585 sit
874 1547 1014 1586 leviter
1027 1552 1185 1586 tantum

301 1605 566 1658 adsperyere,
588 1605 781 1657 perluere
806 1608 934 1643 autem
956 1609 1083 1644 totum
1104 1619 1183 1643 wia-

302 1662 511 1715 defacere.
539 1662 602 1700 De
617 1661 845 1700 confusione
858 1662 1060 1711 utriusque
1074 1674 1184 1713 prae-

301 1719 506 1771 positionis
524 1718 1024 1758 adiriiubetssurm.Aen.1.
1035 1723 1128 1758 737.
1139 1731 1185 1756 se

301 1773 1185 1827 adCaes.B.G.VI.e.21.Virg.G.111.543.al.

349 1832 437 1871 CA?
453 1832 965 1885 XlV.inte·qrae.Consulto
981 1833 1072 1871 dicit
1081 1832 1183 1871 Oud.

302 1889 377 1929 hoc
392 1891 625 1929 adiectivum
646 1890 770 1928 fuisse
790 1890 976 1933 additum,
996 1895 1037 1928 ut
1056 1900 1185 1928 osten-

303 1947 370 1986 dat
389 1947 510 2000 Apul.
532 1947 674 1986 fractas
699 1958 772 1985 non
800 1947 924 1985 fuisse
950 1947 1068 1992 fores,
1095 1947 1186 1986 licet

302 2008 410 2044 tanta
428 2006 464 2043 vi
488 2009 688 2044 reseratae
710 2007 749 2043 et
767 2007 986 2057 prostratae
1006 2005 1184 2043 fuissent.

359 2063 569 2115 repaynla
606 2061 672 2114 [cf.
699 2061 783 2100 lntt.
817 2062 866 2100 ad
890 2061 998 2100 Fest.
1025 2075 1059 2100 s.
1086 2075 1121 2100 v.
1146 2076 1186 2114 p.

304 2123 398 2161 648.
424 2119 539 2159 Lind.
564 2123 603 2157 et
627 2119 758 2159 Doed.
784 2119 883 2170 Syn.
908 2119 959 2159 V.
983 2133 1022 2171 p.
1047 2120 1161 2172 ⁶292]

363 2179 481 2216 etiam
494 2191 615 2216 nime.
632 2176 717 2215 Hoc
730 2176 1018 2215 Oud.(lefendit
1033 2191 1065 2216 c.
1076 2175 1186 2215 Colv.

305 2238 345 2273 et
369 2233 470 2273 Dav.
496 2234 545 2272 ad
564 2234 655 2273 Min.
671 2234 758 2274 Fel.
784 2238 906 2286 μία).
937 2233 1022 2272 Res
1051 2246 1187 2272 exem-

305 2290 383 2345 plis
415 2306 488 2329 non
520 2292 686 2343 indiget.
713 2304 829 2342 quum
857 2305 906 2329 ex
931 2293 1078 2329 ratione
1103 2295 1186 2329 tan-

304 2354 383 2389 tum
410 2349 554 2399 ubique
579 2349 707 2400 possit
732 2348 941 2387 diiudicari.
969 2348 1115 2401 [Hand.
1136 2348 1187 2386 ad

307 2406 479 2446 Turseli.
510 2404 555 2444 11.
586 2420 624 2457 p.
656 2409 751 2445 580.
789 2407 849 2443 cui
880 2407 1112 2444 etimmzmzc
1149 2408 1188 2443 et

305 2465 523 2503 etiamnum
548 2462 686 2501 eadem
707 2463 779 2500 diei
801 2463 1094 2513 significatione.
1115 2476 1188 2501 nec

306 2521 417 2560 aliter
440 2523 644 2571 utrumque
670 2520 741 2558 nisi
767 2519 872 2559 Mss.
896 2521 1124 2559 auctoritate
1150 2523 1189 2557 et

305 2579 416 2617 metri
437 2578 675 2616 necessitate
707 2576 873 2614 discerni
899 2590 1022 2627 posse
1048 2591 1189 2629 propo-

306 2636 410 2674 nenti
426 2646 500 2673 non
516 2635 701 2673 concedo.
717 2631 886 2672 Meliora
900 2633 1055 2672 docebit
1069 2634 1190 2673 Kritz.

310 2692 359 2732 ad
386 2691 486 2732 Sall.
513 2691 596 2730 Cat.
612 2695 702 2732 2.1.
727 2690 853 2729 Bach.
879 2690 928 2728 ad
955 2691 1065 2731 Ovid.
1089 2688 1190 2730 Met.

307 2748 337 2789 l.
361 2752 457 2789 357.
480 2748 558 2787 Alii
578 2749 688 2787 aliter
711 2747 960 2801 proponunt]

366 2806 567 2845 inanimis.
605 2805 709 2859 [Nec
740 2806 931 2844 inanimis
958 2818 1030 2843 nec
1062 2806 1191 2844 ιἠαηί-

309 2877 394 2902 mus
416 2861 505 2900 mihi
530 2867 688 2915 propter
712 2875 888 2913 sequens
912 2863 1193 2901 semimortuus

310 2919 593 2971 comprobatur.
634 2918 757 2958 Nulla
788 2921 889 2959 enim
915 2923 977 2957 est
1002 2918 1191 2970 gradatio,

310 2977 358 3022 si,
385 2977 448 3026 qui
469 2980 583 3015 antea
600 2977 675 3015 iam
702 2977 867 3015 animam
893 2977 1051 3022 efflavit,
1076 2977 1192 3014 semi·

310 3038 483 3073 mortuus
509 3034 648 3072 deinde
673 3033 821 3073 dicitur.
851 3032 938 3085 Ego
965 3034 1054 3085 lego
1076 3034 1191 3085 pari·

313 3091 403 3135 dus,
427 3102 660 3140 quamquam
677 3090 769 3128 mihi
788 3091 863 3143 ipsi
883 3105 957 3130 non
978 3090 1193 3129 satisfacio.

314 3145 545 3199 Corruptela·
553 3148 674 3186 maior
688 3147 849 3193 videtur,
865 3161 981 3199 quam
997 3160 1099 3199 quae
1117 3147 1193 3185 hoc

1243 1376 1382 1415 vocab.
1406 1376 1535 1427 possit
1559 1376 1700 1415 sanari.
1731 1374 1911 1414 Ceterum
1937 1374 2123 1426 frequens

1245 1437 1307 1471 est
1338 1434 1472 1472 inanis
1504 1437 1542 1471 et
1573 1433 1762 1472 inanimis
1791 1434 2040 1485 permutatim
2073 1431 2125 1472 cf.

1245 1490 1381 1529 Creuz.
1407 1490 1457 1528 ad
1484 1488 1564 1529 Cic.
1588 1490 1638 1528 (le
1664 1488 1714 1530 N.
1743 1489 1790 1529 D.
1816 1488 1862 1530 ll.
1883 1494 1949 1530 35.
1968 1503 2007 1542 p.
2028 1493 2125 1530 351.

1296 1548 1486 1600 perlitus.
1501 1546 1642 1585 Contra
1655 1543 1760 1586 Mss.
1774 1547 1865 1585 nihil
1885 1548 2124 1592 mutaverim,

1243 1618 1479 1658 quamquam
1516 1603 1620 1643 Oud.
1659 1604 1848 1656 perlutus
1888 1604 2127 1656 praetulerit,

1245 1664 1335 1714 quia
1350 1663 1506 1714 perlim‘
1529 1661 1672 1700 rectius
1693 1662 1852 1707 dicatur,
1870 1663 1903 1700 si
1925 1661 1975 1700 de
1990 1675 2126 1707 coeno,

1246 1721 1344 1765 luto,
1383 1734 1516 1758 cruore
1554 1722 1593 1757 et
1629 1719 1798 1758 metallis
1842 1732 1888 1758 ac
1930 1719 2126 1757 solidioris

1244 1779 1298 1816 rei
1329 1778 1512 1816 sordibus
1549 1789 1677 1815 sermo
1708 1776 1791 1821 fiat,
1827 1776 1878 1816 cf.
1909 1775 2046 1816 Heius.
2076 1775 2128 1814 ad

1246 1834 1364 1874 Ovid.
1396 1836 1480 1874 Art.
1505 1833 1569 1873 111.
1596 1836 1691 1873 232.
1715 1833 1848 1872 Burin.
1873 1833 1921 1872 ad
1950 1832 2055 1874 Veli.
2081 1831 2127 1872 ll.

1248 1896 1314 1932 22.
1341 1891 1441 1944 [Sed
1463 1892 1647 1943 perlitus
1678 1889 1782 1929 idem
1813 1894 1876 1928 est
1907 1891 2009 1942 quod
2032 1903 2139 1943 per-⁷

1244 1963 1425 2001 spersus.
1453 1950 1543 1999 quia
1567 1948 1660 1993 illae
1685 1961 1783 1987 anus
1811 1949 1983 1987 vesicam
2008 1961 2128 2000 super

1245 2020 1334 2045 eum
1370 2009 1629 2045 exonerantes
1670 2005 1830 2044 madore
1871 2005 2003 2044 urinae
2043 2019 2128 2058 per-

1244 2066 1485 2115 sperserant.
1516 2062 1615 2101 Eum
1639 2065 1761 2101 totum
1787 2061 2049 2102 madefactum
2068 2076 2129 2101 es-

1245 2135 1291 2159 se
1316 2135 1451 2174 praep.
1474 2134 1552 2172 per
1576 2119 1797 2172 indicatur]

1302 2179 1571 2231 supervivens.
1622 2176 1688 2229 [cf.
1725 2176 1806 2215 Sid.
1844 2176 1982 2229 Apoll.
2013 2178 2129 2230 epist.

1244 2235 1315 2275 IX.
1337 2240 1374 2276 9.
1400 2234 1522 2274 Plura
1546 2234 1730 2286 exempla
1754 2233 1861 2273 dabit
1876 2233 2010 2275 Barth.
2025 2234 2129 2274 Adv.

1245 2293 1293 2333 L.
1320 2307 1352 2332 c,
1379 2297 1417 2333 5.
1442 2306 1480 2344 p.
1507 2291 1648 2344 2341]

1305 2350 1525 2389 flammatae
1538 2350 1654 2388 cruci
1668 2350 1791 2389 cond.
1810 2348 1897 2388 Hoc
1911 2361 1960 2387 ex
1974 2349 2128 2401 optimis

1247 2411 1287 2446 et
1300 2407 1473 2458 plurimis
1494 2407 1608 2445 codd.
1627 2407 1759 2458 recepi
1781 2410 1911 2444 contra
1926 2405 2043 2451 Oud.,
2063 2406 2129 2457 qui

1249 2465 1479 2504 destinatae
1504 2462 1675 2515 praefert
1700 2463 1905 2514 explicans
1933 2467 2045 2502 certo
2069 2476 2130 2501 me

1246 2522 1455 2565 minentis,
1478 2521 1667 2559 decretae
1690 2519 1800 2565 milei,
1822 2524 1861 2559 et
1877 2523 2065 2565 statutae,
2091 2522 2131 2557 et

1250 2579 1451 2618 destinari
1480 2578 1638 2615 verbum
1665 2590 1758 2615 esse
1782 2576 1832 2616 de
1856 2578 1934 2615 reis
1961 2580 1999 2614 et
2022 2576 2130 2616 dam·

1250 2636 1351 2674 natis
1377 2635 1572 2687 proprium
1599 2634 1781 2674 ostendit.

1312 2692 1436 2731 Cruci
1451 2691 1714 2731 candidatus.
1743 2690 1800 2730 lta
1814 2692 1958 2746 optime
1980 2691 2130 2743 legitur.

1249 2749 1370 2789 Amat
1394 2749 1496 2787 enim
1533 2749 1726 2800 Apuleius
1752 2747 1923 2787 dativum
1948 2749 2130 2788 substa-n·

1250 2807 1339 2844 tivis
1354 2805 1518 2852 addere3
1534 2803 1898 2857 cf.Met.V.p.380.
1924 2805 1988 2845 De
2008 2805 2131 2844 forma

1251 2864 1473 2902 damnatae
1503 2864 1619 2902 cruci
1650 2862 1772 2902 caud.
1808 2876 1877 2913 pro
1914 2863 2131 2903 damnatus

1252 2921 1369 2959 crza-i
1382 2919 1518 2965 emal„
1533 2934 1610 2971 qua
1619 2918 1812 2972 Apuleius
1827 2921 1989 2971 saepius
2003 2920 2130 2964 utitur,

1252 2976 1300 3016 cl'.
1326 2976 1448 3015 Drak.
1473 2977 1523 3015 ad
1547 2976 1635 3016 Liv.
1658 2975 1686 3015 Ι.
1713 2979 1750 3016 9.
1775 2976 1934 3016 Walch.
1959 2977 2007 3016 ad
2035 2975 2130 3016 Tac.

1252 3034 1384 3083 Agric.
1405 3032 1751 3085 1V.p.138.139.
1777 3032 1839 3071 De
1865 3047 1962 3072 voce
1988 3033 2130 3074 camli-

1252 3091 1376 3129 dalns
1401 3090 1449 3129 cf.
1474 3090 1610 3129 Barth.
1627 3090 1731 3130 Adv.
1758 3094 1829 3136 36,
1859 3094 1923 3131 13.
1947 3104 1986 3143 p.
2009 3094 2130 3132 1653-

1252 3146 1362 3186 Cruci
1388 3148 1488 3186 enim
1519 3146 1641 3198 affigi,
1671 3161 1746 3186 non
1770 3147 1900 3187 solum
1930 3160 2129 3186 servorum
