2155 3590
730 143 909 184 LIBER
938 144 989 184 V.

1045 139 1172 183 CAP.
1202 140 1251 180 X.
1800 137 1882 182 333

105 264 310 311 vatumque
335 271 380 297 ac
405 270 474 311 per
498 255 568 296 boc
593 255 795 296 rarissimo
820 255 1016 297 Venerem
1038 268 1161 295 meam
1181 252 1414 294 recolentem
1435 251 1630 300 sustineo,
1658 249 1882 305 plerumque

105 315 278 354 detortos
304 320 342 354 et
365 314 524 353 duratos
549 312 588 351 in
613 311 776 365 lapidem
803 313 943 366 digitos
969 313 1052 353 eius
1077 310 1308 366 perfricans,
1338 307 1519 347 fomentis
1545 306 1655 346 olidis
1681 314 1720 347 et
1743 307 1883 361 pannis

105 369 270 410 sordidis
307 376 346 410 et
381 368 535 409 foetidis
572 368 913 422 cataplasmatibus
949 382 1088 409 manus
1125 374 1202 407 tam
1227 365 1411 405 delicatas
1441 363 1536 403 istas
1559 361 1566 418 Ι
1587 363 1776 412 adurens,
1812 377 1882 402 nee
1907 365 1972 398 340

107 425 243 466 uxoris
275 425 481 465 officiosam
516 424 651 464 faciem
683 425 750 464 sed
782 425 952 465 medicae
989 424 1222 464 laboriosam
1254 434 1460 476 personam
1494 419 1707 459 sustinens.
1757 418 1811 458 Et
1842 426 1882 458 tu

105 483 256 536 quidem
283 495 398 522 soror
420 481 588 531 videris,
618 494 731 533 quam
756 481 916 535 patienti
941 481 1005 520 vel
1029 480 1156 534 potius
1182 477 1316 519 servili
1342 476 1483 529 (dicam
1510 475 1612 515 euim
1637 475 1757 515 libere
1785 476 1884 528 quod

105 538 256 591 sentio)
283 538 376 578 hacc
401 538 576 591 perferas
602 537 744 576 animo.
773 535 987 577 Enimvero
1013 551 1085 590 ego
1111 548 1259 589 nequeo
1285 533 1478 574 sustinere
1504 531 1666 572 ulterius
1691 538 1768 570 tam
1794 531 1884 570 bea-

105 602 181 634 tam
208 595 404 634 fortunam
430 593 636 647 collapsam
662 592 881 647 indignae.
933 592 1159 633 Recordare
1184 591 1301 641 enim,
1331 603 1444 643 quam
1468 587 1654 642 superbe,
1683 601 1797 640 quam
1822 600 1885 626 ar-

99 730 164 758 per
176 719 257 749 haec
277 724 312 752 G.
331 724 357 750 1.
373 729 390 750 a
405 730 444 750 m.
459 730 484 750 s,
532 721 708 750 rarissimo
729 723 764 750 F.
781 723 808 749 1.
824 723 859 749 G.
878 722 903 749 1.
919 723 948 749 2‘.
968 722 1005 749 D.
1021 722 1054 748 P.
1070 722 1104 749 0.
1120 720 1139 748 f.
1156 720 1202 749 ed.
1224 728 1269 753 pr.
1290 721 1319 747 et
1336 720 1418 747 lunt.
1435 719 1463 745 2‘.
1485 718 1581 744 oren.
1606 718 1641 744 In
1663 715 1778 743 ceteris
1798 719 1887 743 extat

106 767 290 795 rarissime.
337 775 439 794 meam
462 765 540 795 l'en.
555 769 592 796 D.
641 765 946 802 cataplasmatibus
966 767 1000 793 F.
1019 767 1045 793 1.
1059 767 1089 794 3.
1110 766 1144 794 G.
1164 766 1192 793 1.
1205 766 1236 792 2.
1251 763 1288 792 Ι).
1304 765 1338 791 P.
1354 764 1387 792 Ο.
1401 771 1436 791 π.
1452 759 1479 790 δ’.
1496 770 1524 796 p.
1545 762 1593 790 ed.
1616 769 1661 795 pr.
1682 761 1807 789 vicent.
1820 761 1886 788 Ve-

106 816 168 841 net.
183 814 212 841 4.
227 813 333 841 Paris.
347 814 422 841 Bas.
440 814 467 840 1.
481 814 517 840 ln
531 813 648 841 ceteris
670 813 763 841 libris
782 815 810 839 et
831 812 900 840 edd.
921 814 968 839 est
988 809 1244 846 cataplamatis.
1292 806 1438 835 adam-es
1453 807 1474 835 f.
1494 814 1549 840 pro
1567 804 1723 833 adurens.
1771 803 1889 832 medici

107 859 141 886 G.
157 859 186 886 2.
200 859 238 886 D.
251 859 325 886 Ald.
339 859 421 886 lunt.
436 859 465 885 2.
492 855 615 883 modice
630 857 651 885 f.
666 859 746 885 lunt.
765 858 791 884 1.
806 857 886 885 ven.
902 858 930 884 4.
946 859 973 883 et
990 856 1096 883 Paris.
1111 856 1186 883 Bas.
1205 856 1230 882 1.
1268 851 1390 880 medice
1403 854 1450 881 ed.
1467 860 1512 887 pr.
1549 850 1710 878 modicam
1727 853 1756 877 et
1774 848 1838 878 lab.
1854 859 1886 883 φ.

107 901 233 930 melica
246 905 279 929 et
292 901 357 929 lab.
370 899 399 931 δ.
447 900 537 930 vides
555 904 638 931 lunt.
657 904 681 930 1.
700 902 775 930 ΑΜ.
823 899 876 927 hic
886 900 1048 938 perferas
1063 901 1187 928 Viceut.
1202 900 1313 927 Vener.
1328 900 1357 927 2.
1373 900 1402 926 4.
1421 899 1502 926 lunt.
1522 898 1549 925 ¹1.
1570 897 1674 925 Paris.
1723 894 1885 933 hor-perf.

106 948 182 983 pm.
197 948 230 976 in
244 948 389 976 Putschii
403 948 573 981 excerptis.
620 954 724 983 nequ?
739 955 792 980 pro
804 954 928 982 nequeo
941 945 1141 975 Aldin.1unt.
1152 946 1183 973 2.
1220 942 1439 980 complassam
1456 950 1511 976 pro
1526 940 1708 977 collapsam
1724 941 1888 969 G.2.P.D.

109 991 282 1020 collectam
296 994 343 1021 ed.
357 993 453 1021 Vulc.
501 990 673 1019 collectam
687 990 841 1029 indignae
860 992 956 1019 orell.
977 988 1107 1027 indigne
1121 997 1229 1017 omnes
1244 990 1333 1017 codd.
1348 991 1375 1016 et
1392 988 1460 1016 edd.

165 1103 369 1142 rarissimo
384 1102 569 1141 Venerem
584 1115 706 1140 meam
720 1101 969 1140 recolentem.

112 1157 250 1196 Contra
274 1157 317 1196 F.
333 1162 368 1197 3.
395 1171 444 1195 ex
469 1157 606 1195 ceteris
627 1157 728 1195 Mss.
756 1158 791 1194 in
818 1159 971 1194 contex-

109 1219 188 1252 tum
213 1215 438 1265 scripturam
461 1214 590 1264 recepi
616 1214 841 1256 rm·1'ssae'111⁰,
872 1223 971 1262 quae

112 1283 132 1308 a
157 1284 271 1308 manu
295 1269 549 1308 emendatriee
574 1271 609 1307 in
636 1269 750 1319 longe
767 1268 890 1305 tritius
909 1280 972 1305 ra-

111 1328 261 1365 rissime
285 1329 430 1364 mutata
460 1326 619 1363 videtur.
669 1324 837 1374 Saepius
868 1323 968 1360 enim

111 1383 183 1421 hac
229 1382 493 1420 adverbiorum
547 1380 813 1420 terminatione
858 1391 970 1416 usum

111 1439 234 1478 fuisse
247 1438 473 1490 Apuleium,
503 1437 605 1476 Oud.
628 1436 759 1475 multis
779 1435 971 1485 exemplis

113 1494 317 1539 confirmat,
339 1496 534 1547 proaeimo
559 1493 654 1532 Met.
683 1492 708 1531 l.
734 1506 769 1543 p.
797 1496 861 1532 20.
895 1505 971 1529 ma-

113 1552 243 1590 tutino
267 1550 362 1589 Met.
379 1550 428 1588 V.
452 1564 488 1601 p.
505 1553 596 1590 352.
623 1549 707 1587 Vll.
732 1563 769 1601 p.
784 1552 877 1589 492.
903 1545 972 1584 IX.

112 1621 149 1659 p.
182 1611 272 1648 600.
308 1611 399 1648 653.
449 1607 574 1645 (lubio
600 1606 694 1644 Met.
720 1604 789 1643 lx,
816 1618 852 1655 p.
879 1607 974 1644 596.

114 1666 321 1716 insperato
345 1663 440 1702 Met.
455 1661 523 1702 IX.
544 1676 580 1714 p.
597 1666 687 1704 665.
714 1661 974 1700 meritissimo.

114 1719 256 1759 Florid.
282 1719 348 1758 IV.
377 1721 437 1760 17.
463 1733 501 1770 p.
528 1723 594 1759 83.
617 1718 719 1758 Oud.
744 1717 896 1756 excitat.
923 1716 977 1754 di-

116 1781 203 1816 ctat.
229 1789 300 1815 sua
324 1776 374 1814 ad
399 1775 510 1814 Caes.
537 1775 582 1814 B.
609 1775 654 1813 G.
670 1774 712 1812 ll.
734 1780 769 1814 Ιι.
786 1777 849 1814 33.
874 1772 976 1811 Bell.

120 1832 199 1871 civ.
214 1832 242 1872 Ι.
258 1836 319 1873 19.
347 1832 497 1884 [Munk.
518 1832 564 1869 ad
581 1831 690 1870 Lact.
706 1830 851 1868 Placid.
867 1829 974 1867 Narr.

117 1889 142 1928 f.
168 1889 232 1928 lib.
257 1887 324 1928 XI.
351 1893 386 1928 4.
411 1903 448 1939 p.
470 1892 561 1929 864.
589 1886 749 1926 Taubm.
776 1886 824 1925 ad
849 1885 978 1923 Plaut.

119 1945 265 1998 CaptiV.
280 1944 343 1983 ΠΙ.
359 1949 396 1984 5.
412 1948 477 1984 67.
499 1943 653 1982 Ruhnk.
679 1943 726 1981 ad
743 1941 861 1982 Rutu.
875 1941 976 1992 Lup.

119 2015 154 2053 p.
183 2006 245 2042 11.
273 2003 326 2052 (p.
342 2004 406 2041 90.
432 1999 626 2047 Frotsch.)
653 2000 775 2037 Voss.
802 1999 850 2036 de
877 1999 978 2035 Ana.-

120 2057 195 2109 log.
220 2056 289 2096 lv,
316 2061 379 2097 19.
403 2071 441 2108 p.
467 2060 558 2096 981.
584 2055 742 2107 Eckst.]
791 2055 980 2094 Venerem

120 2113 298 2153 recolere
322 2127 394 2151 non
421 2117 482 2150 est
507 2126 627 2152 arare
647 2112 823 2164 fandum
844 2124 980 2154 meum,

120 2173 161 2208 ut
185 2169 367 2207 Floridus
393 2168 574 2220 explicat,
601 2181 716 2220 quum
740 2168 866 2206 Venas
890 2180 980 2204 nun-

121 2238 236 2278 quam
257 2229 420 2276 ponatur
432 2239 499 2277 pro
514 2224 577 2262 illa
591 2223 762 2274 corporis
775 2227 895 2274 parto,
908 2221 981 2259 sed

122 2294 313 2334 peragere
338 2286 376 2319 et
400 2280 643 2331 frequentare
675 2280 813 2318 coitum
844 2292 981 2317 meum.

122 2338 226 2378 Oud.
240 2342 435 2390 comparat
446 2337 542 2376 Met.
556 2336 641 2375 Vll.
655 2350 692 2388 p.
707 2340 797 2376 476.
818 2336 882 2374 ubi
895 2335 983 2373 vide

123 2395 229 2445 Virg.
256 2393 466 2434 G.ll.329.
493 2392 632 2432 Tibull.
660 2392 686 2431 Ι.
712 2395 747 2432 9.
774 2395 837 2433 76.
865 2390 981 2443 [ΡΙίη.

123 2449 271 2491 XXVI.
301 2454 361 2491 10.
389 2454 453 2491 60.
480 2450 561 2489 Illa
585 2450 713 2488 radice
735 2448 981 2501 (senilalt‘bas

122 2507 319 2546 inhibebit
347 2521 427 2546 mm
457 2505 582 2545 sol-am
617 2505 799 2545 Venerem
822 2505 894 2544 secl
918 2507 980 2557 af·

123 2558 981 2618 fluentiamyenitnrao.11·aG1·aeee’.÷l‹p906a'zq

123 2632 192 2672 pro
219 2619 374 2658 libidine
393 2619 573 2657 venerea
597 2618 732 2656 dicitur
768 2617 814 2656 cf.
836 2617 980 2669 Spanh.

125 2674 174 2715 ad
198 2674 268 2716 lul.
293 2674 405 2714 Caes.
432 2675 490 2713 ed.
518 2675 632 2713 franc.
659 2673 798 2713 Prenv.
829 2686 866 2726 p.
893 2673 979 2725 40.]

124 2732 284 2784 Aegroti
309 2745 397 2770 vero
421 2731 538 2783 inepti
562 2735 651 2770 sunt
674 2731 725 2770 ad
738 2731 902 2768 Veneris
926 2743 986 2768 sa-

125 2801 190 2829 cra
213 2788 444 2827 celebranda
467 2787 609 2827 Achill.
635 2786 721 2827 Tat.
745 2786 794 2825 de
820 2785 988 2839 Clitoph.

126 2848 166 2884 et
193 2843 353 2896 Leucip.
384 2845 544 2883 amorib.
573 2842 619 2882 L.
648 2841 712 2882 Vl.
744 2856 780 2894 p.
810 2846 901 2884 134.
929 2841 986 2882 νό-

127 2915 193 2949 σος
219 2898 290 2955 γάρ
318 2917 382 2952 μοι
409 2901 580 2952 ἐξαίφνης
602 2902 795 2946 ἐπέπεσεν,
826 2898 981 2938 οἶσθαδ’

128 2953 188 2997 ὅτι
209 2956 347 3010 ὑγιείας
375 2961 485 3010 χῶρις
515 2955 622 2996 οὐδέν
651 2959 749 2996 ἐστιν
770 2953 983 3008 ’.4ᾳροδίτη.

183 3015 369 3066 fomentis
389 3014 520 3053 olidis.
558 3011 618 3051 Ex
641 3011 717 3051 hoe
742 3012 827 3050 loco
853 3011 983 3050 desen-

131 3067 186 3107 dit
196 3067 299 3109 Oud.
316 3070 519 3109 lectionem
531 3068 664 3108 Horat.
679 3067 806 3119 Epist.
824 3068 850 3108 1.
867 3073 902 3109 2.
918 3072 982 3109 52.

187 3126 553 3178 cataplasmatibus.
580 3125 624 3164 Si
648 3124 779 3177 plures
793 3125 904 3165 codd.
919 3124 984 3165 ad·

1029 1099 1219 1142 (licerent,
1252 1099 1410 1136 alteram
1445 1096 1650 1135 lectionem
1684 1096 1888 1148 cataplas-

1030 1156 1145 1193 matis
1181 1154 1434 1204 praeferrem,
1472 1166 1570 1203 quae
1606 1157 1647 1190 ut
1683 1165 1780 1190 nunc
1816 1156 1890 1196 est,

1030 1211 1142 1248 docta
1172 1210 1321 1247 videtur
1358 1222 1450 1247 esse
1490 1209 1627 1246 librarii
1657 1208 1889 1255 emendatio,

1031 1266 1090 1304 cui
1104 1270 1232 1304 notum
1247 1270 1344 1310 erat,
1371 1265 1537 1315 alioquin
1557 1266 1681 1302 omnia
1700 1265 1766 1302 illa
1783 1264 1892 1302 livi-⁹

1029 1322 1296 1360 declinationis
1332 1321 1494 1372 pluralia
1532 1321 1567 1358 in
1606 1325 1673 1359 ata
1710 1323 1744 1358 iu
1782 1321 1892 1359 tertio

1030 1382 1193 1416 sextove
1220 1391 1311 1417 casu
1333 1377 1514 1415 declinari
1529 1390 1662 1427 posse,
1687 1381 1727 1414 ut
1743 1379 1893 1415 nomina

1030 1434 1226 1472 secundae
1241 1434 1505 1472 declinationis
1521 1432 1742 1471 cf.Met.Hl.
1753 1435 1894 1483 p.205.

1031 1492 1222 1530 aromatis
1234 1490 1301 1528 ΧΙ.
1316 1504 1350 1542 p.
1367 1494 1459 1530 788.
1485 1490 1655 1539 saepius.
1683 1488 1893 1540 [cs.Eckst.

1032 1547 1081 1585 ad
1106 1547 1228 1585 Voss.
1266 1547 1379 1585 Arist.
1414 1545 1456 1584 ΙΙ.
1494 1559 1532 1596 p.
1563 1548 1656 1586 936.
1692 1546 1756 1583 ubi
1786 1545 1896 1597 plura

1033 1603 1215 1654 exempla
1238 1601 1440 1654 invenies]
1487 1600 1573 1639 Nec
1604 1600 1712 1639 aliter
1737 1602 1895 1654 saepius

1035 1661 1224 1712 genitivus
1238 1660 1273 1698 in
1291 1674 1401 1698 orum
1418 1658 1599 1696 formatur
1625 1658 1670 1696 cf.
1682 1657 1894 1697 comment.

1035 1716 1083 1755 ad
1115 1716 1224 1755 Suet.
1257 1715 1340 1755 Tib.
1375 1728 1405 1754 e.
1434 1718 1496 1754 49.
1525 1713 1674 1766 [Eckst.
1701 1715 1749 1753 ad
1776 1715 1895 1754 Voss.

1035 1774 1151 1811 Arist.
1167 1772 1211 1811 ΙΙ.
1227 1786 1261 1823 p.
1278 1772 1388 1824 933]
1415 1771 1478 1809 De
1502 1772 1696 1809 sententia
1721 1770 1770 1810 cf.
1784 1771 1895 1810 Serv.

1034 1828 1083 1866 ad
1108 1829 1213 1879 Virg.
1240 1826 1567 1879 Geni-g.111.298.
1593 1832 1809 1880 turpesque
1818 1842 1898 1880 po·

1036 1886 1194 1937 dayras
1208 1886 1378 1937 respici!
1395 1897 1551 1928 curam,
1580 1897 1684 1935 quae
1697 1885 1780 1922 sine
1792 1898 1896 1936 pan-

1034 1943 1096 1980 πίε
1121 1946 1158 1979 et
1182 1940 1509 1979 medicaminibus
1532 1940 1714 1979 sordidis
1737 1953 1818 1978 non
1839 1942 1897 1993 fit.

1038 1997 1106 2035 Sil.
1140 1997 1166 2035 l.
1199 2001 1289 2037 975.
1322 2010 1501 2048 corpora
1530 1996 1660 2049 foeda
1688 1997 1897 2049 poclayra.

1038 2053 1178 2091 Totum
1206 2054 1330 2091 locum
1355 2054 1524 2090 imitatus
1549 2056 1610 2090 est
1624 2052 1758 2091 Sidon.
1773 2052 1898 2104 Epist.

1038 2108 1101 2148 ΙΙΙ.
1139 2112 1274 2149 Taceo
1307 2110 1566 2161 elziraryt'cas
1600 2123 1739 2149 manus
1770 2111 1900 2150 vmctt's

1040 2166 1377 2218 cataplasmatum
1398 2167 1548 2218 panm's
1576 2170 1781 2218 tamquam
1810 2179 1899 2206 εαιεΒ

1038 2222 1162 2261 stibus
1186 2222 1421 2274 inz·‹›l211as.]

1095 2279 1287 2317 nwdicae.
1340 2277 1466 2317 Etiam
1497 2278 1678 2316 mulieres
1709 2279 1900 2330 quaedam

1040 2340 1145 2373 erant
1167 2336 1365 2380 medicae,
1391 2348 1463 2373 nec
1481 2334 1561 2373 ulla
1579 2336 1796 2374 necessitas
1816 2348 1900 2387 per-

1040 2392 1197 2442 spicitur
1206 2422 1214 2432 .
1239 2405 1303 2430 cur
1317 2392 1472 2431 medica
1485 2404 1640 2443 semper
1653 2392 1901 2430 obstetricem

1038 2448 1179 2486 debeat
1208 2452 1340 2487 notare
1371 2449 1405 2486 in
1436 2447 1646 2499 Inscriptt.‚
1682 2452 1722 2486 ut
1759 2448 1900 2486 docent

1039 2502 1225 2556 Cangius‚
1250 2504 1516 2551 Bai-tholinus,
1543 2503 1898 2556 Fabrett.1nsc1·ipt.

1037 2575 1073 2613 p.
1090 2562 1181 2602 540.
1209 2560 1349 2599 Gorius
1364 2559 1409 2599 T.
1424 2560 1450 2600 l.
1472 2560 1568 2599 inse.
1590 2560 1791 2612 Etrusep.
1806 2565 1899 2602 404.

1039 2617 1220 2656 Mun-ator.
1245 2630 1280 2670 p.
1296 2620 1388 2658 958.
1404 2621 1439 2658 6.
1466 2617 1596 2656 Minus
1622 2630 1711 2655 vero
1738 2617 1900 2669 elegans

1039 2677 1102 2713 est
1126 2672 1227 2713 Oud.
1253 2674 1471 2712 coniectura
1495 2673 1690 2712 medicam
1722 2674 1900 2712 laborio-

1044 2744 1124 2770 sam
1138 2744 1354 2784 personam
1377 2731 1398 2769 i.
1413 2744 1448 2768 e..
1473 2743 1677 2781 personam
1697 2729 1903 2774 medentis,

1043 2790 1084 2825 ut
1113 2786 1341 2826 adiectivum
1368 2799 1435 2838 pro
1469 2787 1635 2838 genitivo
1661 2787 1828 2837 positum
1851 2787 1904 2826 sit

1042 2843 1089 2882 cf.
1115 2844 1164 2882 ad
1188 2842 1281 2882 Met.
1307 2842 1332 2881 1.
1358 2857 1394 2895 p.
1422 2846 1485 2884 63.

1099 2900 1325 2953 collapsam
1348 2900 1556 2952 indiynae.
1602 2898 1811 2952 Pei-peram
1835 2900 1901 2939 de-

1041 2956 1198 2995 fendere
1223 2956 1354 2995 studet
1379 2955 1522 2994 Florid.
1547 2954 1749 2994 lectionem
1775 2957 1901 2997 colla-

1036 3027 1116 3066 psa
1137 3016 1314 3065 fortuna
1337 3011 1525 3065 indique,
1551 3025 1651 3062 quae
1665 3013 1820 3064 indigno
1836 3015 1901 3052 ob-

1041 3070 1139 3120 tigit,
1172 3082 1287 3120 quum
1319 3081 1366 3106 ea
1396 3069 1524 3119 potius
1549 3070 1600 3107 sit
1630 3069 1838 3108 miserrima
1862 3076 1903 3109 et

1042 3125 1323 3169 aerumnabilis
1348 3128 1389 3164 ut
1402 3123 1498 3164 Met.
1510 3123 1630 3177 XLp.
1646 3129 1738 3168 755.
1758 3131 1801 3168 tu
1812 3129 1900 3179 for·
