2155 3590
705 134 893 176 LIBER
922 136 995 176 Ill.
1057 134 1184 176 CAP.
1215 135 1292 176 III.
1829 135 1912 180 15⁷

109 246 281 297 menam,
311 260 425 299 quam
450 253 637 287 cruenter
660 249 856 300 exercuit,
884 249 1041 304 impune
1066 247 1320 290 commiserit.
1369 246 1457 304 Qec
1483 261 1544 287 me
1575 248 1718 302 putetis
1743 248 1909 303 privatis

107 302 368 343 simultatibus
392 302 620 343 instinctum
646 304 734 345 odio
759 306 916 360 proprio
941 305 1110 347 saevire.
1151 304 1246 346 Sum
1271 301 1439 357 namque
1464 310 1682 344 nocturnae
1707 305 1909 345 custodiae

107 359 351 413 praefectus,
385 373 458 400 nec
487 359 528 399 in
559 359 789 401 hodiernum
822 363 939 403 credo
970 374 1203 415 quemquam
1234 360 1465 415 pervigilem
1502 357 1746 414 diligentiam
1781 373 1908 401 meam

107 415 265 469 culpare
288 429 418 470 posse.
458 415 560 456 Rem
578 416 745 470 denique
764 417 886 471 ipsam
908 426 947 458 et
965 432 1065 472 quae
1084 425 1200 458 nocte
1226 424 1336 471 gesta
1363 422 1455 456 sunt
1479 430 1567 456 cum
1593 416 1666 457 fide
1692 418 1905 471 proferam.

104 470 209 511 Nam
234 486 321 512 cum
345 473 430 512 fere
453 472 530 513 iam
557 473 674 513 tertia
699 474 834 527 vigilja
860 475 1090 528 scrupulosa
1115 473 1318 528 diligentia
1344 480 1484 514 cuncta
1511 473 1706 523 civitatis,
1734 473 1908 513 ostiatim

105 527 262 582 singula
276 529 531 569 considerans
546 529 814 571 circumirem:
836 531 1034 585 conspicio
1053 532 1171 571 istum
1189 529 1502 571 crudelissimum
1517 529 1699 570 iuvenem
1720 540 1909 570 mucrone

105 584 316 641 delstricto
347 584 491 639 passim
523 586 706 627 caedibus
736 594 965 640 operantem
996 588 1151 641 iamque
1181 587 1254 627 tris
1284 599 1450 627 numero
1483 585 1651 626 saevitia
1675 585 1759 626 eius
1784 586 1908 626 inter·
1934 590 1998 624 179

105 648 276 696 emptos,
310 649 402 683 ante
427 642 542 696 pedes
567 642 690 697 ipsius
716 644 912 697 spirantes
945 645 1070 684 adhuc
1102 643 1330 698 corporibus
1355 642 1396 682 in
1421 642 1543 682 multo
1568 642 1762 696 sanguine
1787 642 1908 697 palpi-

103 750 194 777 Nunc
206 748 327 785 legitur
339 747 473 784 edium.)
503 752 553 777 tot
573 748 724 777 caedium
742 751 779 778 B.
803 759 832 785 p.
853 754 881 779 el
902 751 972 778 edd.
993 757 1014 779 a
1033 751 1181 779 Beroald.
1203 758 1305 785 usque
1325 751 1366 778 ad
1379 750 1527 778 u'ower.
1553 750 1602 777 De
1620 749 1655 777 F.
1672 750 1700 777 1.
1722 756 1784 782 quo
1801 751 1909 776 totam

104 792 210 827 edium
230 798 342 823 extare
361 795 438 823 dicit
454 796 533 824 Oud.
553 795 586 823 in
606 797 680 824 coll.
695 795 931 831 Lindenbrogii
948 796 1032 824 nihil
1050 797 1241 824 adnotatum
1260 795 1373 831 video,
1399 795 1456 823 sed
1469 802 1542 823 cum
1553 795 1649 822 Vulc.
1664 795 1694 822 2.
1708 796 1841 828 praebet
1857 796 1910 821 tol·

104 837 264 868 caedium.
289 840 373 868 Prie.
389 841 528 869 coniecit
544 842 694 868 totarum
708 838 841 868 aedium
855 841 939 869 sicut
954 845 983 869 et
997 842 1147 870 Beroald.
1162 841 1197 869 in
1211 841 1306 869 Thes.
1321 840 1398 869 erit.
1413 841 1501 868 Tum.
1514 841 1538 868 Ι.
1553 847 1582 873 p.
1595 840 1672 867 233.
1687 839 1765 875 legit
1782 841 1834 866 tot
1846 847 1907 866 ae-

103 882 203 914 dium.
230 887 283 911 tot
293 884 424 913 m'm'um.
438 886 585 914 emendat
599 887 747 915 R'ower.
762 889 792 914 et
805 889 996 920 receperunt
1008 888 1091 914 Elm.
1106 889 1134 914 ct
1148 894 1238 920 seqq.
1287 884 1454 912 lamenam
1468 886 1504 913 G.
1522 886 1551 913 1.
1566 885 1597 913 2.
1610 885 1650 913 D.
1676 882 1786 911 lamen
1800 885 1849 914 ed.
1863 892 1909 919 pr.

103 933 264 958 cruentus
277 931 313 959 B.
339 929 429 965 (Non
440 933 542 967 male,
568 932 597 959 si
611 933 723 965 plures
742 932 832 959 codd.
852 931 1076 966 addicerent).
1124 930 1330 959 instructum
1343 931 1380 959 Β.
1396 934 1425 959 et
1441 931 1489 958 ed.
1504 929 1611 958 Paris.
1636 929 1678 958 cf.
1697 931 1771 958 Inlt.
1791 930 1833 958 ad
1848 930 1907 958 Sil.

100 976 187 1004 VIII.
206 976 283 1003 240.
302 977 371 1005 XV.
392 977 467 1005 135.
487 977 529 1004 ad
547 979 624 1005 Met.
637 977 722 1004 VIII.
743 984 773 1010 p.
793 978 869 1005 565.
909 973 1019 1012 finire
1039 985 1095 1011 pro
1115 976 1248 1004 saevire
1266 975 1288 1004 f.
1337 973 1513 1003 custodiae
1532 977 1647 1002 custos
1660 972 1865 1014 praefectus
1886 975 1907 1003 f.

101 1028 161 1048 nec
174 1020 209 1048 in
221 1018 416 1048 hodiernam
431 1019 514 1048 diem
528 1021 550 1049 f.
600 1021 785 1058 quempiam
801 1021 822 1049 f.
837 1018 865 1049 δ.
909 1020 1103 1058 percigilem
1117 1022 1231 1050 Venet.
1247 1023 1276 1050 2.
1309 1028 1434 1057 caput-e
1446 1021 1562 1049 Venet.
1574 1022 1605 1048 2.
1641 1018 1819 1056 e'nmlpare
1831 1021 1869 1049 R.
1886 1019 1907 1048 f.

101 1068 199 1093 noete
212 1067 302 1094 deest
314 1066 348 1094 in
362 1068 397 1095 G.
407 1068 437 1095 2.
451 1068 489 1095 D.
504 1074 523 1095 a
536 1075 577 1095 m.
592 1075 621 1101 p.
665 1066 843 1106 perferam
858 1068 893 1095 G.
905 1068 933 1094 1.
944 1068 974 1094 2.
988 1067 1025 1095 D.
1040 1067 1076 1095 B.
1086 1074 1116 1101 p.
1131 1063 1160 1095 δ.
1176 1070 1204 1095 et
1218 1074 1330 1095 omnes
1344 1067 1499 1095 eddselt.
1523 1067 1587 1094 Sed
1595 1064 1776 1104 proferam
1790 1065 1908 1099 reliqui

100 1118 173 1139 cum
192 1112 241 1140 ed.
260 1112 337 1140 Bas.
358 1113 387 1140 1.
406 1113 438 1141 2.
459 1112 550 1141 Colv.
598 1110 699 1147 lapsa
717 1109 896 1149 diligentia
914 1111 947 1139 in
967 1112 1049 1140 solis
1068 1115 1117 1139 est
1130 1112 1235 1140 Basil.
1254 1119 1311 1146 pro
1324 1110 1528 1148 scrupulosa
1546 1112 1629 1145 quod
1642 1111 1729 1139 unde
1737 1114 1852 1139 natum
1864 1111 1909 1139 sit

100 1156 258 1192 indagare
270 1164 404 1191 nequeo.
452 1159 577 1184 cuncta
590 1156 744 1184 m'vitatz's
757 1157 793 1185 F.
811 1158 838 1185 1.
853 1158 883 1185 3.
899 1158 935 1185 B.
949 1157 985 1185 L.
1000 1156 1021 1185 f.
1037 1157 1128 1185 Colv.
1142 1157 1238 1185 Vulc.
1253 1159 1281 1184 et
1296 1164 1365 1190 sqq.
1389 1158 1426 1184 In
1440 1159 1514 1184 cett.
1527 1160 1577 1184 est
1589 1158 1743 1184 cunctae.
1781 1154 1908 1183 circ-m·-

100 1208 170 1228 rem
189 1203 225 1229 G.
249 1203 275 1230 1.
296 1203 327 1230 2.
346 1203 386 1231 D.
406 1199 436 1230 δ.
454 1204 537 1230 lunt.
557 1204 588 1230 2.
615 1202 728 1230 Venet.
748 1203 780 1229 2.
799 1201 875 1229 Ald.
904 1203 942 1230 In
962 1204 1034 1229 cett.
1053 1200 1275 1229 circumirem.
1323 1199 1590 1228 credulissimum
1609 1202 1645 1229 L.
1673 1201 1769 1229 solito
1789 1207 1907 1229 errore.

99 1244 256 1274 diserte-to
271 1253 383 1276 omnes
398 1248 487 1276 codd.
501 1251 630 1281 praeter
643 1247 679 1275 G.
694 1248 724 1274 2.
774 1245 858 1273 treis
876 1247 925 1274 ed.
940 1246 1043 1275 Colin.
1078 1248 1147 1273 tres
1161 1247 1270 1274 w'ow.
1290 1247 1374 1274 Elm.
1395 1246 1501 1274 Scrlv.
1521 1246 1643 1274 Florid.
1663 1250 1777 1275 contra
1795 1252 1908 1275 omnes

98 1292 186 1320 codd.
201 1296 231 1320 et
244 1292 314 1320 edd.
327 1295 404 1321 vert.
451 1290 556 1318 multo
570 1294 662 1320 abest
677 1293 716 1320 ab
732 1293 766 1320 O.
798 1291 1023 1320 coniecturam
1043 1289 1116 1318 alto
1131 1295 1217 1319 recte
1231 1291 1397 1319 damnavit
1411 1291 1496 1319 Pric.

97 1392 224 1417 meam
272 1378 582 1430 qualemcunque
630 1379 889 1417 coniecturam
937 1378 973 1415 in

98 1439 208 1474 textu
231 1448 379 1487 ponere
405 1436 616 1479 audebam,
650 1435 832 1485 quoniam
858 1447 972 1486 quam

98 1491 201 1531 Mss.
225 1494 432 1544 praebent,
459 1492 573 1530 lectio
606 1491 694 1530 ferri
725 1491 868 1543 nequit.
931 1490 972 1528 Si

96 1549 232 1601 plures
246 1548 358 1587 codd.
371 1548 610 1593 addicerent.
624 1550 792 1588 omnium
805 1549 972 1587 maxime

97 1604 370 1657 praeplaceret
393 1606 582 1656 scriptura
606 1619 644 1656 p.
669 1609 709 1643 et
727 1604 773 1644 B.
800 1609 861 1644 tot
885 1619 970 1644 cae-

99 1662 211 1702 dium
242 1662 461 1709 lanienam,
493 1662 599 1713 quod
629 1662 731 1700 idem
764 1660 903 1713 legitur
934 1675 970 1712 p.

100 1722 192 1760 180.
225 1719 379 1759 habetis
413 1720 554 1772 itaque
592 1723 653 1757 tot
681 1719 874 1758 caedibus
902 1719 970 1756 im-

95 1776 265 1827 piatum.
324 1774 506 1814 Oudend.
544 1775 765 1813 emendatio
798 1779 859 1814 tot
886 1775 971 1814 ani-

96 1846 251 1872 marum
263 1832 367 1872 Mss.
387 1833 558 1884 vestigia
578 1846 652 1870 non
672 1833 847 1882 sequitur
866 1831 971 1869 ideo-

98 1901 174 1939 que
193 1893 257 1927 est
273 1889 492 1928 reiicienda.
551 1888 615 1927 De
636 1893 770 1928 tantus
783 1911 835 1916 —
851 1902 972 1941 quam

98 1944 147 1984 cs.
173 1945 291 1984 Gron.
317 1945 368 1984 ad
392 1944 479 1984 Liv.
492 1944 643 1983 XXVI.
663 1951 695 1985 1.
722 1944 754 1993 ξ.
771 1949 807 1986 3.
833 1943 969 1983 Eckst.

96 2001 146 2039 ad
173 2000 268 2042 Tac.
292 2001 450 2053 Dialog.
482 2002 532 2040 de
557 2001 668 2041 Orat.
693 2015 724 2040 c.
753 2005 788 2042 6.
814 2015 850 2052 p.
877 2004 971 2041 241.

98 2062 138 2096 et
167 2058 219 2096 de
250 2059 550 2097 commutatione
581 2057 857 2096 vocabulorum
886 2062 971 2096 tan-

98 2119 161 2154 tus
184 2118 224 2153 et
248 2120 355 2155 totns
372 2115 439 2154 Dr.
465 2115 513 2153 ad
531 2114 602 2154 Sil.
615 2113 685 2152 XI.
702 2117 796 2154 222.
820 2114 870 2151 ad
884 2113 969 2152 Liv.

97 2169 144 2210 II.
160 2174 223 2212 57.
238 2169 269 2221 ξ.
285 2175 323 2212 3.
337 2169 530 2210 Fortasse
549 2172 664 2209 etiam
683 2171 869 2221 scriptum
889 2174 972 2209 erat

99 2231 160 2266 tot
183 2229 410 2268 concivium
435 2228 636 2267 larzienam
663 2240 764 2278 quae
782 2240 860 2265 vox
884 2240 919 2266 v.
939 2239 970 2264 c.

96 2283 202 2334 apud
229 2282 391 2324 Tertuu.
413 2285 499 2323 adv.
518 2282 642 2324 Marc.
656 2283 705 2322 V.
730 2288 793 2324 17.
818 2297 856 2335 p.
879 2287 970 2324 483.

96 2339 239 2379 Roalcl.
265 2341 432 2394 legitur]

155 2402 316 2437 cuncta.
378 2397 440 2436 Ex
466 2401 561 2449 optt.
587 2397 690 2435 Mss.
717 2401 850 2435 contra
869 2396 970 2435 oud.

98 2458 138 2492 et
155 2453 291 2492 Heius.
317 2454 368 2492 ad
388 2454 588 2493 Claudi-an.
607 2454 654 2492 B.
677 2453 781 2492 Gild.
797 2457 889 2494 372.
915 2466 971 2491 re-

99 2511 197 2562 cepi,
224 2511 287 2562 qui
312 2512 414 2562 prior
437 2510 643 2549 lectionem
660 2515 832 2550 (nanctae
851 2509 968 2548 vindi-

98 2571 160 2606 cat
178 2581 228 2605 ex
246 2567 354 2618 Virg.
375 2567 423 2606 G.
444 2567 507 2606 III.
529 2571 592 2607 20.
608 2567 707 2605 Aen.
722 2566 749 2604 1.
765 2570 858 2607 233.
878 2567 968 2618 ibiq.

97 2622 228 2664 Burm.
261 2622 339 2662 Cic.
370 2637 440 2675 pro
472 2623 586 2662 Font.
616 2626 679 2669 16,
707 2627 744 2668 2,
770 2626 808 2663 9.
868 2622 970 2675 [Sed

100 2681 186 2731 quis
212 2680 383 2720 dubitat?
420 2679 635 2732 Utrumque
661 2693 731 2731 per
754 2692 802 2717 se
826 2680 970 2718 bonum

98 2749 148 2775 ex
171 2737 275 2776 Mss.
305 2741 453 2775 tantum
485 2737 714 2776 auctoritate
746 2737 887 2787 poterit
916 2735 972 2774 di-

96 2793 281 2847 iudicari]

156 2851 423 2892 circumirem.
461 2850 707 2904 [Circumire
732 2853 771 2888 et
796 2851 972 2889 circuire

98 2907 319 2958 promiscue
344 2909 380 2946 in
407 2912 500 2959 optt.
516 2907 751 2945 membranis
772 2907 888 2945 scribi
907 2920 971 2945 no-

98 2967 177 3002 tum
202 2968 275 3010 est,
300 2964 352 3002 ita
365 2968 406 3002 ut
418 2977 482 3003 res
497 2977 546 3001 ex
563 2962 797 3001 librariorum
816 2964 967 3001 arbitrio

98 3019 269 3070 pendere
301 3021 486 3059 videatur.
534 3019 583 3058 cf.
614 3019 681 3057 Dr.
712 3019 763 3057 ad
792 3019 877 3058 Liv.
903 3018 968 3058 III.

101 3079 137 3116 6.
156 3075 186 3127 §.
202 3079 239 3116 9.
259 3081 325 3118 47.
345 3076 376 3127 §.
392 3076 530 3117 2.V11.
549 3080 614 3116 34.
633 3074 665 3125 ,6.
685 3080 745 3116 15.
765 3074 897 3114 Burm.
918 3075 968 3114 ad

99 3131 208 3171 Suet.
234 3133 325 3173 Ner.
349 3137 409 3175 19.
438 3133 537 3173 Cori.
564 3132 613 3172 ad
638 3132 784 3171 Lucan.
806 3132 833 3170 Ι.
857 3131 966 3185 605]

1091 1378 1299 1417 destris-to.
1350 1375 1480 1429 [Haec
1499 1380 1646 1417 tantum
1667 1379 1858 1429 scriptura
1871 1379 1906 1417 in

1034 1434 1108 1472 boc
1139 1448 1240 1472 nexu
1271 1435 1547 1473 sententiarum
1579 1436 1732 1485 probari
1763 1438 1906 1485 potest.

1033 1490 1085 1529 Ut
1104 1491 1205 1529 enim
1222 1491 1398 1544 frondes
1417 1491 1625 1544 ‹lestrinyi
1643 1492 1666 1529 i.
1687 1504 1723 1529 e.
1744 1491 1908 1530 detrahi

1031 1548 1206 1586 dicuntur
1230 1547 1433 1586 arboribus
1441 1562 1451 1595 3
1482 1546 1529 1586 cs.
1550 1546 1636 1586 Intt.
1663 1546 1713 1586 ad
1734 1546 1842 1599 Virg.
1858 1546 1907 1587 G.

1030 1603 1077 1643 ll.
1103 1608 1215 1645 300.:
1242 1605 1294 1643 ita
1318 1605 1426 1643 ensis
1452 1603 1501 1642 de
1527 1605 1669 1655 vagina
1691 1603 1848 1642 strictus
1873 1617 1908 1644 s,

1029 1665 1174 1700 tractus
1189 1661 1406 1701 destrictus
1419 1661 1793 1712 debetpronuntiari.
1823 1659 1908 1699 Hac

1029 1721 1158 1756 tamen
1192 1718 1495 1756 commutatione
1527 1718 1564 1755 in
1590 1717 1695 1756 Mss.
1726 1717 1819 1755 nihil
1844 1721 1907 1756 est

1029 1775 1163 1813 tritius.
1213 1773 1373 1825 Optime
1388 1773 1439 1812 de
1453 1774 1676 1812 discrimine
1693 1787 1799 1813 vocc.
1815 1786 1905 1826 ege-

1030 1835 1115 1870 runt
1135 1830 1273 1883 Cuper.
1294 1830 1439 1869 Obser.
1454 1828 1522 1869 IV.
1537 1835 1574 1871 5.
1596 1830 1725 1870 Burm.
1741 1829 1905 1869 Anthol.

1030 1887 1141 1926 Tom.
1156 1887 1183 1925 I.
1204 1901 1242 1939 p.
1258 1887 1323 1928 24.
1344 1887 1427 1925 Fea
1445 1887 1495 1926 ad
1509 1886 1601 1925 Hor.
1616 1886 1693 1926 od.
1707 1886 1771 1925 ΙΙΙ.
1790 1893 1825 1927 1.
1842 1891 1905 1927 17.

1029 1943 1149 1983 Gron.
1179 1944 1231 1982 ad
1255 1943 1340 1981 Liv.
1365 1941 1534 1982 XXVII.
1563 1947 1624 1984 13.
1651 1944 1720 1982 Dr.
1751 1943 1803 1982 ad
1833 1943 1905 1982 Sil.

1028 1999 1140 2040 XVI.
1167 2004 1259 2041 528.
1291 1999 1396 2038 Duk.
1429 1999 1479 2037 ad
1503 1998 1608 2040 Flor.
1633 1999 1680 2039 II.
1705 2005 1742 2040 2.
1768 2000 1903 2039 Arntz.

1027 2057 1080 2095 ad
1098 2055 1199 2096 Plin.
1219 2055 1415 2107 Panegyr.
1429 2053 1687 2109 XXXV11.§.
1704 2061 1740 2098 2.
1755 2070 1794 2109 Ρ.
1813 2059 1903 2098 179.

1031 2113 1134 2153 Cort.
1159 2113 1209 2151 ad
1232 2113 1381 2152 Lucan.
1408 2112 1476 2152 IV.
1501 2113 1614 2166 317.]

1088 2171 1282 2210 caedibus
1313 2174 1546 2223 operantem
1588 2169 1654 2222 [cf.
1686 2170 1822 2210 Heius.
1855 2169 1906 2209 ad

1029 2225 1145 2265 ovid.
1170 2225 1269 2266 Met.
1294 2225 1400 2266 VIII.
1420 2229 1515 2267 865.
1540 2225 1697 2279 Forbig.
1721 2227 1772 2266 ad
1795 2227 1902 2279 Virg.

1031 2283 1132 2323 Aen.
1158 2281 1223 2322 ΠΙ.
1253 2286 1345 2325 136.
1370 2297 1408 2335 p.
1434 2283 1546 2336 289]

1085 2342 1288 2393 spirantes
1308 2340 1447 2380 adhuc
1461 2341 1707 2393 corporibus
1718 2341 1763 2379 in
1778 2340 1906 2381 multo

1029 2398 1230 2450 sanquine
1256 2396 1523 2448 palpitantes.
1582 2396 1676 2449 [Cur
1699 2396 1801 2435 Oud.
1831 2409 1902 2448 pro

1031 2453 1278 2506 corporibus
1301 2453 1478 2492 maluerit
1492 2454 1744 2505 pectort'bus,
1771 2466 1902 2504 quam·

1026 2522 1143 2560 quam
1157 2509 1473 2560 frequentissima
1487 2514 1550 2548 est
1563 2511 1826 2556 commutatio,
1853 2509 1902 2548 cf.

1026 2566 1096 2604 Dr.
1127 2566 1177 2605 ad
1209 2566 1278 2605 Sil.
1304 2564 1414 2605 XVI.
1441 2570 1534 2607 479.
1567 2570 1608 2605 et
1637 2566 1687 2605 ad
1717 2565 1805 2604 Liv.
1831 2565 1898 2605 Vl.

1028 2624 1132 2675 23.§.
1146 2628 1181 2664 7.
1191 2654 1201 2669 ‚
1215 2624 1370 2661 omnino
1385 2637 1458 2661 non
1472 2621 1734 2675 perspicitur]
1763 2622 1903 2662 Multo

1027 2681 1246 2733 sanquine,
1279 2693 1348 2731 pro
1381 2692 1458 2730 quo
1482 2679 1585 2717 male
1610 2678 1783 2717 nonnulli
1815 2678 1902 2718 alto

1031 2736 1262 2782 emendant,
1294 2740 1495 2787 poetarum
1524 2737 1648 2787 spirat
1681 2735 1902 2781 dictionem,

1031 2794 1094 2845 qui
1131 2793 1277 2833 melias
1312 2794 1347 2831 in
1385 2792 1524 2843 singul.
1559 2805 1685 2842 saepe
1714 2795 1902 2843 usurpant

1029 2848 1172 2888 Tibull.
1203 2849 1232 2888 I.
1259 2853 1296 2889 3.
1323 2852 1388 2890 28.
1421 2848 1491 2887 Sil.
1524 2848 1607 2887 Ital.
1639 2847 1680 2887 Il.
1707 2853 1800 2889 547.
1831 2847 1901 2888 Dr.

1028 2907 1080 2945 ad
1103 2906 1189 2944 Liv.
1214 2906 1265 2944 V.
1285 2909 1348 2945 26.
1375 2906 1404 2956 §.
1422 2910 1456 2946 6.
1482 2903 1634 2944 XXXI.
1652 2909 1685 2945 1.
1709 2905 1795 2955 §.7.
1844 2904 1901 2944 Ita

1027 2962 1198 3002 sortasse
1210 2962 1316 3013 apud
1324 2961 1481 3000 Petron.
1497 2975 1527 3000 e.
1537 2965 1605 3002 30.
1620 2974 1657 3013 p.
1668 2967 1686 3002 1
1694 2965 1758 3003 49.
1767 2961 1898 3001 Burm.

1025 3033 1076 3058 ex
1098 3019 1201 3058 Mss.
1232 3018 1447 3069 depravata
1475 3018 1644 3057 lectione
1665 3018 1901 3058 multaciam

1026 3075 1309 3115 emendandum
1336 3079 1399 3113 est
1421 3076 1549 3114 multo
1576 3076 1661 3113 otio
1685 3088 1796 3115 nunc
1833 3074 1899 3127 [ex

1027 3131 1338 3184 compendiario]
1355 3132 1627 3171 considerare.
1653 3155 1709 3161 -—-
1733 3131 1899 3185 Depal-
