2155 3590
706 135 897 176 LIBER
924 134 953 176 1.
1011 131 1140 175 GAP.
1169 132 1238 175 VI.

1822 134 1874 178 31

651 398 688 446 C
747 400 793 446 A
849 399 888 446 P
949 399 991 447 U
1048 399 1092 446 T
1194 396 1242 445 V
1253 397 1295 444 I.

181 529 287 571 Ecce
319 529 513 571 Socraten
540 529 548 586 Ι
585 531 906 572 contubernalem
937 546 1064 573 meum
1095 530 1310 585 conspicio.

70 586 271 642 palliastro
309 587 597 637 semiamictus‚
638 601 761 641 paene
798 588 898 628 alius
935 589 1069 629 lurore
1107 588 1155 628 ad
1192 587 1375 628 miseram
1414 586 1578 627 maciem
1617 587 1875 638 deformatus,

68 644 202 698 qualia
231 643 362 684 solent
391 644 574 684 fortunae
601 644 812 685 deterrima
837 645 959 699 stipes
984 645 1025 685 in
1050 644 1180 685 triviis
1206 657 1389 698 erogare.
1453 642 1569 683 Hune
1600 643 1717 683 talem
1744 657 1879 697 quam-

95 714 185 740 uam
222 700 492 741 necessarium
519 707 559 740 et
582 714 732 741 summe
765 701 966 756 cognitum
986 701 1016 757 1,
1045 708 1176 742 tamen
1207 700 1322 741 dubia
1354 706 1486 740 mente
1516 699 1674 754 propius
1708 701 1873 741 accessi.
1903 707 1945 741 29

68 714 193 807 ilem,
219 756 401 811 inquam,
430 757 482 797 mi
508 756 718 808 Socrates,
747 757 838 811 quid
863 758 992 798 istud?
1017 772 1117 812 quae
1143 758 1292 798 facies?
1323 757 1422 812 quod
1449 756 1667 811 flagitium?
1702 758 1759 797 At.
1783 771 1879 798 vero

69 813 173 854 domi
205 820 294 853 tuae
324 813 403 853 iam
434 813 597 854 defletus
628 821 666 854 et
694 814 961 854 conclamatus
988 829 1051 855 es:
1093 814 1228 855 liberis
1261 814 1339 854 tuis
1365 820 1517 854 tutores
1542 813 1697 854 iuridici
1724 814 1880 868 provin-

69 869 180 910 cialis
207 870 366 911 decreto
391 870 492 910 dati:
529 885 634 911 uxor
663 871 875 925 persolutis
908 871 1098 912 feralibus
1125 871 1265 911 officiis
1290 871 1398 911 luctu
1423 877 1462 911 et
1486 883 1667 912 moerore
1694 871 1879 911 diuturno

69 973 237 1004 Socraten
250 977 286 1005 F.
300 977 331 1005 3.
346 979 382 1006 G.
431 976 491 1014 qun·
501 975 596 1005 humi
605 975 673 1005 sed.
687 977 708 1005 f.
723 979 760 1006 D.
775 979 813 1006 R.
829 979 943 1007 U'ass.
960 979 994 1006 G.
1043 976 1153 1006 scisne·
1163 979 1200 1006 F.
1214 979 1244 1006 3.
1293 975 1407 1005 lurore
1421 985 1464 1005 ac
1483 976 1610 1005 misera
1621 977 1730 1004 macie
1743 978 1778 1005 P.
1792 977 1828 1005 B.
1850 981 1881 1006 et

69 1029 181 1051 omnes
193 1023 243 1051 ed.
257 1026 335 1051 vett.
347 1026 477 1057 praeter
487 1023 573 1051 Iunt.
585 1024 715 1059 2.pone
729 1022 819 1051 alius
832 1022 944 1059 (est-ote
957 1021 1003 1049 ad
1014 1032 1055 1051 m.
1070 1031 1113 1053 m.
1129 1024 1219 1052 colv.
1233 1025 1296 1051 Ms.
1310 1023 1445 1057 Lipsius
1459 1022 1598 1051 coniecit
1613 1021 1755 1059 poenali
1766 1021 1882 1050 lurore

68 1075 111 1094 ac
121 1074 135 1102 ,·
160 1068 290 1097 Heins.:
316 1066 476 1095 lemur-ali
498 1067 553 1095 rel
574 1066 705 1095 larvali
728 1075 764 1096 os
789 1067 915 1097 lurore.
941 1071 1083 1097 Salmas.
1103 1068 1224 1095 miram
1244 1068 1383 1095 maciem
1411 1066 1466 1102 [de
1485 1075 1548 1102 qua
1567 1068 1818 1097 commutatione
1839 1068 1880 1096 cf.

68 1113 178 1141 Burm.
192 1113 233 1141 ad
247 1113 304 1141 Ov.
317 1114 391 1142 Am.
404 1114 445 1141 11.
461 1115 512 1141 15.
530 1113 598 1148 14]
647 1111 834 1141 deterrima
849 1113 953 1150 stipes
967 1115 1002 1142 F.
1019 1115 1047 1142 1.
1063 1115 1093 1141 3.
1116 1111 1166 1148 [in
1180 1115 1210 1142 3.
1226 1117 1332 1142 tamen
1348 1121 1449 1148 marg.
1464 1117 1510 1142 est
1526 1121 1567 1141 ex
1581 1114 1694 1142 eadem
1708 1120 1804 1142 manu
1826 1111 1882 1140 de-

71 1158 217 1185 termina
231 1157 351 1194 stipes]
370 1162 400 1186 et
414 1166 526 1187 omnes
539 1159 610 1187 edd.
623 1162 700 1187 vett.
719 1157 885 1186 deterima
899 1161 934 1187 G.
950 1160 987 1186 D.
1002 1157 1191 1185 delet-mma
1205 1160 1240 1187 Β.
1289 1157 1439 1185 εἠιι-ἰιιῑῐε
1454 1160 1490 1187 G.
1539 1160 1690 1195 agnitum
1705 1160 1740 1187 F.
1758 1160 1785 1187 1.
1799 1163 1828 1187 et
1842 1160 1881 1187 D.

68 1210 88 1232 a
102 1211 143 1232 m.
158 1211 185 1232 s.
200 1203 235 1231 P.
250 1204 287 1231 B.
327 1202 560 1240 proriae-iales
575 1204 609 1231 F.
626 1204 656 1231 3.
670 1205 740 1232 D.a
754 1212 783 1238 p.
798 1211 839 1232 m.
871 1202 1083 1240 praesolatis
1096 1204 1132 1232 F.
1147 1205 1177 1231 3.
1192 1205 1229 1232 R.
1245 1212 1274 1238 p.
1290 1205 1325 1232 P.
1340 1205 1376 1232 G.
1391 1204 1428 1231 D.
1443 1205 1478 1232 B.
1492 1205 1529 1233 L.
1544 1208 1573 1232 et
1592 1204 1681 1233 editt.
1694 1209 1772 1233 vett.
1786 1211 1883 1239 prae—

70 1252 117 1277 ter
130 1249 180 1277 ed.
200 1256 248 1282 pr.
269 1252 298 1276 et
310 1249 393 1277 lunt.
408 1250 439 1276 2.
454 1250 549 1277 male.
588 1247 779 1286 ferialibus
792 1250 828 1277 F.
842 1250 872 1277 3.
889 1251 924 1277 G.
939 1250 976 1276 D.
991 1249 1028 1277 P.
1044 1250 1100 1277 W.
1114 1247 1248 1287 feralis
1263 1248 1284 1276 f.
1296 1247 1520 1287 funeralibus
1533 1251 1577 1281 Μ.
1626 1247 1786 1277 da'uturno
1800 1251 1837 1279 F.
1851 1251 1883 1278 3.

1385 528 1506 569 Humi
1543 529 1704 570 sedebat
1734 531 1879 571 scissili
1902 537 1946 571 ,28

66 1293 108 1322 D.
122 1294 158 1322 G.
172 1301 203 1328 p.
217 1293 289 1322 fio.
303 1293 386 1324 Coll.
399 1294 495 1323 voss.
510 1297 540 1322 et
555 1294 643 1322 editt.
656 1297 734 1322 vett.
750 1298 879 1328 praeter
892 1296 975 1322 lunt.
995 1295 1021 1322 Ι.
1036 1294 1111 1322 Ald.
1126 1293 1167 1322 cf.
1182 1295 1222 1322 ad
1237 1296 1314 1322 Met.
1326 1293 1412 1322 VIII.
1426 1302 1456 1328 p.
1471 1295 1547 1323 506.

126 1380 227 1420 Cn».
253 1379 321 1420 VI.
352 1381 497 1420 scissili
514 1381 754 1433 palliatum.
782 1381 846 1434 [cf.
868 1381 946 1420 Lu—

68 1438 164 1477 cian.
197 1437 300 1476 Dial.
330 1441 440 1476 mort.
473 1436 499 1476 I.
530 1451 563 1476 c.
590 1442 626 1479 2.
652 1441 784 1491 γέρων,
817 1435 946 1491 τριβώ-

65 1509 145 1534 νιον
168 1492 259 1548 ἔχων
282 1490 536 1547 πολύθυρον]

126 1552 294 1590 maciem
325 1550 467 1603 [resero
498 1551 549 1590 ad
574 1552 765 1604 pallorem
788 1553 944 1605 potissi-

65 1621 173 1647 mum
203 1611 242 1646 et
277 1609 453 1660 corporis
496 1610 741 1652 tenuitatem,
768 1622 870 1660 quae
895 1623 945 1647 ex

68 1665 182 1703 nimio
231 1677 447 1716 congressu
484 1669 523 1702 et
565 1666 764 1717 pestilenti
811 1666 945 1704 morbo

67 1734 237 1761 venereo
262 1721 328 1770 (ef.
354 1724 438 1770 35.)
465 1725 596 1760 coorta
621 1727 712 1761 erat.
739 1722 868 1761 Burm.
896 1722 946 1761 ad

69 1777 229 1817 Anthol.
266 1776 312 1816 II.
354 1792 392 1830 p.
431 1781 524 1819 501.
568 1777 698 1831 Priap.
737 1778 869 1817 XXV.
909 1784 945 1819 7.

65 1838 364 1888 confectasque
391 1848 610 1888 macerqne
630 1836 835 1888 pallidus.
883 1835 948 1874 De

70 1892 208 1931 lurore
249 1891 298 1930 cf.
337 1890 440 1931 Cort.
481 1891 533 1930 ad
572 1891 721 1932 Lucan.
764 1892 814 1931 V.
853 1895 945 1933 549.

69 1948 194 1986 Voss.
219 1947 349 1999 Etym.
374 1961 409 1987 v.
437 1948 619 1995 lurcare,
645 1949 692 1989 ad
719 1948 817 1987 Met.
844 1947 947 1988 VIII.

68 2018 106 2057 p.
134 2008 228 2045 574.
253 2005 373 2057 Apol.
398 2019 437 2057 p.
464 2005 577 2058 555]

128 2061 362 2102 deterrima.
376 2060 556 2114 [Lipsius
571 2064 734 2101 coniecit
749 2065 948 2115 fortunae

71 2118 304 2158 decer-mina
329 2131 379 2156 ex
392 2117 515 2156 Festo
539 2132 577 2171 p.
598 2123 674 2160 55:
702 2120 946 2164 decermina,

72 2187 178 2227 quae
213 2174 495 2228 decerpuntur
526 2176 750 2228 pnrqandi
788 2189 945 2215 caussa.

69 2229 279 2277 Quomodo
315 2235 443 2270 tamen
479 2231 530 2270 ad
564 2245 628 2270 res
659 2232 871 2271 vilissimas
907 2236 948 2270 et

70 2288 245 2326 abiectas
275 2289 404 2340 possit
429 2287 559 2326 referri
591 2303 664 2327 non
696 2292 859 2327 constat.
898 2289 946 2327 cf.

69 2343 197 2382 Doed.
218 2344 315 2395 Syn.
337 2343 404 2382 Vl.
424 2358 467 2396 p.
490 2347 554 2385 96.
581 2344 684 2384 Oud.
710 2345 857 2384 mavult
881 2345 948 2384 de-

65 2401 236 2440 ‘trz'mina
272 2415 296 2440 a
330 2402 562 2440 nominativo
596 2402 811 2447 detrimen,
843 2402 948 2452 quod

69 2456 211 2496 eodem
244 2457 362 2496 modo
399 2457 541 2497 dictum
576 2462 698 2510 putat,
723 2462 765 2496 ut
792 2459 948 2510 funda-

62 2522 157 2553 men
176 2518 217 2552 et
228 2514 566 2567 fundamentum,
588 2519 788 2554 tentamen
808 2518 848 2552 et
866 2519 947 2554 ten·

69 2574 286 2610 termentum
299 2571 389 2610 alia.
399 2570 483 2610 Iam
492 2570 643 2611 ›Feri-ar.
659 2570 784 2610 Elect.
798 2569 824 2610 I.
839 2585 871 2610 c.
886 2575 947 2612 19.

62 2630 175 2665 -recte
201 2628 520 2680 comprobaverat
551 2628 789 2673 deterrima,
816 2640 947 2679 quam-

61 2695 187 2734 -quam
208 2687 407 2736 fortunae
431 2685 591 2723 mutavit
623 2685 657 2723 in
681 2687 876 2737 fortuna,
905 2689 948 2723 ut

70 2740 266 2780 ablativus
306 2742 357 2779 sit
399 2753 516 2791 quem
558 2740 689 2780 dicunt
735 2740 946 2791 qualitatis.

71 2795 157 2848 Ego
176 2797 384 2849 genitivum
404 2799 550 2836 retineo
565 2800 605 2835 et
623 2798 842 2837 deterrima
857 2800 947 2851 for-

71 2857 195 2893 tunae
219 2855 446 2906 interpretor
476 2854 631 2893 infimae
654 2858 770 2893 notae
795 2858 835 2893 et
866 2868 947 2894 sor-

72 2905 188 2949 didae
223 2911 376 2949 omnino
408 2910 646 2950 condicionis
676 2923 801 2962 genus
827 2910 947 2950 homi-

71 2979 174 3013 num,
199 2967 305 3018 quod
327 2968 454 3020 stipes
479 2967 677 3019 erogando
694 2968 946 3008 miserrimam

72 3023 190 3062 vitam
214 3023 362 3077 trahit]

129 3081 340 3133 cognitam
354 3079 458 3133 [Hoc
471 3095 503 3121 c.
512 3080 615 3120 Oud.
629 3080 812 3133 praeferri
826 3080 946 3122 debet

71 3134 180 3176 alteri
197 3137 412 3189 scripturae
432 3139 630 3191 aquitani,
650 3151 752 3190 quae
771 3150 821 3177 ex
838 3139 944 3192 inge-

1005 1382 1066 1420 nio
1098 1381 1200 1420 docti
1231 1380 1369 1420 librarii
1399 1381 1573 1433 profecta
1603 1381 1753 1421 videtur
1777 1397 1883 1428 esse,

1005 1439 1150 1490 quippe
1175 1439 1234 1477 cui
1259 1442 1390 1476 notum
1416 1443 1537 1484 esset,
1564 1452 1815 1491 coquos-cere
1833 1440 1884 1479 de

1002 1496 1050 1533 iis
1075 1495 1160 1540 dici,
1187 1496 1250 1545 qui
1275 1496 1437 1547 primum
1462 1497 1570 1534 nosci
1591 1496 1784 1548 incipiunt,
1811 1511 1883 1550 ‹19-

1002 1565 1170 1591 noscere
1200 1565 1309 1596 vero,
1336 1564 1436 1602 quos
1461 1553 1496 1590 in
1523 1554 1747 1592 memoriam
1772 1554 1883 1592 nobis

1003 1622 1244 1647 revocamus
1272 1608 1320 1647 cf.
1346 1608 1414 1646 Dr.
1442 1609 1492 1648 ad
1517 1609 1603 1648 Liv.
1630 1608 1673 1647 II.
1701 1614 1766 1650 40.
1793 1610 1825 1662 §
1847 1614 1884 1650 4.

1004 1664 1105 1705 Non.
1138 1665 1261 1704 Marc.
1287 1679 1320 1704 s.
1352 1679 1386 1704 v.
1420 1679 1684 1719 coynoscere.
1740 1665 1883 1712 Quam-

1005 1735 1123 1773 quam
1147 1722 1246 1761 haec
1272 1723 1473 1761 verborum
1498 1723 1710 1762 differentia
1736 1738 1811 1762 non
1833 1725 1886 1763 ita

1006 1783 1186 1818 accurate
1210 1793 1368 1831 semper
1381 1779 1619 1825 observatur,
1646 1779 1692 1819 cf.
1707 1780 1882 1831 Hotting.

1007 1836 1058 1875 ad
1089 1834 1166 1875 Cic.
1199 1836 1278 1876 Ecl.
1310 1850 1349 1888 p.
1382 1840 1448 1876 48.
1481 1841 1520 1875 et
1549 1835 1670 1875 Kritz.
1704 1837 1753 1876 ad
1785 1837 1883 1876 Sall.

1008 1896 1080 1938 47,
1107 1896 1143 1934 3.
1170 1896 1209 1931 et
1234 1906 1334 1943 quos
1360 1894 1502 1932 excitat
1526 1892 1681 1944 Forbig.
1709 1894 1759 1932 ad
1778 1893 1884 1945 Virg.

1008 1949 1104 1988 Buc.
1122 1948 1190 1988 lv,
1219 1953 1283 1990 60.
1310 1964 1346 2002 p.
1369 1953 1433 1990 93.
1465 1949 1631 1996 Quoties
1658 1963 1886 2003 aquoso-ere

1005 2010 1047 2044 et
1078 2019 1328 2058 coynoscere
1352 2020 1375 2044 a
1406 2006 1566 2045 librariis
1591 2011 1884 2052 commutentur.

1007 2062 1220 2101 docuerunt
1262 2062 1391 2102 Burm.
1436 2062 1486 2102 ad
1534 2062 1648 2102 ovid.
1692 2063 1788 2103 Met.
1832 2063 1884 2103 X.

1008 2122 1100 2160 719.
1139 2118 1275 2158 Heins.
1314 2119 1363 2158 ad
1399 2118 1495 2158 Met.
1528 2119 1573 2159 II.
1610 2124 1701 2160 183.
1733 2125 1774 2159 ut
1810 2122 1884 2159 nisi

1006 2189 1151 2214 sensus
1182 2180 1315 2228 aperte
1345 2175 1510 2227 flagitat,
1544 2176 1595 2215 de
1624 2181 1788 2228 utroque
1818 2191 1882 2215 vo-

1006 2233 1146 2272 cabulo
1172 2245 1221 2270 ex
1246 2233 1472 2272 auctoritate
1495 2237 1641 2272 tantum
1660 2233 1762 2274 Mss.
1790 2234 1882 2273 diiu-

1005 2288 1212 2342 dicemus]

1064 2346 1233 2400 defletus
1258 2351 1295 2385 et
1327 2347 1608 2387 conclamatas
1641 2362 1680 2387 es
1706 2348 1774 2401 [de
1806 2347 1882 2387 hoc

1006 2416 1112 2441 more
1126 2402 1173 2441 cs.
1191 2401 1350 2442 Cort.ad
1364 2402 1511 2442 Lucan.
1527 2403 1571 2443 II.
1587 2409 1699 2456 p.23.
1721 2405 1880 2443 Herald.

1006 2459 1057 2498 ad
1081 2459 1227 2498 Arnob.
1254 2459 1304 2498 V.
1329 2474 1367 2512 p.
1395 2463 1475 2501 305
1500 2474 1562 2512 sq.
1589 2461 1637 2500 cs.
1663 2462 1759 2500 infra
1784 2461 1881 2500 Met.

1006 2514 1051 2555 11.
1080 2530 1120 2568 p.
1148 2520 1240 2557 156.
1272 2515 1415 2557 Donat.
1446 2518 1496 2556 ad
1529 2516 1617 2557 Ter.
1649 2517 1745 2557 Eun.
1771 2517 1817 2558 II.
1844 2522 1880 2559 3.

1063 2630 1236 2670 iuridici
1248 2630 1438 2683 provinc.
1460 2631 1625 2671 decreto
1652 2630 1772 2684 [Oud.
1792 2646 1881 2671 con-

1007 2685 1094 2725 ferri
1119 2687 1226 2725 iubet
1248 2686 1338 2738 Dig.
1353 2686 1380 2726 I.
1406 2688 1460 2725 tit.
1487 2691 1552 2729 20.
1578 2687 1628 2726 de
1654 2688 1752 2728 offic.
1772 2689 1880 2728 iurid.

1006 2743 1070 2782 lib.
1083 2741 1111 2782 Ι.
1126 2746 1166 2781 et
1184 2741 1230 2781 11.
1261 2743 1344 2782 Sed
1368 2747 1462 2796 puto
1488 2757 1641 2783 errasse
1654 2745 1879 2798 Apuleium,

1005 2801 1070 2851 qui
1117 2813 1214 2840 suae
1260 2801 1429 2851 regionis
1482 2800 1780 2854 descriptionem
1830 2803 1880 2842 ad

1005 2856 1210 2896 Graeciam
1228 2856 1476 2896 transtulerit.
1508 2856 1570 2897 Ex
1588 2859 1757 2911 Augusti
1777 2861 1880 2898 enim

1003 2914 1176 2953 instituto
1206 2913 1417 2966 Aegyptus
1453 2927 1529 2953 non
1566 2929 1591 2954 a
1610 2920 1879 2967 procuratore,

1001 2971 1077 3010 sed
1101 2985 1125 3009 a
1142 2969 1342 3022 praesecto
1362 2970 1708 3018 administrabatur,
1733 2974 1880 3026 quippe

1001 3027 1207 3079 Augustus
1232 3026 1320 3066 huic
1337 3028 1559 3079 provinciae
1575 3033 1733 3081 propter
1749 3030 1878 3075 situm,

1001 3085 1151 3123 incolas
1177 3087 1294 3134 atque
1313 3097 1412 3136 opes
1432 3086 1598 3124 omnium
1617 3087 1770 3124 minime
1791 3101 1878 3126 con-

1001 3141 1147 3180 fideret.
1183 3139 1232 3179 cs.
1270 3140 1313 3180 fr.
1349 3144 1387 3181 2.
1427 3140 1517 3193 Dig.
1553 3141 1581 3182 Ι.
1618 3146 1684 3184 20.
1727 3143 1777 3183 de
1812 3143 1876 3184 off.
