2155 3590
724 191 914 232 LIBER
944 191 1066 232 Vlll.
1127 190 1250 230 CAP.
1281 189 1333 230 11.
1377 244 1386 251 ι
1826 187 1909 231 639

121 319 246 361 genus
282 304 384 348 viris
423 304 654 355 antistaret,
699 303 935 356 eximiisque
979 302 1208 344 muneribus
1242 306 1450 356 parentum.
1483 300 1675 341 invitaret
1706 299 1906 350 iudicium,
1934 302 1998 336 508

120 377 270 403 morum
291 369 420 401 tamen
440 358 704 416 improhaltus
724 360 904 414 repulsae
929 359 1163 400 contumelia
1183 359 1315 398 fuerat
1329 357 1556 410 adspersus.
1583 356 1645 397 Ac
1665 356 1753 397 dum
1774 355 1909 396 heri-lis

119 419 246 473 puella
281 418 319 458 in
356 417 448 457 boni
473 415 690 471 Tlepolemi
726 430 864 457 manus
898 422 1084 467 venerat,
1123 414 1287 455 firmiter
1311 413 1474 453 deorsus
1507 412 1704 466 delapsum
1730 412 1909 452 nutriens

117 546 245 575 videtur
257 552 330 573 esse
343 543 373 572 is
383 551 506 582 genere
519 538 621 580 iuris)
636 545 673 572 G.
685 545 717 573 2.
730 545 769 572 D.
783 544 873 573 Colv.
887 546 917 572 et
930 550 1019 578 seqq.
1032 543 1102 572 edd.
1126 540 1194 570 Ιιήῗε
1204 548 1325 579 genere
1336 541 1414 570 G.2.
1426 540 1467 568 D.
1489 537 1526 566 id
1534 545 1655 576 genere
1668 541 1772 574 Marg.
1785 539 1863 567 Bas.
1876 540 1908 567 2.

115 592 152 619 In
165 593 238 619 cett.
251 588 288 617 id
295 597 409 626 genus.
456 588 531 616 iure
544 587 735 617 antistaret
748 597 803 623 pro
818 588 900 616 viris
914 588 947 628 β.
988 590 1153 625 parentes
1172 587 1358 615 invitaret.-
1383 583 1507 614 iudicio
1519 591 1648 611 morum
1663 586 1773 611 tamen
1786 583 1910 620 impro-

116 634 217 662 batus
236 635 272 664 G.
295 635 322 663 1.
343 635 374 662 2.
394 635 432 662 D.
446 635 480 662 O.
500 635 537 662 Ρ.
550 635 590 662 R.
604 633 626 663 f.
639 635 676 662 L.
690 630 718 662 δ.
743 635 860 663 Incert.
873 634 960 663 Pric.
976 637 1004 662 el
1019 634 1089 662 edd.
1104 641 1176 662 eum
1189 639 1276 666 seqq.
1300 633 1338 660 In
1356 629 1520 666 prioribus
1540 631 1571 657 et
1591 629 1681 657 codd.
1703 631 1777 657 cett.
1791 629 1911 664 legitur

110 682 296 717 parentum
314 678 483 706 incitaret
500 677 659 706 iudicium
677 682 803 713 praeter
821 679 875 715 13„
900 679 955 713 qui
972 680 1069 707 habet
1083 679 1248 715 parentes
1265 675 1448 712 invitaret,
1479 673 1648 702 fudiciam.
1680 675 1717 702 In
1736 681 1766 707 p.
1786 676 1835 702 est
1853 680 1909 708 pro

114 722 295 753 iudicium.-
320 721 464 760 iudam,
490 725 576 752 unde
594 726 772 752 ceterorum
791 725 880 751 codd.
899 730 987 752 error
1006 722 1200 758 profluxisse
1219 722 1357 751 videtur.
1402 718 1541 756 repulsu
1554 716 1777 746 contumeliae
1792 718 1911 746 vitiose

115 771 164 798 ed.
179 769 335 798 Scriverii
349 769 463 803 spuria
475 776 534 797 seu
546 769 686 797 Amsiel.
735 776 777 796 ac
789 766 864 796 dum
877 769 913 797 F.
931 770 959 797 1.
974 770 1003 796 3.
1019 770 1054 797 G.
1071 769 1102 797 1.
1117 770 1148 797 2.
1160 769 1199 797 D.
1213 768 1248 796 Ο.
1262 768 1298 796 Β.
1312 768 1348 795 R.
1363 767 1399 794 L.
1414 763 1443 794 ὃ.
1463 766 1553 794 Colv.
1574 767 1604 794 et
1624 770 1711 797 serm.
1735 764 1773 792 In
1793 762 1909 791 ceteris

115 816 156 842 at
168 812 254 841 dum.
302 812 396 841 erilis
409 815 446 842 G.
461 815 490 841 1.
504 821 576 842 cum
589 815 703 848 glossa
715 813 917 842 interlineari
930 811 1066 850 regalis.
1090 814 1128 841 In
1141 813 1190 841 ed.
1203 820 1251 846 pr.
1264 812 1391 841 Vicent.
1405 812 1518 840 Venet.
1533 810 1564 839 2.
1602 806 1733 835 Herilr's
1753 808 1910 842 scriptum

114 862 176 895 est,
196 858 291 893 quasi
304 866 420 887 nomen
432 858 604 893 proprium.
631 856 810 894 thepolemz·
821 860 856 886 G.
873 859 902 887 1.
916 862 952 886 ut
963 865 1099 892 semper.
1126 855 1319 893 thepolemz‘z'
1327 858 1367 885 D.
1392 853 1562 891 Lepolemz‘
1575 855 1611 884 Β.
1625 856 1658 882 ut
1672 853 1802 890 ubique,
1817 859 1911 887 quem

115 904 206 934 Colv.
220 907 352 932 secutus
366 906 424 932 est.
449 904 498 931 [ta
510 910 635 937 quoque
649 904 697 932 ed.
711 911 758 938 pr.
772 903 899 932 Vicent.
912 904 1027 931 venet.
1040 903 1071 931 2.
1118 903 1325 930 convenerat
1342 909 1383 930 ex
1400 898 1511 929 Fulvii
1530 899 1719 928 coniectura
1738 898 1772 926 in
1787 900 1911 926 textum

114 949 212 978 tacite
231 950 420 983 receperunt
443 949 556 976 W'ow.
576 948 661 976 Prie.
681 951 712 977 et
729 948 848 976 Florid.
895 945 1048 975 deorsum
1068 948 1104 976 G.
1125 948 1155 976 1.
1177 946 1198 976 f.
1218 947 1252 975 Ο.
1272 948 1311 975 R.
1323 947 1381 974 Ed.
1394 946 1489 974 Vulc.
1503 946 1533 973 2.
1553 945 1670 973 xvow.
1689 943 1775 972 Prie.
1799 942 1911 978 Friget

113 1000 194 1023 sane
206 993 293 1022 istud
307 991 448 1021 deorsus
461 994 500 1022 de
513 993 591 1022 oud.
606 992 778 1022 sententia.
803 992 916 1023 Heius.
931 992 1022 1022 ovid.
1036 993 1113 1022 Met.
1126 992 1213 1021 xlv.
1226 992 1302 1021 208.
1315 993 1444 1027 legebat
1452 996 1517 1027 per
1529 992 1610 1017 'ossa

112 1091 152 1130 id
182 1091 418 1142 praestiterit
446 1094 486 1129 et
509 1089 647 1129 Heius.
679 1090 730 1129 ad
753 1089 869 1129 Ovid.
895 1089 930 1128 d.
954 1089 980 1128 l.

112 1149 258 1198 optime
272 1147 499 1186 defenderit.
534 1147 598 1185 De
612 1146 779 1185 dictione
795 1146 843 1185 id
853 1159 982 1198 yemis

112 1204 329 1242 accuratius
354 1216 468 1254 agam
478 1202 530 1242 ad
542 1202 639 1241 Met.
653 1201 721 1241 Xl.
735 1215 773 1255 p.
788 1206 881 1243 771.
894 1203 980 1241 alio

110 1272 264 1312 ρεπεν-ε
283 1260 458 1311 facium.

165 1341 382 1388 parentum
401 1337 590 1375 invitaret
607 1336 804 1376 iudicium
825 1340 887 1374 est
900 1349 978 1374 mu-

109 1393 265 1431 neribus
298 1405 368 1430 eos
399 1392 596 1438 addicere,
627 1396 669 1430 ut
692 1391 908 1430 secundum
932 1405 979 1430 se

109 1448 160 1487 de
173 1446 249 1486 filia
259 1448 556 1500 pronuntiarent.
581 1447 645 1486 De
665 1448 783 1486 verbo
806 1448 980 1487 invitare

107 1503 183 1543 hac
206 1505 400 1543 sententia
421 1504 535 1542 etiam
557 1517 642 1543 cum
656 1505 710 1542 rei
723 1504 978 1543 substantivis

108 1561 235 1599 iuncto
261 1562 322 1612 egi
347 1560 398 1599 ad
417 1558 607 1599 Metvn.
621 1574 659 1612 p.
676 1564 768 1601 487.
791 1560 979 1600 libidines

109 1617 300 1656 invitat.
326 1614 394 1655 Dr.
421 1616 470 1655 ad
484 1614 568 1656 Liv.
585 1614 628 1655 ll.
645 1621 709 1657 42.
736 1617 980 1670 largitiones

109 1673 423 1725 temeritatisque
436 1673 707 1712 invitamenta.
727 1672 793 1711 De
803 1687 841 1711 m
850 1687 873 1711 o
881 1687 902 1711 r
910 1688 936 1712 u
945 1686 982 1711 m

109 1729 379 1782 approbatus.
414 1729 461 1768 cf.
488 1728 556 1768 Dr.
582 1729 633 1768 ael
658 1729 726 1768 Sil.
753 1727 860 1767 XVI.
889 1731 980 1770 166.

107 1785 159 1825 ad
182 1784 278 1824 Met.
303 1784 352 1824 X.
378 1796 415 1838 p.
437 1788 529 1826 694.

164 1875 341 1915 deorsus.
367 1873 469 1913 Oud.
478 1904 488 1920 ,
503 1875 567 1925 qui
580 1874 731 1914 Heinsii
744 1875 978 1913 sententiam

109 1931 319 1983 aniplexus
344 1934 424 1978 est,
460 1930 537 1970 hoc
571 1932 806 1970 adiectivum
833 1931 978 1981 frigere

105 1987 269 2033 videtur,
293 1986 399 2026 aliud
417 1991 545 2026 tamen
569 2000 638 2038 pro
663 2001 712 2026 eo
737 2001 812 2026 non
837 1987 978 2026 substi-

106 2044 241 2082 tuenti.
279 2042 409 2095 [Hanc
434 2055 551 2094 quam
574 2047 713 2095 putant
733 2042 914 2082 vocabuli
937 2045 980 2081 ut

107 2099 161 2138 ita
195 2099 320 2138 dicam
354 2099 591 2137 ieiunitatem
625 2100 759 2138 videre
799 2099 979 2150 equidem

107 2168 274 2205 nequeo.
300 2153 545 2206 Quamquam
558 2156 657 2193 enim
671 2170 745 2195 non
759 2155 979 2207 negandum

108 2215 188 2256 est,
213 2211 491 2262 significatione
510 2211 572 2249 hic
592 2210 688 2263 legi,
714 2213 823 2251 cuius
849 2225 978 2250 exem-

106 2267 214 2319 plum
222 2267 385 2306 alterum
394 2269 563 2306 invenire
576 2281 651 2306 non
666 2269 772 2320 potui
785 2268 980 2320 haecipsa

106 2323 364 2362 mihividetur
376 2337 470 2362 esse
490 2337 652 2370 caussa,
678 2338 744 2364 cur
763 2324 978 2363 defendew

106 2380 198 2418 dum
222 2380 284 2419 sit.
333 2380 535 2420 Deorsum
558 2382 660 2419 enim
691 2394 807 2433 quum
825 2381 978 2433 proprie

105 2449 246 2475 versus
282 2435 464 2476 inferiora
496 2440 605 2475 notet
631 2434 752 2485 κατώ,
783 2437 980 2488 Apuleius

105 2492 208 2532 hanc
232 2491 458 2543 particulam
481 2493 534 2531 ita
557 2495 773 2545 usurpavit,
798 2497 843 2532 ut
864 2493 980 2532 imum

106 2561 247 2587 versus
260 2547 389 2587 locum
402 2548 562 2597 indicet3
575 2549 829 2589 utMet.vl1·1.
838 2563 876 2601 p.
885 2553 978 2590 554.

108 2605 196 2644 Iam
210 2609 364 2657 tempus
377 2610 454 2650 est,
467 2610 514 2645 ut
523 2605 601 2644 illo
611 2606 763 2659 yladi‘o
775 2606 833 2645 de
843 2619 979 2646 orsus

106 2661 171 2701 ad
193 2674 321 2701 meum
346 2661 621 2713 Tlepolemum
644 2663 747 2702 viam
774 2675 979 2714 quaeram,

106 2717 172 2756 ubi
207 2718 267 2757 ad
300 2718 481 2770 inferos,
517 2718 576 2757 ad
609 2731 747 2758 orcum
776 2718 978 2768 significat.

106 2772 166 2812 lta
180 2772 217 2811 in
239 2773 373 2812 Gloss.
389 2772 521 2825 Cyrill.
541 2770 646 2812 κατώ
667 2774 898 2825 explicatur:
922 2775 980 2812 iu-

105 2830 194 2880 fra,
217 2830 323 2875 imo,
338 2831 538 2870 deorsum.
557 2830 982 2881 Deorsum-delapsum

107 2884 171 2924 hic
182 2885 294 2936 igitur
308 2887 478 2924 nominat
490 2899 679 2931 amorem,
704 2887 769 2937 qui
786 2885 981 2924 medullas

106 2943 334 2992 penetravit,
358 2941 522 2993 utApul.
533 2941 584 2981 X.
598 2957 635 2995 p.
653 2947 748 2984 684.
766 2942 879 2980 dixit:
906 2942 981 2982 Isti

108 2998 213 3035 enim
230 2999 292 3037 tui
311 2999 421 3038 oculi
434 3012 514 3049 per
533 3012 643 3038 meos
662 2999 803 3038 oculos
827 2999 892 3037 ad
915 2999 979 3037 in-

108 3053 224 3091 tima
249 3053 444 3105 delapsi
464 3054 776 3106 praecordia
799 3055 979 3093 meisme-

108 3107 235 3147 dullis
281 3111 520 3151 acerrimum
567 3115 814 3150 commovent
846 3112 979 3149 iucen-

108 3163 231 3205 dz'um.
276 3163 390 3205 Nunc
411 3170 552 3213 restat,
576 3171 618 3207 ut
642 3167 692 3206 de
717 3166 842 3207 forma
866 3166 980 3206 huius

1040 1088 1254 1138 particulae
1272 1101 1461 1127 moneam.
1493 1087 1593 1126 Sunt
1610 1087 1713 1126 enim
1730 1087 1910 1138 interpre-

1041 1151 1122 1192 tes,
1149 1146 1212 1196 qui
1235 1149 1358 1184 utrum
1391 1145 1558 1184 deorsus
1588 1157 1635 1183 an
1661 1143 1849 1183 deorsum
1873 1142 1910 1180 in

1037 1200 1201 1253 singulis
1220 1202 1448 1253 scriptorum
1468 1200 1576 1238 libris
1594 1198 1834 1251 probandum
1847 1199 1910 1244 sit,

1037 1259 1199 1297 multum
1221 1258 1318 1296 inter
1341 1270 1388 1295 se
1412 1257 1645 1307 discrepant.
1693 1253 1849 1300 Quanta
1860 1254 1912 1292 sit

1038 1313 1175 1353 Davis.
1202 1313 1252 1352 ad
1277 1312 1354 1352 Cic.
1375 1313 1424 1350 de
1437 1312 1527 1351 Nat.
1543 1312 1661 1350 Deor.
1675 1310 1702 1349 l.
1719 1314 1783 1350 25.
1799 1309 1829 1360 ᾧ.
1846 1313 1911 1351 69.

1039 1374 1080 1409 et
1091 1369 1137 1408 ll.
1148 1373 1210 1410 33.
1221 1369 1251 1419 §.
1262 1370 1327 1409 84.
1342 1372 1381 1407 et
1394 1368 1543 1406 Moseri
1556 1368 1619 1406 his
1631 1368 1666 1405 in
1681 1367 1844 1404 vocibus
1858 1366 1912 1404 in-

1038 1428 1267 1473 constantia,
1281 1426 1382 1463 bene
1395 1425 1471 1462 iam
1483 1424 1611 1463 Hand.
1625 1422 1792 1461 Turseli.
1808 1421 1910 1461 T.ll.

1037 1497 1074 1535 p.
1101 1485 1181 1523 280
1207 1495 1297 1533 sqq.
1322 1481 1491 1527 adnotat,
1519 1480 1584 1530 qui
1607 1478 1765 1530 Apuleii
1789 1479 1911 1516 nostri

1036 1538 1148 1577 locos
1174 1538 1366 1588 quosdam
1391 1549 1640 1582 enumerans,
1665 1539 1788 1573 utrum
1808 1534 1844 1572 in
1866 1535 1911 1572 iis

1036 1593 1334 1647 praeferendum
1348 1594 1399 1632 sit
1411 1593 1553 1631 dubius
1565 1592 1713 1631 haeret.
1728 1589 1789 1628 Ex
1798 1589 1910 1629 codd.

1038 1652 1151 1703 igitur
1174 1651 1402 1689 auctoritate
1427 1649 1499 1688 loci
1519 1651 1609 1687 sunt
1627 1645 1910 1700 pensiculandi,

1038 1708 1075 1747 in
1102 1707 1243 1758 quibus
1267 1706 1371 1758 apud
1388 1705 1594 1758 Apuleium
1620 1704 1719 1744 haec
1742 1716 1820 1741 vox
1844 1702 1910 1741 de-

1038 1763 1302 1817 prehenditur.
1326 1762 1366 1800 In
1383 1761 1545 1800 formula
1558 1760 1710 1799 dicendi
1725 1760 1913 1799 deorsum

1039 1832 1275 1871 sursumque
1300 1819 1400 1858 hanc
1412 1818 1714 1857 terminationem
1730 1814 1913 1867 praetulit

1036 1876 1138 1915 Oud.
1164 1876 1212 1914 cf.
1228 1874 1323 1914 Met.
1333 1874 1360 1914 l.
1374 1889 1411 1926 p.
1423 1876 1487 1916 61.
1500 1874 1628 1912 ubine
1640 1886 1740 1911 unus
1755 1870 1912 1922 quidem

1036 1932 1163 1972 codex
1177 1931 1336 1970 alteram
1349 1931 1530 1982 praebet:
1555 1944 1607 1970 ac
1619 1941 1750 1981 neque
1775 1927 1912 1967 deor·

1036 2002 1135 2028 sum
1170 1988 1356 2027 demeare
1397 2000 1471 2027 nec
1506 1999 1690 2026 sursum
1726 1984 1912 2024 demeare

1021 2049 1177 2098 posset
1199 2043 1248 2082 de
1273 2043 1415 2095 Dogm.
1442 2041 1544 2082 Plat.
1568 2041 1596 2080 1.
1625 2055 1664 2093 p.
1694 2043 1784 2081 198.
1816 2053 1911 2079 sur·

1036 2114 1131 2140 sum
1144 2101 1265 2140 etiam
1279 2099 1308 2138 (1
1315 2113 1336 2138 e
1345 2114 1368 2138 o
1377 2113 1422 2139 rs
1429 2113 1500 2139 um
1509 2112 1585 2151 que
1598 2097 1821 2143 nitentium,
1835 2108 1911 2146 quo

1037 2155 1125 2195 loco
1157 2169 1294 2194 omnes
1325 2155 1438 2194 codd.
1472 2158 1511 2194 et
1540 2153 1628 2193 edd.
1655 2151 1911 2192 consentiunt.

1036 2212 1079 2251 In
1102 2212 1244 2251 ceteris
1269 2224 1361 2251 vero
1386 2211 1486 2250 locis
1510 2210 1774 2261 discrepantia
1798 2207 1912 2246 libro-

1036 2283 1119 2308 rum
1144 2268 1226 2307 sere
1249 2269 1394 2320 ubique
1419 2267 1736 2319 deprehenditur,
1761 2264 1836 2303 sed
1861 2264 1913 2302 ita

1035 2328 1078 2364 ut
1102 2326 1247 2377 optime
1272 2323 1356 2363 libri
1369 2325 1537 2364 deorsus
1549 2336 1707 2374 semper
1724 2318 1913 2360 retineant

1037 2379 1461 2433 cf.Met.VHl.p.544.
1488 2380 1691 2420 deorsus
1715 2378 1773 2418 ad
1786 2390 1913 2417 meum

1038 2438 1332 2490 Tlepolemum,
1363 2437 1467 2487 quod
1491 2449 1579 2475 cum
1609 2434 1767 2487 optimis
1798 2430 1911 2472 codd.

1037 2492 1246 2545 legendum
1271 2497 1343 2532 est.
1369 2492 1433 2539 Χ.
1453 2506 1490 2544 p.
1517 2496 1610 2534 672.
1637 2492 1840 2532 deorsus
1869 2488 1912 2527 iu

1036 2552 1131 2603 ipsa
1153 2550 1389 2595 tabernula,
1419 2550 1484 2590 ubi
1508 2548 1611 2587 Oud.
1631 2546 1776 2586 nullius
1808 2543 1912 2583 codi-

1037 2607 1095 2646 cis
1119 2607 1346 2645 varietatem
1371 2605 1582 2651 adnotavit,
1607 2603 1641 2642 F
1644 2603 1751 2644 lorid.
1777 2615 1815 2653 p.
1841 2603 1913 2641 52:

1037 2664 1220 2704 tunicam
1248 2663 1503 2714 varieyatam
1532 2661 1734 2700 deorsus
1757 2657 1815 2697 ad
1839 2669 1913 2709 pe-

1039 2720 1110 2759 des
1122 2720 1252 2771 ipsos,
1278 2731 1355 2770 quo
1376 2718 1464 2756 loco
1484 2729 1620 2755 omnes
1641 2715 1755 2754 codd.
1769 2717 1808 2752 et
1822 2711 1912 2750 edd.

1034 2776 1303 2821 consentiunt,
1342 2773 1393 2812 de
1420 2773 1511 2812 Deo
1554 2772 1706 2811 Socrat.
1741 2784 1779 2823 p.
1820 2771 1914 2809 142.

1037 2831 1146 2871 velut
1169 2831 1227 2871 ad
1248 2832 1406 2881 foetum
1429 2829 1631 2869 edendum
1656 2828 1821 2879 deorsus
1845 2824 1913 2864 de·

1038 2892 1300 2940 yrassantur,
1332 2885 1438 2936 quod
1463 2885 1576 2924 codd.
1602 2884 1734 2937 optimi
1760 2885 1800 2920 et
1823 2879 1912 2919 edd.

1036 2943 1184 2994 aliquot
1208 2942 1448 2987 confirmant,
1473 2940 1564 2979 licet
1587 2941 1623 2979 in
1650 2938 1737 2978 aliis
1762 2937 1914 2989 legatur

1038 3000 1240 3039 deorsum.
1265 2997 1377 3037 Unus
1392 2996 1522 3043 locus,
1548 3009 1624 3048 quo
1640 3007 1778 3035 omnes
1798 2992 1915 3033 codd.

1039 3059 1079 3094 et
1091 3055 1179 3094 edd.
1194 3055 1340 3093 habent
1353 3054 1541 3092 deorsum
1561 3056 1623 3091 cst
1637 3050 1756 3103 Apol.
1771 3063 1808 3102 p.
1818 3052 1914 3090 394.

1039 3116 1079 3151 et
1101 3111 1327 3150 deorsum
1357 3110 1416 3149 ad
1442 3109 1569 3160 pedes
1594 3110 1806 3149 deiectum.
1850 3104 1915 3144 Ex

1038 3167 1102 3207 his
1138 3167 1252 3218 igitur
1288 3165 1483 3217 exemplis
1521 3164 1560 3204 id
1596 3167 1728 3217 potest
1764 3162 1913 3207 coniici.
