2155 3590
675 116 865 160 LIBER
893 115 921 157 I.

982 111 1107 154 CAP.
1137 110 1184 152 11.
1800 103 1856 146 19

59 235 129 274 tite
152 245 354 274 sermones
380 246 458 271 non
484 230 636 285 quidem
662 228 857 285 curioso}‚
885 228 954 269 sed
977 226 1043 280 qui
1060 223 1178 266 velim
1199 221 1302 262 scire
1320 218 1384 260 vel
1402 224 1543 258 cuncta
1562 215 1627 257 vel
1646 221 1751 256 certe
1771 214 1856 268 plu-
1882 215 1921 250 17

57 290 175 353 rima:
211 288 327 353 simul
362 288 445 342 iugi
481 287 582 341 quod
617 286 859 340 insurgimus
895 281 1177 338 aspritudinem
1213 276 1433 318 fabularum
1470 273 1597 328 lepida
1633 271 1854 312 iucunditas

59 345 261 400 lewgablt.

57 457 223 480 sermones
248 451 284 480 F.
311 452 339 479 1.
364 452 395 479 3.
423 451 461 480 G.
485 451 524 478 R.
549 449 639 478 Colv.
666 450 704 477 D.
725 455 746 477 a
766 456 806 477 m.
820 456 848 482 p.
872 445 1058 482 [curiosum
1077 451 1150 474 am.
1165 440 1210 478 s.]
1232 438 1383 469 curiosos
1397 439 1433 466 G.
1447 438 1483 466 P.
1500 434 1653 464 curiosus
1671 435 1707 463 F.
1723 434 1752 462 1.
1766 434 1797 461 3.
1816 433 1855 460 D.

57 499 91 526 0.
105 498 144 526 R.
158 497 247 525 Colv.
261 493 320 524 sed
331 493 412 533 quid
423 493 518 522 velim
531 496 570 523 D.
584 501 606 523 a
618 501 659 522 m.
673 502 704 528 p.
727 493 841 530 iugum
854 491 984 530 quidem
997 491 1059 519 ins.
1073 489 1096 519 f.
1127 483 1372 525 aspritudinem
1383 497 1429 502 ——
1439 483 1476 512 F.
1492 483 1522 511 1.
1535 482 1567 510 3.
1580 481 1618 510 L.
1632 482 1668 509 G.
1681 494 1727 500 -
1739 478 1856 507 iocun-

57 539 149 570 ditas
162 542 198 570 G.
212 544 243 570 et
253 542 293 569 D.
306 554 352 560 —
365 543 397 568 te
409 539 568 578 levigabit
580 540 619 568 D.
634 540 669 569 0.
682 554 728 559 -—
740 535 952 566 iucunditate
966 537 1042 567 Cod.
1054 537 1169 564 W'ass.

56 629 270 682 impartire
282 626 384 667 male
396 627 555 678 recepit,
564 626 703 678 frigide
710 630 926 678 praeterea:

55 687 172 724 immo
197 699 290 725 vero
314 685 528 737 impartire
558 696 786 723 sermonem.
831 683 930 721 Non.

55 742 242 796 equidem
277 742 458 781 curiosus
482 755 583 786 snm,
615 740 688 779 sed
720 740 790 792 qui
825 740 929 778 scire

53 799 170 838 velim
201 798 427 845 coniiciens3
459 810 532 835 nec
561 796 702 835 melius
734 796 851 833 ceteri
875 795 927 832 in-

53 858 245 906 terpretes
277 853 366 892 loco
391 854 601 892 sanissimo
627 852 770 891 mederi
796 851 928 890 stude-

53 912 164 957 bant,
200 915 242 949 ut
272 910 378 949 Grut.
417 910 535 961 Susp.
566 908 630 948 III.
667 913 729 949 12.
766 907 930 960 imperti

53 981 234 1007 sermone
245 967 441 1006 hominem
455 968 658 1006 curiosum
677 970 715 1005 et
733 965 822 1018 qui,·
836 962 928 1002 Ful-

52 1025 141 1063 vius
183 1025 386 1076 impertite
428 1023 626 1062 hominem
666 1036 703 1060 n.
749 1035 786 1074 q.
825 1033 857 1059 c.
895 1033 925 1058 s.

51 1079 236 1119 Beroald.
262 1081 470 1132 impartite
493 1092 708 1118 sermonem
731 1092 770 1116 η.
799 1091 836 1130 q.
862 1089 928 1115 cu·

52 1139 213 1176 riosum.
229 1137 392 1175 Scriver.
405 1137 485 1189 imp
491 1136 626 1174 artito.
650 1133 823 1172 Primum
837 1145 927 1169 vero

52 1193 154 1232 Oud.
168 1194 376 1246 impartite
399 1192 568 1236 damnat,
594 1191 685 1242 quia
708 1202 836 1227 sermo
849 1186 927 1224 Lu-

53 1251 100 1288 cii
126 1263 202 1288 non
227 1249 278 1286 ad
302 1249 440 1286 ambos
466 1248 577 1285 fuerit
607 1247 777 1284 directus
806 1245 927 1281 viato-

49 1319 134 1352 res,
159 1305 233 1344 sed
264 1305 314 1343 ad
349 1317 457 1348 eum,
495 1304 559 1355 qui
583 1303 699 1340 miras
724 1302 822 1339 istas
847 1299 925 1336 ani-

52 1362 113 1401 les
139 1360 294 1401 fabulas
319 1360 518 1399 enarravit.
551 1359 634 1398 Sed
659 1371 744 1395 cnm
765 1356 925 1395 alterius

53 1420 170 1458 etiam
200 1419 319 1456 verba
354 1417 404 1456 de
434 1414 798 1454 narratiuncularum
827 1412 924 1450 veri-

51 1479 131 1515 tate
155 1474 366 1514 dubitantis
390 1473 536 1511 Lucius
568 1471 826 1523 percepisset,
853 1481 925 1507 nec

53 1531 145 1585 quid
170 1544 193 1569 a
217 1531 409 1570 sermonis
434 1530 540 1568 initio
572 1532 710 1567 essent
742 1526 924 1565 confabu-

53 1589 124 1630 lati,
157 1588 192 1626 ei
234 1589 514 1629 innotesceret,
551 1585 601 1624 ad
636 1588 841 1635 utrumque
879 1594 926 1619 se

54 1645 253 1690 convertit,
279 1647 320 1681 ut
343 1643 589 1682 sermonibus
609 1641 751 1679 mutuis
766 1653 852 1677 cum
872 1639 926 1690 ip-

53 1716 100 1741 so
127 1700 418 1740 communicatis
443 1699 623 1737 iudIcium
653 1697 703 1735 de
727 1697 928 1746 utriusque

53 1759 247 1798 sententia
282 1757 454 1808 proferre
490 1756 635 1807 possit,
672 1753 776 1792 unde
813 1752 928 1790 etiam

53 1828 249 1855 sermones
272 1813 390 1852 lectio
416 1825 544 1864 neque
569 1823 797 1855 sennonem,
824 1807 929 1859 quod

54 1873 90 1910 in
121 1870 317 1910 nonnullis
346 1869 450 1908 Mss.
483 1868 585 1907 Oud.
614 1868 691 1919 legi
716 1866 785 1911 ait,
816 1865 928 1902 unice

54 1928 343 1980 comprobatur,
369 1927 459 1977 quia
483 1924 643 1963 alternis
669 1924 733 1961 isti
757 1923 928 1959 viatores

53 1989 182 2036 agunt.
235 1984 405 2024 Carioso
443 1982 548 2033 quod
577 1982 613 2019 in
646 1984 756 2018 textu
786 1978 928 2028 recepi,

54 2041 238 2079 facillima
279 2043 342 2078 est
379 2038 616 2084 emendati03
669 2036 778 2074 cuius
818 2034 930 2072 ratio-

54 2111 142 2137 nem
178 2097 291 2136 codd.
335 2095 382 2134 G.
425 2099 465 2133 et
505 2093 549 2133 P.
587 2093 754 2143 vestigia
796 2093 930 2142 aperte

54 2154 233 2193 indicant.
277 2152 427 2191 Littera
471 2151 571 2189 enim
607 2164 625 2189 s
660 2161 709 2187 ex
750 2146 929 2198 sequenti

54 2210 243 2263 particula
273 2209 345 2249 secl
378 2208 520 2247 nomini
558 2205 750 2250 adhaesit,
777 2203 883 2255 quod
907 2215 931 2240 a

54 2267 268 2306 temerariis
305 2265 468 2304 librariis
505 2277 579 2302 non
615 2260 855 2300 intellectum
891 2259 929 2296 in

56 2325 240 2364 cariosus
265 2323 370 2368 abiit,
396 2320 553 2372 syllaba
571 2334 618 2359 us
636 2323 675 2356 et
697 2332 741 2357 os
759 2318 795 2355 in
816 2315 929 2354 codd.

54 2381 217 2432 saepius
230 2379 451 2418 fluctuante.
478 2376 534 2415 Ita
547 2389 645 2414 usus
659 2373 810 2413 (licendi
823 2372 931 2423 Apu·

55 2435 208 2475 leianus
231 2436 462 2480 restituitur,
488 2434 598 2471 cuius
623 2431 726 2470 Oud.
753 2431 829 2467 iam
852 2441 931 2466 mo-

56 2494 153 2539 nuit,
183 2493 375 2546 impertio
399 2506 427 2531 s.
452 2490 668 2543 impertior
692 2498 886 2537 nunquam
909 2497 934 2522 a

56 2553 190 2589 nostro
223 2563 255 2588 c.
286 2548 474 2587 Accusat.
498 2559 653 2598 person.
686 2548 725 2582 et
748 2541 838 2581 Abl.
863 2541 931 2585 rei,

57 2606 132 2645 sed
156 2607 299 2657 ubique
319 2619 405 2643 cum
424 2603 566 2642 Dativo
586 2615 702 2654 pers,
723 2601 756 2638 si
777 2597 931 2650 quidem

57 2675 107 2701 ea
129 2662 311 2707 addatur,
338 2666 376 2700 et
400 2659 638 2700 Accusativo
664 2658 717 2695 rei
743 2655 932 2705 coniungi,

58 2732 293 2772 quamquam
329 2722 461 2757 notum
498 2719 577 2761 est,
614 2718 815 2764 utramque
841 2723 932 2748 con-

58 2777 309 2814 structionem
352 2774 456 2826 apud
505 2772 716 2822 scriptores
762 2767 933 2820 optimos

59 2832 234 2879 inveniri;
267 2831 314 2870 cf.
339 2830 525 2870 Ruddim.
555 2827 664 2866 Instt.
696 2824 741 2865 Π.
775 2838 812 2877 p.
841 2826 932 2864 173.

59 2888 108 2927 cf.
132 2887 229 2928 Met.
244 2887 348 2927 VIII.
374 2901 412 2939 p.
434 2890 527 2927 577.
555 2884 702 2924 bellum
720 2880 931 2935 pallulam

59 2947 139 2984 tuis
170 2944 424 2997 palumbulis
466 2941 688 2995 impertias.
731 2936 849 2989 Apol.
894 2950 931 2989 p.

60 3005 154 3042 448.
184 3003 341 3040 veniam
371 3001 593 3052 impertias.
626 2994 771 3034 Florid.
803 3008 840 3046 p.
868 2998 933 3034 78.

60 3059 215 3099 veniam
238 3056 475 3110 impertire]

123 3114 303 3154 Curiosa
336 3113 438 3151 Oud.
464 3114 613 3157 monet,
640 3123 688 3149 ne
717 3109 779 3148 hic
805 3108 934 3147 curio-

986 638 1052 664 sus
1069 626 1113 661 ut
1136 620 1241 672 apud
1265 616 1368 658 Gell.
1383 614 1492 656 XIX.
1512 617 1573 655 13.
1589 616 1629 652 et
1642 611 1806 663 Vopisc.
1820 611 1858 647 in

988 681 1050 718 vit.
1065 673 1180 717 Proh.
1208 690 1239 716 c.
1261 679 1310 721 3.,
1336 675 1400 713 ubi
1415 672 1463 712 cs.
1478 670 1645 710 Casaub.
1672 672 1711 706 et
1725 666 1859 710 Salm„

986 750 1054 787 pro
1090 736 1316 785 πολυμαθεῖ
1346 734 1386 769 et
1419 730 1639 779 πολυΐστορι
1674 727 1859 767 sumatur,

986 792 1060 831 sed
1084 793 1120 830 in
1144 789 1288 829 malam
1312 791 1460 839 partem
1484 785 1534 823 de
1566 797 1632 829 eo,
1664 781 1728 833 qui
1761 780 1860 818 scire

987 848 1115 886 aliena
1151 850 1189 886 et
1227 858 1328 897 quae
1363 844 1414 882 ad
1454 855 1502 881 se
1543 854 1619 879 non
1668 837 1862 890 pertinent

987 908 1145 943 conetur
1169 902 1362 953 alienique
1387 897 1531 950 negotii
1565 897 1617 935 sit
1645 896 1861 947 perscruta-

986 966 1064 1006 tor,
1099 964 1142 998 ut
1176 959 1280 1011 apud
1305 958 1385 996 Cic.
1423 956 1474 994 de
1498 952 1576 992 Off.
1609 951 1636 991 I.
1668 955 1734 992 34.
1773 948 1860 988 Ter.

986 1016 1084 1056 Eun.
1117 1015 1180 1054 III.
1214 1020 1250 1056 5.
1284 1019 1320 1054 5.
1352 1012 1519 1052 Phaedr.
1545 1009 1612 1049 IV.
1647 1012 1712 1050 21.
1741 1004 1861 1057 Apul.

984 1073 1081 1112 Met.
1108 1087 1144 1124 p.
1162 1075 1226 1112 99.
1254 1069 1482 1123 [Quomodo
1501 1067 1591 1106 huic
1611 1062 1860 1116 explicationi

987 1130 1156 1180 optimae
1181 1127 1342 1166 alteram
1373 1129 1451 1164 tam
1475 1123 1645 1175 lepidam
1668 1118 1863 1172 praeferre

986 1186 1088 1224 ond.
1114 1184 1298 1235 potuerit,
1323 1195 1399 1220 non
1418 1180 1605 1230 intelligo,
1631 1177 1749 1216 Putat
1760 1175 1861 1214 enim

986 1242 1022 1280 h.
1057 1240 1078 1279 l.
1114 1240 1307 1278 curiosum
1340 1251 1434 1275 esse
1467 1232 1707 1285 ὠτακουστὴν
1738 1236 1777 1270 et
1806 1231 1861 1269 in-

984 1298 1123 1341 dicem,
1150 1296 1213 1346 qui
1238 1293 1465 1346 speculetur
1491 1296 1529 1330 et
1552 1291 1721 1342 excipiat
1743 1288 1862 1327 verba

985 1358 1024 1392 et
1055 1354 1091 1391 in
1122 1356 1211 1390 acta
1240 1351 1401 1388 alterius
1434 1349 1615 1399 inquirat,
1646 1350 1688 1384 ut
1718 1358 1766 1383 ea
1796 1344 1862 1382 cri-

983 1411 1137 1449 minose
1163 1407 1313 1446 deferat
1337 1405 1557 1457 imperatori
1578 1403 1639 1441 vel
1659 1402 1862 1452 magistra-

983 1468 1101 1512 tibus,
1127 1469 1244 1516 atque
1271 1464 1359 1502 ideo
1375 1475 1422 1501 se
1441 1473 1634 1499 excusare
1654 1462 1862 1501 auctorem,

985 1523 1091 1575 quod
1115 1525 1269 1566 cuncta,
1297 1530 1534 1571 quamquam
1564 1517 1665 1555 scire
1690 1514 1865 1565 cupiens,

984 1584 1113 1618 tamen
1159 1578 1337 1616 curiosus
1380 1589 1457 1613 non
1495 1575 1557 1613 sit.
1617 1571 1728 1611 Haec
1764 1570 1866 1608 enim

985 1636 1099 1674 venia
1122 1634 1293 1686 petenda
1317 1636 1401 1670 erat
1419 1645 1443 1669 a
1463 1630 1677 1683 peregrinis
1698 1631 1739 1665 et
1756 1627 1866 1677 igno-

986 1694 1037 1732 tis
1062 1692 1294 1735 viatoribus,
1328 1702 1491 1740 quorum
1517 1684 1865 1725 sermocinationes

988 1749 1219 1801 participare
1250 1746 1372 1783 voluit
1396 1744 1561 1789 Lucius,
1592 1755 1642 1780 ne
1666 1739 1865 1791 impuden-

987 1810 1066 1844 tem
1085 1818 1173 1843 eum
1192 1804 1394 1842 haberent.
1426 1800 1619 1840 Curiosus
1637 1811 1728 1835 vero
1749 1796 1865 1834 homo

987 1862 1141 1914 proprie
1166 1861 1200 1898 is
1226 1860 1455 1902 nominatur,
1482 1857 1545 1908 qui
1571 1854 1733 1894 multum
1753 1865 1867 1890 curae

989 1923 1028 1957 et
1057 1917 1285 1968 diligentiae
1316 1915 1371 1953 rei
1411 1914 1579 1963 cuipiam
1617 1910 1785 1949 adhibet.
1818 1907 1865 1946 cf.

991 1975 1111 2014 Salm.
1150 1974 1200 2011 ad
1235 1973 1363 2023 Spart.
1404 1969 1526 2009 Hadr.
1555 1981 1588 2006 c.
1620 1966 1666 2005 II.
1703 1979 1740 2017 p.
1775 1968 1866 2005 102.

990 2031 1049 2069 Ita
1077 2029 1184 2081 apud
1214 2029 1361 2068 Arnob.
1395 2025 1463 2064 Vl.
1491 2030 1527 2066 7.
1559 2024 1706 2074 corrigo
1739 2022 1802 2061 vel
1823 2022 1867 2059 in

985 2092 1120 2140 parte,
1149 2100 1230 2139 qua
1255 2086 1365 2124 arcis
1387 2082 1426 2134 [i.
1442 2095 1476 2120 e.
1492 2079 1689 2132 Capitolii]
1705 2079 1868 2117 curiosa

991 2144 1096 2183 obse.
1111 2142 1174 2180 vel
1189 2143 1232 2181 in
1246 2146 1383 2195 parte,
1407 2153 1490 2192 qua
1509 2136 1763 2177 tenebricosa
1784 2134 1866 2172 obs.

988 2200 1171 2238 Refertur
1201 2200 1302 2237 enim
1335 2197 1387 2235 ad
1417 2192 1696 2246 praecedentia
1733 2203 1868 2243 quam-

988 2258 1046 2297 vis
1082 2256 1193 2295 nolle
1221 2254 1333 2295 istud
1359 2251 1583 2305 publicare
1618 2262 1659 2288 se
1692 2250 1867 2301 fingant.

989 2313 1056 2352 Ad
1084 2325 1149 2350 res
1185 2311 1435 2363 potissimum
1472 2307 1647 2358 magicas
1683 2305 1868 2343 curiosus

991 2370 1156 2422 pertinet
1180 2368 1229 2406 cf.
1254 2366 1351 2406 Met.
1368 2364 1414 2403 ΙΙ.
1435 2378 1473 2416 p.
1489 2367 1553 2404 99.
1581 2366 1620 2402 et
1637 2359 1792 2399 Peerlk.
1819 2358 1869 2397 ad

989 2426 1084 2466 Hor.
1109 2424 1238 2477 Epod.
1268 2428 1331 2464 17.
1357 2435 1394 2473 p.
1417 2424 1511 2462 508.
1550 2418 1592 2457 In
1616 2416 1761 2456 malam
1785 2428 1868 2467 par-

991 2488 1070 2522 tem
1095 2483 1275 2522 curiosus
1300 2478 1493 2530 significat
1525 2489 1631 2520 eum,
1664 2473 1727 2525 qui
1752 2471 1869 2510 nimia

993 2552 1082 2578 cura
1093 2539 1210 2577 utitur
1227 2539 1263 2576 in
1280 2535 1419 2575 alienis
1432 2534 1552 2572 rebus
1566 2528 1816 2581 exquirendis
1830 2530 1870 2564 et

991 2595 1185 2635 molestus
1216 2595 1256 2633 fit
1285 2594 1321 2631 ei
1347 2593 1407 2630 cui
1433 2592 1562 2628 instat.
1600 2586 1778 2625 Excusat
1801 2583 1869 2635 igi-

991 2657 1051 2692 tur
1063 2665 1109 2691 se
1121 2651 1284 2696 Lucius,
1301 2648 1407 2701 quod
1428 2647 1491 2698 qui
1511 2657 1614 2683 nova
1631 2639 1869 2694 percipiendi

991 2710 1045 2748 sit
1081 2707 1362 2760 cupidissimus
1392 2701 1641 2742 sermonibus
1670 2698 1869 2737 hominum

992 2767 1210 2818 ignotorum
1257 2776 1303 2802 se
1347 2761 1587 2803 immisceat,
1637 2765 1869 2807 quamquam

991 2821 1184 2861 molestus
1210 2821 1257 2858 iis
1283 2832 1332 2858 ne
1356 2818 1423 2856 fiat
1435 2813 1609 2867 rogando
1629 2808 1866 2864 praecavet]

1048 2878 1280 2931 [insarqere
1299 2889 1330 2913 c.
1340 2874 1436 2912 Ace.
1453 2874 1641 2917 iunctum3
1668 2868 1715 2907 cf.
1736 2866 1867 2917 Kopp.

992 2930 1357 2983 adMart.Cap.vll.
1372 2930 1402 2981 ὃ.
1420 2933 1558 2978 755.p.
1571 2929 1662 2966 605.
1679 2937 1751 2963 nec
1765 2922 1870 2962 aliud

992 2996 1145 3045 praeter
1168 2989 1245 3027 hoc
1270 2986 1437 3026 innotuit
1461 2983 1553 3023 mihi
1572 2979 1824 3033 exemplum]

1051 3045 1387 3101 [aspritudinetm
1402 3042 1495 3080 utin
1508 3038 1620 3077 Ennii
1637 3050 1753 3075 versu
1767 3035 1871 3086 apud

995 3105 1114 3158 Apul.
1139 3101 1260 3154 Apol.
1286 3113 1324 3153 p.
1343 3102 1438 3141 485.
1464 3110 1592 3152 aspra
1619 3099 1753 3136 ostrea
1772 3092 1866 3146 plu-

1573 3163 1602 3206 2
1616 3162 1637 3186 *
