2155 3590
692 163 882 205 LIBER
911 164 1011 221 vu.

106 278 293 336 flTantum
305 284 434 333 potest
445 283 563 318 nutus
572 275 689 318 etiam
702 276 1050 331 magniPrincipis.
1063 274 1168 317 Tota
1175 274 1340 329 denique
1354 274 1523 317 factione
1530 275 1889 319 militariumvexil-
1911 283 1976 317 459

1072 163 1196 205 CAP.
1225 162 1323 203 Vll.
1804 163 1883 206 541

100 429 335 459 Desiderantur
348 428 434 457 enim
445 429 608 457 vocabula
621 428 754 454 tantum
762 429 879 463 potest
890 427 993 454 etium
1006 428 1108 455 nutus
1117 449 1125 465 ‚
1150 427 1208 456 sed
1219 425 1328 455 omnia
1338 425 1386 455 ita
1399 428 1476 454 sunt
1493 428 1628 463 abrasa,
1654 430 1705 464 ut,
1731 434 1814 461 quae
1833 434 1890 455 co-

102 475 186 504 dicis
210 474 306 503 lectio
329 473 417 508 prior
442 473 554 509 fuerit,
580 473 708 500 omnino
734 472 886 507 cognosci
911 475 1061 506 nequeat.
1097 474 1135 501 In
1153 479 1254 507 marg.
1273 478 1293 500 a
1311 479 1352 499 m.
1372 478 1437 499 sec.
1461 473 1613 505 suppleta
1638 475 1730 500 sunt:
1758 474 1892 499 tantum

96 522 214 557 potest
228 521 340 547 nutus.
366 518 553 546 mutilatum
570 518 621 545 hic
642 517 782 545 codicem
804 517 925 554 fuisse,
951 525 992 545 ex
1011 525 1072 551 quo
1091 519 1127 545 G.
1150 518 1178 546 1.
1203 516 1385 550 descriptus
1404 518 1467 549 est.
1492 516 1568 544 hinc
1587 520 1739 553 apparet,
1766 518 1850 550 quod
1869 524 1892 543 a

103 563 337 601 magm'aperte
348 564 483 600 legitur,
504 569 587 596 quae
601 562 672 590 sine
686 562 781 590 dubio
795 565 843 590 est
856 565 933 590 nota
944 562 1098 591 vocabuli
1117 560 1143 594 [ἲ
1170 560 1289 599 etium,
1315 561 1362 589 ita
1374 563 1407 589 ut
1420 563 1521 589 verba
1538 562 1598 588 hoc
1623 562 1733 590 ordine
1759 564 1893 589 tantum

96 611 215 646 potest
233 611 335 636 nutus
361 607 465 634 etiam
489 607 611 642 scripta
631 607 735 635 fuisse
754 607 941 643 videantur,
967 607 1021 641 qui
1039 608 1114 635 ordo
1133 607 1231 635 etiam
1249 607 1284 635 in
1300 607 1336 634 F.
1356 607 1386 634 3.
1408 607 1444 634 G.
1462 607 1493 634 2.
1512 607 1550 633 D.
1572 604 1666 640 [edd.
1686 614 1797 635 omnes
1814 609 1893 635 velt.

102 655 150 682 ita
162 656 274 690 legunt
287 657 317 682 et
330 653 442 682 eadem
453 653 576 680 ratione
588 658 698 680 omues
712 655 881 686 praeterea
894 653 984 680 codd.
997 652 1154 680 habuisse
1166 652 1333 688 videntur,
1359 658 1493 684 quorum
1510 651 1585 679 ordo
1604 654 1729 679 tantum
1748 658 1768 679 a
1780 652 1893 679 Ruhn-

102 699 215 736 kenio,
240 700 319 727 Oud.
339 698 521 726 sententiae
534 699 700 733 obsecutm
721 699 927 731 perturbatus
942 696 1019 731 est.)
1051 698 1134 725 Elm.
1149 700 1308 725 servatur.
1350 698 1432 732 post
1448 698 1550 722 nutus
1564 697 1598 724 0.
1620 698 1735 731 potest
1747 702 1819 723 esse
1831 704 1894 723 mc-

106 746 160 771 tus
181 741 210 772 ὃ.
245 745 366 772 Vocem
395 743 500 770 etiam
528 742 624 771 uncis
654 742 940 771 circumduxerunt
959 743 1069 771 XVow.
1095 744 1127 770 et
1149 742 1251 780 Pric.,
1282 748 1347 776 qua
1370 741 1449 770 Oud.
1474 740 1636 770 sententia
1660 740 1758 769 facile
1783 747 1894 769 carere

104 796 290 823 possumus

106 898 386 942 demonstravi,
428 895 638 948 Apuleium
674 895 775 935 hanc
808 895 971 947 perfecti

105 955 409 992 terminationem
433 953 470 991 in
501 953 576 991 hoc
602 952 756 1003 quidem
779 952 971 991 vocabulo

106 1013 270 1060 eiusque
295 1010 521 1060 compositis
539 1009 788 1060 praetulisse.
815 1008 862 1047 cf.
877 1007 973 1047 Met.

107 1065 190 1104 Vll.
215 1080 252 1118 p.
279 1070 371 1106 460.
403 1065 635 1104 transabit-t.
683 1063 786 1103 VIII.
817 1079 854 1116 p.
882 1068 974 1105 505.

108 1121 275 1174 adicit-J
304 1121 483 1159 Ceterum
508 1121 702 1159 interiisse
726 1119 904 1170 intelligit
924 1119 976 1159 la-

106 1183 237 1217 trones
267 1191 336 1228 per
366 1174 644 1227 λῃστοὸιώκτας
674 1180 713 1213 et
748 1173 974 1229 εἰρηιτὲρχας,

109 1235 158 1273 de
183 1234 321 1284 quibus
335 1232 437 1271 Oud.
460 1236 658 1283 comparat
675 1232 826 1270 Auson.
848 1232 973 1283 Epist.

107 1290 177 1329 IV.
192 1294 256 1330 20.
274 1289 339 1329 An
351 1290 510 1327 mafora
521 1302 684 1340 9erens,
705 1293 792 1327 tota
804 1289 976 1341 reqione

109 1351 304 1399 vayantes
317 1345 581 1396 Pci'sequeris
591 1347 717 1395 fures.
742 1342 912 1381 Plurima
925 1343 976 1381 de

110 1401 354 1445 Irenarclza,
379 1401 443 1451 qui
469 1403 715 1450 grassatores
743 1401 975 1450 conquisitu-

107 1471 175 1496 rus
189 1458 224 1495 in
239 1456 472 1508 provinciam
486 1455 817 1506 proficiscebatur,
836 1456 980 1506 quique

109 1514 201 1552 totis
225 1513 430 1564 provinciis
460 1511 548 1562 paci
579 1511 775 1562 quietique
799 1512 981 1563 publicae

110 1570 352 1622 praefuerat,
377 1571 619 1618 exponuntur
646 1568 682 1605 in
702 1565 874 1605 Miscell.
901 1567 981 1606 Ob-

109 1639 212 1664 serv.
228 1623 316 1663 Vol.
331 1624 380 1663 V.
402 1623 448 1662 T.
467 1623 498 1663 I.
516 1637 553 1675 p.
574 1627 764 1664 26—30.
784 1624 835 1662 ad
854 1624 982 1663 locum

110 1681 294 1732 Xenoph.
306 1680 456 1732 Ephes.
472 1679 516 1718 ll.
532 1693 568 1731 p.
584 1683 649 1726 36,
666 1683 703 1720 6.
721 1680 741 1719 ὁ
760 1679 984 1734 τῆς-εἰρήνης

112 1742 149 1778 ἐν
173 1741 216 1788 τῇ
243 1739 400 1786 Κιλικίᾳ
423 1734 627 1789 προεστώς.

175 1797 347 1833 Tantum
367 1797 505 1844 potest
537 1797 658 1832 nutus
689 1794 809 1832 etiam
843 1793 984 1846 mayni

108 1851 332 1902 principis.
359 1848 435 1901 [Ita
457 1848 560 1887 hunc
584 1848 712 1886 locum
737 1849 853 1887 etiam
866 1849 983 1887 Bern.

114 1906 166 1944 ad
189 1904 289 1944 Plin.
313 1904 510 1956 Panegyr.
537 1918 569 1943 c.
589 1908 653 1944 30.
679 1918 715 1955 p.
734 1909 825 1945 142.
850 1905 983 1944 Arntz.

114 1961 228 2013 legit,
253 1961 319 1999 ubi
344 1961 392 2000 cf.
418 1961 468 1998 de
493 1961 700 1999 sententia:
728 1963 827 2000 Tam
850 1962 985 2006 velox,

120 2018 281 2062 Caesar,
314 2018 502 2068 potentia
537 2021 609 2056 tua
638 2021 710 2061 est,
748 2022 910 2069 tamque
943 2017 987 2055 in

119 2074 254 2112 omnia
278 2074 442 2124 pariter
472 2073 628 2110 intenta
658 2072 818 2111 bonitas
847 2077 886 2111 et
919 2087 985 2112 ac-

118 2130 275 2174 cincta,
311 2132 360 2167 ut
386 2128 540 2166 tristius
565 2127 730 2179 aliquid
753 2128 890 2168 seculo
916 2133 986 2167 tuo

115 2185 249 2236 passis
284 2184 342 2223 acl
371 2184 591 2222 remedium
620 2183 870 2236 salutemque
900 2187 985 2236 suf-

115 2241 248 2293 ficiat,
274 2245 319 2278 ut
330 2240 445 2278 scias.
483 2237 670 2277 Pricaeus
689 2244 888 2290 comparat
899 2240 984 2278 Ari-

119 2296 208 2334 stid.
223 2295 290 2334 IV.
305 2300 341 2337 6.
367 2297 452 2333 Τῶν
475 2293 596 2334 πάλαι
619 2310 673 2341 τις
697 2293 987 2348 αὐτοκρατόρων

119 2349 307 2398 netz-fust,
351 2349 400 2397 ὡς
441 2349 601 2402 λέγεται,
643 2352 707 2390 καὶ
729 2350 871 2402 μεταξὺ
896 2365 989 2405 παρ-

119 2406 360 2459 εφθέγξατο,
401 2404 451 2458 μὴ
493 2404 708 2459 βούλεσθαι
742 2408 992 2459 Νασαμῶνας

120 2463 230 2509 εἶναι,
255 2462 335 2502 εἶτα
359 2466 396 2502 οἱ
417 2463 657 2513 Νασαμῶνες
680 2461 892 2503 ἀπώλοντο.
938 2466 994 2502 At

122 2524 257 2558 contra
281 2532 417 2557 omnes
443 2518 556 2557 codd.
576 2518 678 2557 Oud.
702 2520 889 2571 praeponi
913 2533 992 2558 ma·

121 2575 204 2614 vult
227 2575 455 2627 particulam
480 2576 619 2621 etlam,
646 2588 748 2625 quae
772 2575 835 2614 hic
858 2576 923 2615 vel
943 2577 992 2614 si-

123 2632 277 2684 gnificet
294 2631 539 2682 augendique
554 2632 719 2669 notionis
738 2631 816 2669 vim
835 2632 992 2679 habeat,

122 2702 173 2727 ne
186 2690 305 2727 etiam
317 2688 459 2740 maym‘
472 2687 574 2738 iungi
588 2688 754 2738 possint,
767 2701 868 2737 quae
880 2701 993 2727 mens

124 2745 293 2783 auctoris
317 2758 394 2781 non
420 2743 542 2782 suerit.
569 2743 698 2795 [Bene
717 2743 767 2781 de
786 2744 860 2782 hac
876 2757 994 2783 voca-

123 2800 206 2838 buli
240 2800 519 2851 significatione
557 2801 635 2849 egit
660 2799 787 2838 Hand.
825 2799 994 2839 Tursell.

130 2855 177 2894 Τ.
190 2855 236 2894 Π.
249 2870 286 2907 p.
301 2860 383 2896 560
397 2868 485 2906 sqq.
512 2853 673 2893 Positus
693 2856 906 2906 particulae
920 2870 995 2895 non

128 2911 306 2958 offendit,
343 2926 460 2963 quum
485 2911 550 2948 vel
580 2910 737 2957 suerint,
773 2912 836 2962 qui
863 2913 994 2959 etiam,

130 2968 282 3016 quando
308 2968 500 3019 significat
535 2968 659 3014 adeo,
703 2969 887 3018 postponi
922 2981 995 3006 suo

130 3024 270 3061 nomini
294 3027 578 3063 asseverarent.
628 3023 675 3062 cf.
703 3023 818 3062 Goer.
844 3023 895 3062 ad
920 3023 996 3063 Cic.

129 3078 252 3117 Acad.
282 3092 321 3130 p.
354 3085 445 3120 181.
478 3083 571 3120 214.
620 3079 812 3126 Sufficiat,
849 3079 998 3130 aliquot

130 3134 274 3173 addere
287 3135 486 3188 exempla,
512 3137 653 3187 quibus
671 3135 747 3175 hoc
759 3136 997 3175 demonstra-

1028 900 1100 935 tur.
1127 895 1203 934 Cic.
1218 909 1287 946 pro
1304 896 1414 935 Sext.
1433 909 1463 934 e.
1481 900 1543 935 11.
1563 896 1594 947 §.
1609 899 1676 935 47.
1701 895 1773 948 qui
1796 895 1896 934 sine

1032 953 1175 991 armis
1189 953 1284 990 etia
1294 966 1330 990 m
1346 952 1490 992 consul
1499 952 1790 1004 rempublicam
1804 964 1897 990 con-

1032 1012 1223 1047 servarat.
1254 1007 1340 1046 Liv.
1367 1007 1494 1046 XXII.
1523 1013 1556 1047 1.
1582 1007 1612 1059 §.
1639 1011 1675 1048 3.
1700 1007 1898 1047 mutando

1033 1078 1141 1103 nunc
1159 1068 1344 1110 vestem,
1363 1077 1472 1103 nunc
1491 1068 1720 1116 tcyumenta
1735 1064 1898 1116 capitis,

1036 1133 1206 1158 errore
1242 1121 1387 1158 etiam
1422 1133 1502 1159 sese
1538 1120 1588 1158 ab
1625 1120 1785 1159 insidiis
1818 1133 1898 1158 mu-

1032 1175 1200 1226 ηἰεναῇ]

1088 1230 1398 1270 vexillationum
1428 1232 1648 1283 irzslayatu.
1708 1230 1901 1270 Latrones
1925 1241 1928 1244 ⁴

1032 1288 1067 1324 in
1082 1287 1286 1337 provinciis
1300 1300 1368 1337 per
1380 1287 1523 1325 milites
1537 1288 1784 1326 stationarios
1797 1300 1902 1325 man-

1033 1343 1124 1380 dato
1161 1343 1345 1394 principis
1370 1355 1393 1380 a
1419 1343 1663 1393 praesidibus
1693 1356 1904 1394 proconsu-

1033 1397 1214 1449 libusque
1228 1399 1548 1448 conquirebantur
1557 1404 1595 1437 et
1602 1399 1904 1449 vestigabantur.

1039 1453 1200 1493 Tertull.
1233 1454 1403 1505 Apolog.
1437 1468 1470 1493 c.
1495 1459 1532 1495 2.
1564 1455 1817 1494 Latronibus
1845 1469 1903 1494 ve-

1037 1511 1243 1563 stiyavztlis
1262 1524 1341 1561 per
1364 1512 1569 1550 universas
1584 1512 1822 1562 provincias
1835 1511 1907 1550 mi-

1040 1567 1174 1606 litaris
1196 1568 1322 1605 statio
1345 1568 1527 1606 sortitur.
1570 1567 1657 1606 Huc
1680 1581 1755 1605 non
1779 1566 1909 1605 semel

1039 1622 1118 1661 ICti
1143 1626 1334 1673 spectant.
1364 1621 1515 1661 Paulus
1540 1623 1603 1662 ΙΙΙ.
1629 1623 1721 1673 Dig.
1751 1623 1802 1661 de
1827 1621 1907 1661 Off.

1040 1679 1232 1731 praesid.:
1263 1679 1371 1718 Nam
1396 1684 1436 1718 et
1457 1681 1500 1718 in
1524 1680 1730 1719 mandatis
1749 1680 1908 1731 princi-

1036 1749 1138 1788 pum
1175 1740 1250 1781 est,
1286 1740 1332 1775 ut
1361 1749 1450 1774 cum
1479 1737 1530 1782 is,
1569 1737 1640 1788 qui
1665 1736 1910 1788 provinciae

1038 1796 1219 1844 praeest,
1250 1791 1368 1830 malis
1397 1792 1625 1831 hominibus
1648 1792 1910 1843 provinciam

1039 1861 1226 1899 puryare
1321 1847 1441 1886 Marc.
1467 1847 1513 1886 L.
1533 1847 1584 1886 V.
1619 1848 1671 1886 ad
1705 1847 1804 1898 Leg.
1840 1844 1911 1885 Iul.

1041 1903 1168 1955 pecul.
1190 1903 1406 1942 Mamlatis
1430 1908 1562 1943 autem
1587 1909 1752 1943 cavetur
1777 1903 1828 1942 cle
1850 1916 1911 1942 sa-

1044 1959 1231 2011 crileyis,
1268 1964 1315 1999 ut
1332 1960 1547 2010 praesicles
1571 1960 1815 2012 sacrileyos,
1854 1958 1911 1997 la·

1045 2019 1181 2053 trenes
1229 2016 1488 2067 conquirant.
1536 2015 1767 2066 Respiciunt
1813 2014 1913 2053 forte

1044 2071 1161 2108 etiam
1185 2069 1307 2122 Impp.
1332 2071 1477 2110 Arcad.
1492 2075 1531 2109 et
1544 2071 1687 2110 Honor.
1703 2070 1788 2110 Lib.
1802 2070 1856 2111 X.
1870 2070 1912 2110 C.

1044 2127 1094 2165 de
1118 2125 1306 2178 Episcop.
1341 2131 1382 2165 et
1418 2126 1620 2167 Constant.
1655 2126 1701 2165 L.
1726 2127 1755 2166 I.
1788 2126 1831 2165 C.
1864 2127 1914 2165 de

1045 2182 1203 2221 Custod.
1228 2197 1326 2222 reor.
1352 2182 1399 2222 cf.
1425 2183 1605 2223 Menix,
1630 2197 1667 2234 p.
1684 2187 1776 2224 608.
1802 2182 1916 2222 Haec

1044 2238 1154 2278 Colv.
1179 2239 1351 2279 adnotat.
1376 2238 1478 2278 Oud.
1493 2240 1616 2278 addit:
1643 2239 1705 2278 De
1725 2239 1799 2278 hac
1815 2253 1858 2278 re
1877 2243 1917 2278 et

1045 2297 1194 2346 διωγμῷ
1219 2295 1309 2333 vide
1334 2294 1502 2334 Casaub.
1527 2300 1567 2334 et
1592 2296 1713 2334 Salm.
1733 2295 1784 2334 ad
1803 2294 1830 2334 l.
1846 2294 1917 2334 Ca-

1046 2351 1155 2402 pitol.
1171 2352 1207 2389 in
1215 2351 1265 2391 V.
1280 2351 1403 2391 Marci
1417 2366 1450 2391 c.
1460 2356 1526 2392 21.
1539 2351 1617 2390 Per
1632 2353 1918 2392 veaeillationes

1047 2407 1113 2446 hic
1136 2407 1314 2458 intelligit
1331 2408 1524 2459 Apuleius
1549 2410 1634 2446 sine
1659 2409 1775 2447 dubio
1801 2419 1918 2458 eque-

1051 2467 1156 2501 stres
1178 2467 1346 2509 turmas,
1377 2466 1462 2503 sive
1486 2464 1708 2516 manipulos
1733 2464 1918 2515 equitum,

1048 2523 1091 2558 ut
1108 2524 1223 2559 vocat
1242 2524 1373 2559 auctor
1390 2520 1489 2559 Met.
1503 2520 1572 2559 IX.
1591 2534 1628 2572 p.
1640 2524 1752 2566 610..
1779 2518 1919 2570 quales

1049 2580 1159 2615 erant
1193 2576 1432 2616 auxiliarium
1467 2578 1502 2615 in
1539 2577 1759 2629 provinciis.
1816 2575 1920 2614 Vide

1051 2634 1203 2671 omnino
1242 2632 1431 2672 Scheffer.
1467 2633 1519 2672 ad
1552 2630 1729 2672 Mauricii
1759 2631 1922 2670 Tactiea

1050 2702 1089 2740 p.
1115 2688 1198 2729 420
1223 2702 1335 2740 seqq.
1360 2689 1522 2727 Reines.
1549 2688 1606 2727 Cl.
1623 2687 1725 2726 VIII.
1752 2690 1790 2728 9.
1814 2686 1923 2726 Alibi

1053 2745 1169 2783 etiam
1188 2745 1473 2784 vexillationes
1487 2745 1734 2797 Leyionum,
1760 2746 1800 2781 et
1810 2755 1921 2794 prae-

1052 2801 1186 2839 sertim
1201 2801 1236 2839 in
1252 2801 1467 2840 Brittannia
1491 2804 1709 2839 occurrunt:
1736 2798 1922 2838 VEXIL-

1050 2856 1224 2895 LATIO
1260 2856 1384 2896 LEG.
1423 2855 1490 2896 VI.
1525 2854 1663 2894 VICT.
1699 2859 1741 2894 ut
1764 2859 1804 2894 et
1825 2852 1921 2894 XX.

1053 2912 1194 2952 VICT.
1221 2912 1334 2959 Quae
1353 2926 1453 2963 opus
1474 2911 1565 2950 valli
1584 2912 1676 2950 fecit
1693 2925 1762 2963 per
1775 2910 1924 2962 aliquot

1054 2969 1237 3007 millenos
1261 2982 1420 3019 passus.
1459 2967 1601 3007 Confer
1624 2967 1923 3019 lnscript.Grut.

1054 3038 1094 3075 p.
1121 3029 1242 3066 2568.
1273 3024 1385 3063 Fabr.
1410 3023 1530 3064 Inscr.
1554 3037 1592 3076 p.
1619 3028 1712 3065 758.
1750 3023 1921 3062 Miscell.

1054 3080 1224 3128 Observ.
1259 3079 1361 3118 Nov.
1400 3078 1445 3119 T.
1471 3079 1538 3119 IV.
1572 3093 1609 3131 p.
1639 3084 1733 3122 320.
1778 3079 1922 3119 Paseh.

1055 3135 1252 3188 Caryoph.
1277 3136 1327 3174 de
1353 3134 1510 3177 Therm.
1533 3136 1690 3176 Hercul.
1715 3150 1752 3188 p.
1779 3140 1844 3178 20.
