2221 3667
377 198 461 240 564
638 199 684 240 L.
717 199 936 240 APULEll
968 198 1370 239 MADAURENSIS
1400 198 1943 242 METAMORPHOSEON

376 310 568 352 offerebat
592 311 746 353 hilaris.
793 313 852 353 At
880 313 947 352 illa
971 311 1152 352 sumebat
1182 318 1430 365 appetenter:
1456 318 1496 352 et
1531 326 1813 366 nonnunquam
1843 314 2002 356 basiare
2030 314 2180 356 volenti

252 372 349 412 [193]
374 368 563 422 promptis
589 368 752 409 saviolis
777 366 1052 409 adlibcscebat.
1091 366 1203 420 Quae
1230 381 1294 407 res
1320 368 1458 421 oppido
1485 368 1578 408 mihi
1604 369 1843 422 displicebat.
1881 370 2006 421 Hem,
2030 370 2035 426 1
2058 371 2181 411 oblita

374 437 417 464 es
449 424 674 478 nuptiarum
706 426 839 478 tuique
871 423 991 463 mutui
1025 424 1236 477 cupitoris,
1272 424 1400 476 puella
1429 424 1572 478 virgo?
1606 424 1661 464 Et
1691 425 1747 465 illi
1780 427 1914 466 nescio
1940 428 2003 467 cui
2027 427 2179 468 recenti

372 480 537 532 marito,
566 495 679 535 quem
699 482 769 521 tihi
789 487 972 534 parentes
992 479 1233 529 iunxerunt,
1260 479 1364 520 hunc
1384 480 1575 520 advenam
1603 488 1886 534 cruentumque
1904 496 2179 537 percussorem

370 537 606 591 praeponis?
641 536 727 578 Nec
754 545 791 577 tc
817 536 1061 576 conscientia
1090 536 1287 586 stimulat,
1323 537 1392 577 sed
1417 536 1625 577 affectione
1651 537 1802 577 calcata
1825 538 1931 578 inter
1954 539 2113 580 lanceas
2139 546 2180 580 et

279 592 344 624 468
370 593 522 647 gladios
548 595 645 634 istos
672 593 840 633 scortari
866 592 937 631 tibi
962 592 1083 632 libet?
1108 592 1234 646 Quid,
1263 593 1297 633 si
1317 593 1535 649 quolmodo
1554 594 1726 635 latrones
1747 594 1867 635 ceteri
1889 595 2176 649 persenserint,

368 664 448 702 non
473 665 629 691 rursum
658 662 840 689 recurres
866 649 914 688 ad
940 649 1117 700 asinum,
1146 656 1186 689 et
1209 663 1369 690 rursum
1390 649 1555 690 exitium
1576 650 1670 690 mihi
1690 650 1873 705 parabis?
1896 650 2057 693 Revera
2075 652 2177 693 ludis

366 707 413 747 de
438 707 567 747 alieno
593 706 717 746 corio.

364 822 538 861 aff'aerehat
551 821 580 852 δ.
629 820 777 859 hyllarz‘s
791 824 827 851 G.
843 823 872 851 2.
886 823 926 851 D.
974 825 1007 850 et
1021 821 1085 850 illa
1098 819 1126 851 ὃ.
1166 821 1327 861 sumebat
1343 825 1424 852 G.2.
1438 824 1477 852 D.
1524 823 1674 851 bariare
1695 825 1730 853 G.
1754 825 1783 853 1.
1814 823 1948 852 basiari
1958 826 1998 854 D.
2042 825 2179 862 pronus

363 871 438 898 G.1.
488 867 627 897 subrutis
642 865 929 902 G.1.2.D.P.‹5.p.
965 866 1132 895 suaa-iulis
1152 868 1293 897 Scriver.
1320 868 1444 904 (neque
1457 877 1533 897 vero
1546 870 1631 898 Elni.
1645 868 1749 906 Edit,
1773 872 1807 897 ut
1821 871 1953 898 adnotat
1967 871 2065 907 Oud.,
2092 878 2176 905 quae

362 913 503 942 saviolis
517 918 603 942 recte
615 913 732 948 habet)
748 912 957 941 alibescebat
969 914 1005 942 G.
1020 915 1049 942 1.
1065 915 1094 941 2.
1109 914 1148 941 D.
1163 913 1243 948 [nec
1256 912 1488 949 allz'bescebat,
1502 915 1587 948 quod
1600 923 1617 943 e
1631 916 1666 942 G.
1675 919 1703 943 et
1713 911 1742 942 ὃ.
1757 915 1877 950 profert
1892 915 1971 943 Oud.
1985 913 2176 954 cf.Met.{Ill.

360 968 389 993 p.
407 959 503 993 114.)
526 960 563 987 In
577 962 650 987 cett.
663 957 912 987 adlubescebat.
960 956 1015 986 Eu
1027 959 1178 987 Beroald.
1193 960 1270 987 Bas.
1289 961 1316 988 1.
1359 960 1544 988 mntuz’non
1558 960 1762 994 conspicitur
1774 960 1809 988 in
1823 960 1859 988 P.
1901 958 1964 987 illa
1977 969 2007 995 p.
2031 959 2127 989 illum
2139 962 2176 990 Β,

358 1003 450 1032 illico
464 1011 501 1032 π.
551 1003 604 1031 tui
620 1012 677 1038 pro
697 1004 755 1032 cui
770 1005 806 1033 B.
855 1003 1047 1031 iunxerunt
1065 1005 1100 1033 F.
1121 1005 1151 1032 3.
1171 1005 1207 1032 G.
1224 1005 1253 1032 1.
1267 1006 1298 1034 2.
1319 1006 1359 1033 Ι).
1374 1006 1408 1033 Ο.
1424 1013 1454 1039 p.
1470 1005 1518 1033 ed.
1533 1013 1580 1040 pr.
1594 1005 1723 1034 vicent.
1736 1006 1852 1034 Venet.
1867 1006 1898 1033 2.
1916 1007 2002 1034 lunt.
2015 1007 2047 1035 2.
2068 1007 2174 1036 Colin.

357 1050 436 1078 Bas.
452 1051 481 1078 1.
508 1048 700 1077 vinxerant
710 1050 786 1078 Ald.
800 1051 885 1078 Iunt.
902 1051 930 1077 1.
954 1051 993 1078 In
1006 1049 1144 1083 reliquis
1158 1049 1358 1078 iunxerant.
1406 1053 1672 1087 conventumque
1685 1058 1741 1085 pro
1756 1052 1998 1088 cruentumque
2012 1048 2041 1080 ὃ.
2089 1049 2178 1079 hunc

357 1092 523 1121 advenam
536 1102 669 1131 praepo
691 1097 726 1123 G.
742 1096 791 1131 2.,
818 1095 874 1123 sed
894 1095 1011 1123 ultima
1029 1102 1097 1123 vox
1109 1102 1241 1131 praepo
1262 1095 1363 1123 minio
1383 1096 1489 1124 deleta
1508 1098 1567 1124 est.
1605 1096 1667 1131 Qui
1686 1103 1775 1124 error
1795 1097 1951 1129 quomodo
1979 1097 2176 1125 commissus

355 1140 415 1177 sit7
441 1140 560 1174 cuique
579 1143 723 1175 apparet.
771 1139 864 1167 inter
887 1137 1041 1167 laerones
1059 1141 1096 1168 B.
1143 1139 1229 1168 istos
1255 1142 1345 1169 deest
1370 1140 1404 1168 in
1428 1140 1461 1178 β.
1488 1144 1600 1169 contra
1610 1141 1746 1175 Apuleii
1759 1141 1888 1176 stilum3
1914 1148 1998 1175 quae
2011 1143 2177 1170 sententia

355 1188 403 1213 cst
419 1185 513 1221 Oud.,
539 1193 637 1219 quam
650 1186 799 1219 equidem
813 1193 877 1214 non
897 1186 1003 1220 capio.
1028 1185 1115 1213 Huic
1129 1185 1233 1213 codici
1246 1188 1420 1214 obsecutus
1435 1186 1577 1215 Scriver.
1591 1186 1690 1214 istam
1703 1194 1815 1214 vocem
1830 1186 1924 1215 uncis
1938 1187 2174 1216 circumclusit.

354 1229 531 1258 ‘coortam‘
543 1232 580 1259 G.
593 1233 624 1259 2.
674 1230 754 1258 licet
768 1232 803 1260 G.
815 1232 829 1259 1
839 1232 889 1260 .0.
939 1238 1027 1267 quae
1041 1232 1076 1259 G.
1086 1230 1116 1258 1.
1131 1239 1189 1265 pro
1203 1228 1292 1268 quid.
1318 1231 1350 1258 si
1360 1233 1473 1259 exulat
1489 1232 1651 1261 aVulc.2.
1690 1239 1822 1268 quoquo
1836 1229 1931 1258 modo
1939 1233 2034 1260 Vulc.
2044 1233 2075 1261 2.
2088 1233 2173 1261 Elm.

352 1274 508 1304 latrones
527 1276 636 1304 cetere·
651 1277 687 1305 F.
703 1276 733 1305 3.
755 1277 791 1304 G.
807 1278 837 1304 1.
851 1278 883 1305 2.
903 1277 942 1305 D.
956 1277 993 1305 P.
1008 1276 1029 1304 f.
1054 1277 1092 1304 In
1111 1276 1247 1309 reliquis
1268 1276 1376 1303 ceteri
1393 1275 1558 1305 latrones.
1602 1276 1822 1313 persentiunt
1839 1284 1917 1304 num
1938 1283 2074 1304 rursum
2092 1279 2131 1306 R.
2151 1277 2173 1305 s.

352 1328 516 1349 recurras
535 1322 613 1350 Bas.
628 1323 658 1349 2.
680 1322 770 1350 Coiv.
785 1322 880 1350 Vulc.
894 1322 925 1350 2.
953 1320 1006 1356 [ln
1021 1323 1130 1350 collat.
1144 1321 1381 1354 Lindenbrogii
1396 1329 1561 1349 recurras
1574 1330 1639 1350 non
1653 1325 1832 1350 correctum
1847 1326 1912 1359 est,
1939 1323 2024 1356 quod
2038 1322 2174 1357 saepius

350 1366 558 1400 vituperatae
570 1367 642 1395 eius
662 1367 886 1403 negligentiae
905 1367 1022 1396 tribuo.
1045 1369 1084 1396 In
1098 1368 1134 1395 G.
1148 1367 1179 1395 2.
1199 1367 1286 1395 idem
1307 1367 1373 1403 legi
1387 1367 1479 1395 testis
1492 1371 1542 1396 est
1555 1368 1636 1396 Oud.
1661 1368 1724 1396 Sed
1737 1367 1773 1396 in
1787 1368 1856 1396 cod.
1871 1367 1943 1402 ipso
1957 1367 2107 1402 equidem
2120 1368 2173 1396 in-

349 1412 426 1440 veni
439 1412 634 1448 recurres]

349 1503 415 1540 68.
441 1498 486 1537 Π.
512 1503 548 1539 5.
576 1503 642 1540 58.
674 1499 811 1538 Gloss.
837 1498 939 1538 Phil.
965 1513 1002 1551 p.
1027 1503 1095 1540 43.
1128 1512 1231 1539 com·

347 1561 452 1594 meat
485 1556 694 1607 σνμᾳοιτᾶ,
737 1561 875 1607 (ῥοαῖς
919 1560 1110 1595 commeet
1145 1570 1231 1606 ᾳοι-

344 1610 460 1651 wizo).
490 1611 702 1664 Ἑρχέσθω,
734 1615 1007 1665 κατατρεχέτω.
1069 1612 1229 1662 Saepis-

344 1670 444 1706 sime
470 1669 523 1708 ita
548 1670 688 1719 legitur
707 1669 812 1720 apud
826 1670 1041 1720 Apuleium
1067 1668 1115 1707 cf.
1129 1669 1227 1706 Met.

342 1724 410 1764 lv,
447 1738 483 1775 p.
522 1730 618 1766 281.
661 1727 786 1764 libere
830 1726 1063 1765 discurrens
1106 1738 1228 1764 come

340 1781 531 1821 meabat
564 1796 603 1833 p.
639 1786 732 1823 303.
772 1796 853 1833 per
890 1783 1058 1834 plateas
1101 1794 1223 1819 com-

339 1843 570 1877 meantem
616 1838 818 1892 Psycleem
865 1839 1153 1889 adprecantur
1194 1836 1223 1875 I.

338 1909 376 1946 p.
414 1898 479 1934 61.
518 1895 716 1935 crebritas
753 1895 1119 1934 commeantium
1154 1893 1222 1932 Vl.

336 1965 374 2002 p.
396 1954 489 1992 389.
514 1953 715 2003 vir-qinein
742 1951 859 1990 coelo
885 1955 1222 1990 commeantem

336 2021 375 2058 p.
401 2012 497 2049 416.
521 2012 617 2048 441.
676 2007 736 2046 lta
759 2021 836 2046 non
860 2009 1009 2046 usitata
1032 2007 1222 2058 significa-

336 2065 444 2102 tione
481 2064 578 2103 dixit
613 2064 734 2117 Apul.
773 2064 870 2103 Met.
908 2063 1012 2102 VIII.
1050 2077 1087 2115 p.
1126 2067 1221 2104 550.

335 2123 493 2173 stipato
526 2126 793 2161 commeatu
825 2121 1099 2174 difficultates
1124 2121 1221 2160 illas

335 2178 653 2218 transabircmus
685 2191 722 2229 p.
749 2182 843 2217 555.
872 2191 952 2229 per
985 2191 1118 2216 omnes
1149 2191 1219 2215 uo-

333 2239 458 2273 strum
483 2239 791 2274 commeatum
815 2233 1044 2280 ambulare,
1075 2234 1140 2272 ubi
1164 2234 1218 2272 vi-

332 2290 462 2344 deas]

384 2353 530 2400 partes
560 2348 787 2399 subreptas.
849 2347 930 2399 [De
954 2361 1052 2386 voce
1072 2352 1217 2399 partes

331 2405 351 2441 i.
380 2418 414 2444 e.
439 2407 602 2456 μοιρίόες
626 2417 855 2454 graecorum
883 2404 930 2443 cs.
956 2403 1043 2443 Intt.
1071 2404 1121 2442 ad
1141 2403 1216 2441 Pe-

330 2466 425 2499 tron.
446 2475 477 2500 c.
493 2465 610 2512 33.p.
629 2465 719 2501 180.
770 2461 867 2513 Eyo
894 2462 1058 2513 quidem
1079 2475 1215 2512 paene

323 2519 490 2568 proieci
524 2522 715 2570 partem
753 2531 902 2563 meam,
939 2518 1004 2556 ubi
1037 2517 1214 2556 W⁷ower.

326 2578 503 2613 nostrum
540 2574 667 2613 locum
704 2574 758 2612 ita
793 2575 954 2613 excitat:
997 2577 1214 2625 partesque

326 2632 538 2682 subreptas
565 2636 604 2670 et
622 2636 918 2683 praeyustatas
934 2632 1126 2682 potiones
1146 2633 1212 2682 af-

321 2688 499 2738 ferebat.
557 2687 622 2725 De
657 2700 766 2724 inore
800 2691 996 2732 veterum,
1022 2688 1211 2725 absentes

325 2745 550 2794 potionibus
586 2743 800 2782 honorandi
849 2743 901 2783 cf.
937 2742 1121 2782 (l'Orvill.
1160 2743 1211 2782 ad

326 2800 467 2838 Chai-it.
493 2799 542 2839 II.
573 2814 603 2838 e.
630 2805 667 2840 4.
699 2815 736 2853 p.
763 2803 858 2841 306.
889 2809 1025 2853 μοῖραν
1055 2800 1099 2839 δέ
1126 2814 1210 2839 τινα

323 2855 533 2909 λαβόμενος
557 2853 638 2896 ἀπὸ
663 2858 733 2896 τοῦ
757 2859 907 2896 δείπνου
932 2860 1072 2904 ταῦτα,
1105 2859 1208 2908 φησὶ,

324 2911 519 2963 κομισάτω
554 2929 610 2960 ’τις
644 2917 689 2964 τῇ
726 2913 820 2964 ξένῃ.
881 2912 1002 2964 Apul.
1032 2913 1130 2952 luet.
1162 2913 1208 2952 ll.

323 2983 360 3019 p.
379 2975 469 3010 115.
489 2972 612 3009 mittit
623 2971 722 3008 mihi
735 2970 997 3023 Byrrhena
1021 2971 1206 3015 xeniola,

322 3027 386 3063 nbi
413 3027 459 3065 cs.
486 3040 589 3076 quae
613 3026 785 3079 protuli]
835 3026 1050 3065 Sublectas
1075 3039 1098 3064 e
1117 3040 1204 3064 con-

321 3082 468 3121 iectura
484 3084 623 3133 probat
638 3083 756 3128 Oud.,
782 3083 889 3133 quod
908 3083 1065 3134 quidem
1087 3084 1205 3121 etiam

321 3138 406 3176 eod.
433 3138 483 3177 O.
509 3139 639 3177 habet.
666 3140 754 3177 coll.
782 3141 893 3178 Sei-V.
919 3140 968 3177 ad
988 3139 1096 3190 Yirg.
1118 3139 1204 3179 Eci.

322 3193 388 3231 ix.
416 3198 481 3234 21.
544 3195 770 3247 Subrcptas
806 3201 935 3234 tamen
973 3196 1073 3234 benc
1111 3196 1202 3235 dici-

1290 1502 1350 1537 tur
1380 1499 1430 1537 de
1455 1500 1643 1550 partibus,
1670 1513 1771 1550 qnae
1795 1499 1974 1538 clanculo
2000 1513 2171 1539 summo-

1289 1555 1443 1594 vendae
1467 1560 1576 1602 sunt,
1602 1571 1652 1594 ne
1678 1556 1833 1595 videant
1859 1557 2050 1603 latrones,
2077 1557 2171 1608 quid

1290 1611 1550 1663 Tlepolemus
1575 1616 1677 1664 agat.

1340 1674 1647 1721 praeyustatas.
1699 1667 1810 1721 [Inde
1828 1669 1877 1707 ab
1892 1669 2061 1720 Augusti
2075 1673 2169 1708 tem-

1287 1725 1448 1774 poribus
1468 1738 1491 1762 a
1511 1724 1648 1763 Persis
1667 1725 1868 1764 traductus
1888 1739 1975 1764 mos
1995 1726 2168 1772 invaluit,

1284 1784 1326 1818 ut
1346 1781 1520 1820 minister
1550 1782 1641 1821 vina
1666 1786 1705 1820 et
1729 1782 1840 1821 cibos
1865 1786 2075 1833 antequam
2099 1781 2167 1821 do-

1282 1838 1410 1876 minus
1441 1842 1634 1889 gustaret,
1665 1842 1707 1877 ut
1737 1840 1771 1877 is
1803 1852 1826 1876 a
1849 1838 2078 1890 suspicione
2102 1852 2166 1877 ve-

1281 1895 1370 1932 neni
1398 1895 1496 1933 liber
1520 1908 1614 1933 csse
1638 1898 1791 1947 posset.
1817 1895 1864 1934 cf.
1879 1894 1991 1947 Lips.
2006 1896 2056 1934 ad
2072 1894 2169 1935 Tac.

1280 1952 1386 1990 Ann.
1411 1949 1500 1989 XII.
1536 1955 1600 1993 66.
1638 1949 1787 1991 Meurs.
1814 1952 2023 1991 Auiinadv.
2049 1951 2168 1992 Misc.

1280 2006 1310 2048 Ι,
1323 2011 1385 2048 12.
1401 2011 1440 2046 et
1455 2007 1695 2047 Exercitt.'ll.
1707 2012 1742 2047 3.
1758 2007 1926 2059 Buleng.
1941 2008 1992 2047 de
2006 2007 2165 2047 Conviv.

1281 2078 1312 2102 c.
1346 2069 1383 2104 5.
1422 2065 1458 2103 in
1496 2064 1636 2103 Graev.
1675 2063 1798 2104 Thes.
1838 2065 1971 2115 Antiq.
2005 2064 2050 2104 T.
2075 2063 2164 2104 ΧΠ.

1279 2133 1317 2171 p.
1345 2125 1439 2162 210.
1465 2120 1549 2159 Intt.
1577 2122 1628 2160 ad
1652 2120 1786 2160 Iuven.
1814 2122 1896 2160 Sat.
1922 2120 1990 2160 VI.
2019 2122 2131 2175 634]

1336 2178 1423 2217 leem
1451 2177 1580 2217 oblita
1606 2192 1645 2217 es
1670 2177 1735 2230 [cs.
1762 2177 1813 2216 ad
1837 2176 1956 2230 Apol.
1984 2191 2021 2229 p.
2047 2178 2161 2230 450]

1337 2234 1503 2273 lanceas
1539 2240 1576 2273 et
1604 2235 1788 2286 yladios.
1849 2235 1912 2274 Ex
1941 2234 2033 2273 vitio
2063 2236 2161 2273 arbi-

1276 2293 1354 2329 tror
1389 2291 1426 2328 in
1458 2290 1507 2330 B.
1545 2292 1680 2329 codice
1719 2291 1795 2342 legi
1830 2293 1938 2331 inter
1968 2291 2161 2337 latrones,

1276 2360 1394 2398 quam
1429 2347 1659 2398 scripturam
1690 2347 1793 2387 Oud.
1829 2347 1981 2387 videtur
2011 2361 2060 2386 eo
2084 2348 2161 2386 sibi

1276 2404 1515 2455 explicasse,
1542 2404 1646 2455 quod
1666 2409 1798 2443 auctor
1821 2418 2031 2456 nunquam.
2045 2403 2159 2443 latro-

1275 2461 1389 2499 nibus
1421 2461 1587 2500 lanceas
1619 2461 1809 2500 dedisset.

1272 2518 1406 2556 stimat
1431 2517 1678 2557 sormularem
1704 2531 1799 2555 esse
1823 2518 2070 2557 locutionem.
2215 2547 2221 2569 ,ἶ

1332 2575 1447 2626 quid.
1489 2575 1523 2613 si
1567 2575 1787 2627 quomodo.
1858 2572 1970 2613 Male
2006 2578 2157 2613 tentant
2214 2578 2221 2628 ᾗ

1273 2630 1472 2668 stewech.
1523 2636 1563 2668 et
1601 2629 1709 2668 Colv.
1759 2631 1861 2670 hanc
1907 2631 2154 2683 scripturam,
2217 2634 2221 2641 ²

1271 2687 1530 2726 emendantes
1575 2687 1690 2739 quod
1735 2689 1795 2727 sic
1845 2688 2154 2741 quoquomodo,

1271 2757 1388 2794 quam
1414 2757 1553 2781 vocem
1585 2743 1718 2781 multis
1749 2743 1946 2796 exemplis
1977 2757 2153 2795 compro·

1268 2801 1373 2839 bant

1267 2861 1412 2903 tuetur,
1462 2857 1738 2895 demonstrans
1789 2857 2000 2909 quomodo
2047 2856 2151 2895 idem

1268 2927 1380 2959 esse,
1424 2913 1530 2964 quod
1565 2913 1709 2965 aliquo
1745 2913 1871 2951 modo
1907 2912 1997 2952 coll.
2036 2913 2148 2951 Suet.
2212 2947 2214 2958 ,7

1268 2969 1402 3008 Claud.
1429 2984 1462 3008 c.
1486 2974 1551 3011 24.
1578 2968 1678 3007 Prie.
1704 2969 1754 3007 ad
1779 2968 1876 3007 Met.
1892 2968 1960 3008 IX.
1986 2983 2023 3020 p.
2039 2973 2148 3014 645„
2207 3004 2210 3005 γ

1264 3028 1328 3065 ubi
1354 3026 1401 3065 cs.
1428 3039 1530 3076 qnae
1555 3038 1762 3078 exponam.
2208 3049 2214 3062 2

1320 3097 1462 3122 revera
1487 3083 1598 3122 ludis
1622 3083 1675 3121 de
1700 3082 1837 3121 alieno
1866 3083 1996 3121 corio.
2037 3081 2146 3133 [Lin-

1263 3139 1450 3190 denbrog.
1484 3140 1520 3177 in
1552 3138 1681 3177 adnot.
1713 3152 1833 3189 marg.
1865 3139 1915 3177 ad
1940 3139 2001 3176 ed.
2027 3138 2144 3176 Vulc.

1262 3201 1299 3237 2.
1327 3196 1428 3236 baec
1451 3194 1626 3246 protulit:
1657 3193 1913 3234 Proverbium
1931 3194 2037 3246 apud
2051 3193 2144 3233 Ter·

1869 2462 1923 2500 At
1947 2464 2054 2499 recte
2078 2462 2156 2500 exi-

1458 2800 1570 2838 Bene
1623 2804 1751 2838 tamen
1801 2799 1906 2839 Oud.
1953 2798 2153 2852 vulgatam
2209 2833 2212 2838 .
