2155 3590
675 147 866 188 LIBER
894 149 940 186 Π.
1001 148 1130 186 CAP.
1161 147 1230 185 IV.
1792 146 1847 185 81

51 263 91 302 in
110 260 278 301 Dianam
306 261 434 301 factus
459 267 568 300 tenet
593 259 775 300 libratam
796 259 916 300 totius
936 258 1013 300 loci
1031 256 1316 313 meldietatem.
1361 255 1529 311 Signum
1549 254 1722 309 perfecte
1740 252 1850 294 lucu-
1873 264 1914 291 93

50 319 212 367 lentum,
229 324 339 357 veste
352 316 547 366 reflatum,
563 329 755 371 procursu
767 323 965 370 vegetum,
981 313 1270 355 introeuntibus
1285 311 1441 352 obvium
1455 318 1495 352 et
1506 311 1710 351 maiestate
1722 310 1849 351 numi-

51 374 112 414 nis
136 373 378 413 venerabile.
441 371 574 413 Canes
608 372 804 426 utrimque
831 386 944 412 secus
965 370 1075 412 Deae
1100 371 1227 411 latera
1251 368 1448 419 muniunt,
1483 368 1550 422 qui
1575 381 1692 407 canes
1718 374 1758 407 et
1775 367 1851 420 ipsi

49 430 148 483 lapis
180 436 307 470 erant.
370 427 444 469 His
470 428 571 469 oculi
596 427 818 478 minantur,
858 441 975 469 aures
1000 428 1154 481 rigent,
1193 439 1312 466 nares
1337 424 1468 474 hiant,
1508 438 1579 464 ora
1604 423 1787 464 saeviunt
1811 430 1851 463 et

51 486 211 527 sicunde
240 486 287 526 de
317 485 498 539 proximo
529 485 697 525 latratus
730 485 941 538 ingruerit,
976 497 1062 525 eum
1094 482 1246 538 putabis
1278 482 1325 522 de
1350 481 1528 521 faucibus
1553 480 1692 534 lapidis
1717 479 1848 529 exire,

50 590 169 619 Diana
186 593 222 622 0.
262 591 409 630 fractus
429 591 591 620 excitatur
604 591 638 619 in
651 591 737 619 notis
753 590 866 619 Heius.
881 591 920 618 ad
934 592 1008 619 val.
1023 591 1133 618 Flacc.
1146 590 1184 618 V.
1201 590 1274 618 188.
1288 589 1525 622 typothetarum
1540 590 1571 614 ut
1588 586 1715 614 videtur
1733 593 1851 619 errore,

51 644 148 671 quum
173 639 214 666 ad
234 637 327 665 ovid.
346 637 451 671 Epist.
473 644 513 664 ex
532 638 624 664 Pont.
638 637 692 664 IV.
713 637 743 664 1.
765 637 818 664 3¹2.
831 632 942 670 fictus
960 636 1013 663 hic
1031 635 1132 663 scribi
1151 635 1272 663 iubeat.
1325 631 1442 660 Ii'btam
1461 633 1500 660 D.
1521 639 1539 659 a
1560 639 1599 659 m.
1619 639 1649 665 p.
1690 629 1852 669 profecto

51 680 152 710 lucul.
174 683 195 710 f.
244 680 389 709 relatum
408 683 493 710 Iunt.
512 683 542 709 ⁶2.
594 679 696 708 Cam‘s
715 682 752 709 F.
771 682 801 709 3.
824 682 859 708 G.
915 680 1093 717 utriusque
1111 687 1206 707 secus
1224 680 1262 707 D.
1283 677 1305 706 f.
1358 675 1482 714 lapidis
1502 679 1613 705 erant.
1633 676 1737 704 Basil.
1756 676 1782 703 1.
1803 672 1855 700 Ht'

50 725 141 754 oculi
154 727 190 756 F.
205 728 235 755 3.
285 725 390 754 oculis
408 728 522 755 Venet.
539 728 567 755 2¹.
588 727 715 754 Vicent.
736 732 905 760 perperam
925 726 966 753 cf.
985 725 1116 754 Becich.
1134 725 1241 760 Epist.
1256 724 1308 752 71.
1355 723 1471 760 rigens
1489 723 1617 751 Vicent.
1638 727 1718 748 ares
1737 719 1852 756 rigant

49 779 220 807 operarum
246 772 328 800 vitio
348 776 395 800 est
409 773 442 799 in
457 772 571 800 Venet.
587 773 616 799 4.
631 770 744 808 rigent
756 778 858 798 nares
871 778 935 799 non
948 770 1148 805 conspicitur
1159 770 1194 797 in
1206 771 1284 798 Bas.
1299 770 1328 796 1.
1375 767 1425 796 sic
1437 775 1537 795 unum
1551 765 1633 794 latr.
1648 767 1683 794 B.
1698 772 1756 793 seu
1770 762 1856 791 unde

49 815 111 844 lat.
126 814 155 845 δ.
170 817 201 844 εἰ
212 825 285 844 cum
298 824 335 844 π.
349 814 491 844 secunde
502 818 618 845 Venet.
633 818 663 844 4.
711 814 750 842 de
764 816 924 852 prosimu
939 813 1094 842 latratus
1106 815 1143 843 F.
1158 816 1188 843 3.
1204 815 1239 843 G.
1254 815 1291 842 P.
1305 815 1343 842 D.
1358 821 1388 848 p.
1402 821 1438 841 π.
1452 817 1482 841 et
1496 813 1566 841 edd.
1581 815 1659 840 vett.
1674 814 1750 839 ante
1763 810 1853 839 colv.

48 864 86 891 In
105 865 177 891 cett.
198 866 246 891 est
263 860 418 890 latratus
438 860 476 889 de
491 862 662 898 pron-inm.
710 859 852 898 lapideis
871 862 906 889 P.
927 864 960 889 ut
982 859 1142 889 excitavit
1161 861 1215 889 Dr.
1235 860 1274 888 ad
1290 859 1349 888 Sil.
1362 859 1401 888 11.
1417 859 1491 887 417.
1507 858 1580 887 Liv.
1594 858 1633 886 11.
1647 857 1700 885 61.
1721 852 1851 891 lapides

50 908 87 936 D.
103 914 122 936 a
135 915 174 936 m.
189 905 355 944 p.Iap1'd1·s
368 915 387 936 a
401 915 441 937 m.
455 915 482 935 s.

108 996 149 1033 in
176 995 354 1034 Dianam
376 998 527 1047 factus.
550 994 703 1038 Heius„
729 993 927 1032 Drakenb.

51 1051 259 1103 probante.
296 1051 345 1089 ad
387 1050 457 1089 Sil.
479 1050 545 1089 Vl.
578 1054 670 1091 522.
709 1051 826 1089 scribi
864 1050 927 1088 hic

51 1107 173 1146 voluit
211 1110 320 1160 ficta.
382 1107 465 1145 Sed
505 1110 651 1159 facere.
695 1107 745 1144 de
786 1107 927 1144 statuis

51 1164 153 1202 bene
195 1164 268 1202 dici
311 1168 476 1215 apparet
519 1176 568 1200 ex
603 1162 697 1201 Hor.
736 1162 860 1200 Serm.
899 1161 925 1198 Ι.

53 1224 88 1259 6.
117 1225 150 1260 1.
176 1220 283 1271 Virg.
309 1218 532 1269 Georglll.
560 1223 624 1259 28.
650 1219 712 1256 adi
732 1218 862 1256 Burni.
889 1222 928 1254 et

51 1275 154 1314 Oud.
186 1276 236 1315 ad
269 1275 378 1314 Suet.
415 1274 508 1314 Ner.
540 1289 570 1313 c.
604 1279 667 1314 21.
700 1274 844 1326 [Bach.
877 1274 926 1312 1111

52 1331 165 1370 Ovid.
193 1330 371 1369 Met.V1.
403 1331 515 1382 107.]

106 1388 357 1427 medietatem
384 1387 465 1439 [De
483 1387 558 1425 hac
576 1387 837 1437 similiumque
864 1400 928 1424 vo·

987 997 1097 1043 parte
1142 1006 1174 1031 s.
1225 1005 1301 1031 una
1342 991 1522 1032 duarum.
1561 990 1595 1028 si
1639 989 1756 1028 latine
1804 987 1858 1025 ita

987 1049 1117 1087 dicere
1161 1048 1303 1086 liceret.
1370 1048 1696 1100 Dtrinequesecus
1738 1044 1859 1083 habet

986 1105 1139 1144 Lueret.
1171 1104 1237 1142 lv.
1280 1103 1372 1144 937.
1416 1104 1607 1141 Ammian.
1639 1100 1748 1139 XXI.
1795 1104 1857 1140 12.

987 1161 1108 1199 Solin.
1149 1174 1179 1198 c.
1209 1165 1259 1201 10
1292 1165 1331 1198 et
1361 1164 1424 1200 27.
1455 1159 1570 1197 Mart.
1604 1158 1696 1209 Cap.
1723 1156 1789 1195 Vl.
1821 1170 1857 1208 p.

987 1221 1098 1263 2⁶28..
1125 1218 1190 1267 111ιί
1203 1217 1305 1254 idem
1320 1221 1358 1254 et
1378 1216 1676 1268 undiquesecus
1695 1214 1859 1265 saepius

988 1273 1091 1311 dicit.
1164 1271 1287 1324 [Hinc
1341 1271 1502 1323 intelligi
1557 1274 1691 1322 potest
1744 1282 1859 1321 quam

987 1343 1106 1380 prave
1145 1328 1289 1380 Scalig.
1328 1330 1363 1366 in
1396 1327 1520 1366 Lucil.
1554 1328 1642 1365 Aet.
1664 1331 1756 1367 505.
1788 1340 1859 1377 pro

989 1399 1119 1425 rerum
1135 1387 1305 1438 impetus
1319 1385 1445 1437 ἰφιίε.
1473 1383 1575 1435 1111011
1597 1396 1735 1421 omnes
1754 1382 1858 1421 Mss.

53 1458 139 1483 cnm
175 1445 444 1482 terminatione
481 1443 527 1482 cf.
565 1443 700 1482 Munk.
732 1444 782 1482 ad
814 1442 926 1494 Fulg.

51 1500 181 1552 Myth.
196 1499 260 1538 111.
285 1514 322 1552 p.
338 1505 430 1542 719.
458 1500 584 1553 Stav.]

109 1562 212 1597 ceste
236 1558 433 1610 rellatum.
459 1556 562 1595 Oud.
587 1561 743 1595 vestem
769 1570 792 1595 a
812 1561 928 1594 vento

54 1614 165 1666 quasi
216 1613 333 1652 flante
378 1613 605 1652 renudatum
649 1618 688 1651 et
742 1618 931 1651 remotam

53 1671 140 1709 sive
164 1674 207 1708 ut
231 1669 374 1709 elarius
394 1669 632 1721 intelligatur
652 1675 791 1709 vestem
811 1672 931 1723 resla-

54 1733 133 1767 tam
158 1726 342 1779 explicat.
385 1726 599 1779 [Fortasse
620 1726 670 1765 ad
690 1731 832 1766 restem
851 1726 933 1765 alte

54 1785 301 1824 succinctam
320 1784 461 1821 melius
481 1783 618 1835 possis
637 1783 805 1829 referre,
832 1796 933 1834 qnae

55 1854 172 1891 quum
193 1844 303 1878 esset
327 1841 471 1879 arctius
486 1840 665 1885 collecta,
691 1853 808 1878 aurae
822 1839 928 1877 velo·

55 1898 170 1935 citate
212 1901 252 1935 et
298 1897 487 1935 industria
532 1897 742 1935 venatricis
791 1896 929 1934 fortius

987 1441 1194 1494 praebent,
1243 1442 1479 1480 utrimsecus
1525 1441 1640 1492 1⁰97ch
1688 1439 1861 1477 coniece-

986 1500 1033 1537 rit
1075 1499 1126 1536 de
1168 1498 1327 1538 duobus
1363 1497 1591 1536 craterIbus
1628 1494 1862 1546 intelligens.

990 1555 1076 1594 Hos
1106 1568 1247 1594 versus
1276 1554 1379 1593 male
1411 1557 1577 1592 vexatos
1609 1566 1659 1592 ex
1683 1551 1786 1592 Mss.
1811 1551 1864 1589 ita

991 1613 1176 1651 emendo:

1227 1683 1348 1712 Verum
1364 1682 1504 1717 impetus
1519 1681 1606 1717 ignis

1037 1729 1071 1757 Si
1085 1728 1217 1764 effugiat
1235 1730 1287 1757 vel
1300 1736 1400 1762 quum
1415 1728 1496 1762 ripis
1511 1725 1695 1756 consederit
1707 1724 1815 1755 amnis

1037 1775 1103 1803 Vix
1116 1781 1219 1803 cuneo
1233 1774 1407 1808 quisquam
1421 1773 1482 1801 fixo
1497 1772 1678 1801 dimoverit.

990 1838 1044 1877 Ita
1070 1838 1174 1890 apud
1206 1837 1304 1877 Non.
1333 1851 1368 1889 p.
1385 1842 1477 1879 210.
1503 1851 1534 1876 s.
1561 1851 1595 1875 v.
1624 1837 1776 1876 labium
1800 1835 1866 1873 ubi

987 1897 1305 1948 utrhnquesecus
1342 1899 1449 1933 extat
1486 1895 1536 1931 ita
1570 1894 1748 1945 legerim:
1794 1893 1867 1931 Zo-

56 1958 268 1998 commota,
305 1958 515 1992 retrorsum
548 1954 851 1999 intumescebat.
887 1957 929 1990 ut
986 1953 1139 2006 pyr-ion
1173 1952 1312 1990 labeas
1352 1951 1492 1990 caedit
1522 1952 1724 2003 utrimque
1760 1963 1867 1988 seca-

56 2011 166 2049 sinus
190 2009 364 2048 fluerent.
419 2010 477 2048 lta
508 2010 616 2061 Vin-g.
651 2009 753 2048 Aen.
776 2009 802 2047 I.
834 2013 928 2050 320.
990 2014 1063 2047 tus.
1102 2008 1197 2046 Sine
1222 2007 1301 2046 ullo
1324 2009 1422 2045 enim
1445 2007 1561 2045 ‹lubio
1583 2019 1722 2045 versus
1736 2005 1869 2043 referri

57 2066 163 2104 dicit:
201 2066 329 2106 Nuda
359 2081 469 2119 yeuu
494 2067 687 2119 nodoque
711 2068 819 2105 sinus
844 2065 930 2104 col·
989 2064 1108 2102 dehet
1137 2064 1186 2102 ad
1218 2064 1417 2115 Zopyrum
1450 2063 1574 2109 illum,
1608 2065 1672 2114 qui
1702 2076 1800 2101 naso
1832 2065 1872 2099 et

58 2123 163 2162 lecta
198 2125 375 2175 fluentis.
428 2123 594 2160 Dianam
634 2123 736 2160 enim
774 2121 846 2159 hic·
868 2121 933 2159 dc-
992 2122 1149 2159 auribus
1174 2120 1374 2158 mutilatus
1399 2120 1519 2158 Dario
1547 2120 1705 2171 prol'uit3
1738 2118 1786 2158 cs.
1813 2118 1871 2157 Iu-

58 2179 163 2230 pingi
193 2184 400 2217 venantem
431 2192 544 2217 nemo
577 2183 639 2217 est
676 2179 738 2230 qui
772 2178 932 2216 dubitet.
992 2179 1079 2216 stin.
1095 2177 1121 2214 l.
1151 2177 1231 2228 10.]

59 2235 123 2273 De
154 2235 297 2274 Diana
327 2236 450 2274 altius
480 2236 691 2275 succincta
722 2234 770 2272 cs.
799 2233 933 2272 Claud.
1051 2234 1160 2285 lapis
1187 2233 1266 2285 [De
1292 2234 1368 2271 hoc
1393 2247 1492 2272 num.
1519 2232 1658 2284 singul.
1674 2246 1748 2271 usu
1768 2231 1871 2270 Oud.

58 2291 174 2342 Rapt.
211 2290 324 2330 Pros.
344 2290 390 2329 11.
429 2295 494 2332 33.
532 2290 667 2330 Munk.
707 2290 756 2328 ad
789 2290 933 2342 Hygin.
993 2291 1136 2328 excitat
1165 2289 1301 2328 Heins.
1334 2290 1385 2328 ad
1416 2290 1523 2339 Virg.
1555 2291 1656 2328 Aen.
1680 2288 1743 2326 Vl.
1778 2291 1871 2329 209.

60 2361 90 2386 c.
106 2352 142 2389 9.
168 2361 204 2399 p.
220 2351 284 2388 32.
311 2347 419 2386 Stav.
446 2347 544 2386 Eum.
571 2347 620 2385 ad
646 2346 790 2385 Minue.
812 2346 932 2385 Felic.
994 2348 1057 2398 qui
1099 2351 1229 2385 tamen
1274 2347 1545 2385 diversissima
1588 2346 1753 2384 miscuit.
1799 2343 1872 2396 [cs.

60 2418 94 2455 p.
121 2403 308 2442 XXXIII.
351 2404 411 2442 ed.
461 2408 579 2445 1612.
617 2403 683 2441 sol.
721 2403 842 2441 Bach.
888 2404 939 2441 ad
997 2403 1121 2441 Bach.
1147 2403 1197 2441 ad
1222 2402 1338 2441 ovid.
1365 2402 1462 2441 Met.
1485 2403 1510 2440 1.
1533 2406 1626 2443 355.
1652 2400 1756 2439 wll.
1778 2404 1871 2442 636.

60 2459 174 2498 ovid.
193 2460 291 2499 Met.
311 2459 362 2499 X.
389 2465 482 2503 536.
509 2465 549 2499 et
573 2459 731 2499 Miiller.
759 2460 796 2497 in
824 2459 937 2498 libro:
999 2459 1113 2498 Ovid.
1150 2459 1259 2498 Fast.
1280 2459 1347 2497 IV.
1386 2463 1480 2500 543.
1520 2458 1595 2497 t‘ic.
1633 2458 1683 2496 de
1720 2457 1802 2495 Fin.
1823 2457 1874 2496 V.

61 2516 282 2556 Handbuch
307 2517 342 2555 d.
364 2517 548 2555 Archiiol.
574 2530 610 2568 p.
627 2516 738 2569 525.]
1001 2516 1082 2569 10.]

119 2587 248 2614 canes.
288 2571 365 2629 [Hi
391 2575 620 2612 comitantur
644 2573 771 2611 Deam
798 2586 939 2611 venan-
1056 2573 1134 2612 His
1167 2574 1278 2613 oculi
1307 2574 1515 2612 minantur
1552 2572 1565 2623 {
1571 2571 1633 2610 De
1658 2570 1788 2609 dativo
1813 2570 1875 2609 his

61 2632 140 2668 tem
166 2630 214 2669 cf.
240 2629 430 2670 Mionnet.
450 2630 590 2669 Descr.
609 2629 669 2668 Pl.
686 2634 749 2671 67.
771 2633 808 2671 6.
835 2629 939 2668 ΜϋΙ-
998 2630 1047 2668 cf.
1080 2643 1181 2681 quae
1211 2634 1393 2668 accurate
1423 2629 1571 2680 profert
1596 2627 1697 2665 Cort.
1722 2626 1773 2665 ad
1796 2626 1875 2665 Lu·

64 2686 132 2725 ler.
158 2686 342 2726 Archtiol.
368 2687 438 2725 der
462 2686 604 2725 Kunst.
631 2700 667 2737 p.
695 2686 806 2738 528]
1003 2700 1084 2725 can.
1101 2686 1125 2724 I.
1152 2691 1206 2727 24
1232 2690 1271 2724 et
1297 2690 1389 2726 505.
1415 2690 1455 2722 et
1480 2685 1529 2722 ad
1555 2683 1599 2722 11.
1627 2683 1737 2735 494]

120 2744 325 2797 utrimque
359 2757 483 2783 secus.
537 2742 625 2781 Hoc
661 2748 724 2781 est
759 2742 808 2780 ab
845 2747 941 2781 utra-
1059 2757 1176 2782 uares
1207 2743 1335 2782 hiant.
1379 2741 1444 2793 [cs.
1471 2741 1601 2779 Burm.
1633 2740 1684 2778 ad
1713 2737 1876 2779 Anthol.

64 2813 140 2851 que
166 2798 330 2839 laterum
355 2804 484 2851 parte,
510 2813 535 2838 a
559 2799 697 2838 dextra
723 2803 763 2837 et
786 2798 946 2838 sinistra
1002 2799 1089 2838 Lat.
1104 2799 1131 2838 I.
1158 2813 1194 2851 p.
1211 2803 1303 2841 607.
1331 2812 1405 2837 ora
1431 2799 1632 2842 saccinum
1657 2796 1708 2834 cf.
1732 2795 1802 2835 Dr.
1827 2795 1879 2834 ad

64 2856 177 2903 deae,
207 2861 251 2895 ut
280 2856 491 2909 explicavit
521 2855 644 2902 Oud.,
682 2856 747 2907 qui
771 2854 867 2894 Met.
891 2854 944 2894 X.
1003 2855 1148 2895 Liv.11.
1177 2859 1242 2897 64.
1266 2855 1394 2906 §.114
1701 2869 1704 2872 ·

64 2925 103 2964 p.
136 2916 228 2953 674.
261 2926 296 2964 p.
335 2917 429 2955 682.
461 2926 498 2964 p.
531 2916 624 2954 691.
660 2925 696 2964 p.
730 2916 823 2953 705.
853 2911 946 2950 affe·
1061 2913 1114 2952 de
1139 2913 1338 2965 prostituto
1377 2910 1442 2962 [cs.
1469 2910 1595 2948 Hand.
1636 2908 1806 2948 Turseli.
1832 2907 1878 2947 11.

64 2982 158 3007 rens
206 2969 343 3008 Heins.
385 2969 434 3007 ad
476 2968 591 3008 ovid.
629 2968 725 3007 Met.
763 2968 811 3006 V.
853 2973 946 3010 450.
1005 2973 1156 3020 p..223.
1195 2968 1312 3019 Apul.
1352 2967 1448 3005 Met.
1471 2967 1536 3004 lv,
1575 2979 1611 3017 p.
1628 2969 1720 3007 283.
1757 2964 1808 3004 X.
1841 2979 1878 3016 p.

65 3024 269 3073 refutavit„
338 3028 577 3066 utrimsecus
645 3038 696 3064 ex
767 3024 949 3077 analogia
1006 3030 1100 3067 804.
1130 3024 1248 3077 Apol.
1287 3038 1322 3076 p.
1350 3028 1443 3064 572.
1492 3022 1549 3061 lta
1580 3023 1635 3062 dc
1663 3024 1878 3076 repentino

68 3095 228 3135 compp.
253 3084 544 3128 circumsecus,
582 3084 834 3121 extritzsecus
863 3095 949 3134 pro·
1005 3081 1151 3121 Florid.
1177 3095 1214 3133 p.
1230 3081 1312 3132 62}

67 3138 242 3184 bantem,
268 3139 358 3191 quia
380 3141 616 3179 uta-immas
639 3143 754 3177 esset
785 3139 834 3178 ab
865 3143 950 3178 utra
1064 3139 1233 3193 lapidis.
1280 3136 1382 3176 Oud.
1421 3149 1471 3176 ex
1505 3135 1632 3176 Palat.
1673 3139 1717 3175 et
1747 3132 1880 3174 Guelss.

1707 3201 1736 3244 6
