2155 3590
653 125 838 165 LIBER
867 125 918 164 V.
975 122 1098 162 CAP.
1127 121 1246 162 XIV.
1753 114 1833 157 343

70 257 142 298 que
165 241 315 297 penitus
341 241 491 281 abditae
517 239 662 280 fraudis
688 238 795 278 vultu
820 238 920 277 laeto
946 242 1122 289 tegentes
1147 233 1203 274 sic
1228 231 1401 272 adulant:
1427 229 1595 285 Psyche,
1623 244 1701 269 non
1720 229 1774 268 ita
1795 235 1837 268 ut

70 300 190 354 pridie
220 297 402 353 parvula,
437 304 475 336 et
498 296 580 350 ipsa
604 295 678 335 iam
704 301 828 333 mater
852 307 908 333 cs.
959 291 1154 345 Quantum
1179 295 1290 343 putas
1314 287 1406 327 boni
1430 286 1540 327 nobis
1565 286 1605 325 in
1628 285 1705 325 ista
1730 283 1835 339 geris

69 355 226 410 perula?
272 353 437 407 Quantis
463 351 613 406 gaudiis
638 357 756 390 totam
783 351 934 389 domum
960 355 1130 387 nostram
1156 343 1364 386 hilar-abis?
1401 340 1435 383 Ο
1461 356 1531 382 nos
1557 341 1711 391 beatas,
1741 353 1834 393 quas
1860 345 1927 378 348

69 411 252 466 insanitis
277 409 385 449 aurei
412 408 646 448 nutrimenta
671 405 889 446 laetabunt!
919 404 980 458 qui
1007 403 1040 443 si
1060 408 1276 459 parentum,
1303 405 1346 439 ut
1366 405 1532 452 oportet,
1560 396 1835 452 pulchritudini

69 466 334 522 responderit,
361 478 520 519 prorsus
547 461 695 517 Cupido
721 467 916 502 nascetur.

72 597 230 624 testeutes
247 595 360 623 venet.
375 596 403 622 4.
431 595 594 620 testantes
607 593 681 621 Bas.
697 591 743 620 1.:
768 592 851 619 unde
864 592 1023 618 Stewech.
1038 591 1121 617 male
1134 587 1268 616 coniecit
1284 587 1459 614 tectanees.
1506 580 1693 610 adulantur
1706 583 1742 610 G.
1757 582 1786 609 2.
1799 581 1838 610 1).

69 642 105 669 P·
119 642 153 669 0·
168 637 196 668 δ’·
243 636 380 675 Psyche·
402 640 436 667 G.
452 640 480 666 ’2.
501 636 540 666 D.
587 637 639 664 itu
658 640 745 665 abest
767 638 805 664 ab
820 636 852 663 0.
898 632 1005 670 pridie
1017 634 1052 661 F.
1066 635 1096 662 3.
1122 631 1197 667 (sed
1211 632 1244 660 in
1257 631 1400 666 margine
1419 636 1439 658 a
1451 637 1491 658 m.
1511 627 1683 656 recentiori
1701 629 1747 654 est
1764 624 1838 662 pri-

70 684 177 721 dem.)
203 686 238 713 G.
252 685 282 712 1.
296 685 326 712 2.
344 684 382 712 D.
402 685 438 711 R.
461 683 481 711 f.
502 684 535 712 Ο.
560 684 594 710 In
609 682 724 710 ceteris
739 681 830 709 libris
845 684 872 707 et
887 680 956 707 edd.
971 683 1044 706 vett.
1064 682 1109 706 est
1125 675 1265 713 pridem.
1312 675 1378 703 fam
1393 677 1482 703 abest
1497 680 1517 702 a
1529 673 1567 701 D.
1610 670 1708 707 paris
1722 670 1755 697 in
1769 669 1840 697 isla

64 728 214 768 parvula
226 729 329 758 Basil.
345 730 373 756 1.
388 729 472 756 unde
483 727 614 761 soping.
629 728 773 755 emendat
788 726 820 753 in
834 725 899 752 isto
908 722 1053 760 pari-ulo
1068 723 1138 751 sive
1150 722 1311 751 nascituro
1325 720 1457 748 infante.
1505 714 1626 744 arcula
1638 717 1776 745 Vulcan.
1791 715 1841 743 ed.

69 778 118 810 2..
145 781 226 809 quae
238 774 342 808 Lipsii
357 777 402 801 est
418 773 610 801 coniectura.
642 772 674 798 in
688 771 757 799 ista
768 770 857 807 geris
866 777 937 805 per.
957 769 992 797 F.
1006 769 1036 796 3.
1056 769 1091 796 G.
1106 769 1134 795 1.
1151 769 1179 796 ἱ).
1199 768 1236 795 D.
1255 767 1290 795 P.
1311 765 1332 794 f.
1356 765 1392 794 In
1407 763 1521 792 ceteris
1532 762 1627 791 libris
1640 764 1668 789 et
1683 761 1751 789 edd.
1764 763 1841 788 vett.

70 823 157 849 emat
175 819 265 857 geris
283 818 316 845 ὐι
337 819 404 845 ista
419 825 490 853 per.
536 819 687 844 nostram
707 824 768 844 non
789 818 946 849 comparet
967 814 1000 841 in
1019 814 1131 841 venet.
1152 814 1182 840 4.
1203 811 1305 840 Colin.
1325 812 1353 838 et
1372 811 1447 838 Bas.
1464 810 1491 836 1.
1536 814 1596 834 nos
1615 807 1726 834 exulat
1746 807 1786 834 ab
1806 805 1841 832 0.

71 864 152 893 duos
165 872 218 899 pro
232 870 291 890 nos
305 872 333 898 p.
363 862 509 901 infantis
524 856 959 899 aurer'F.3.lB.R.Ald.lunt.
970 860 998 885 2.
1024 857 1056 884 2¹11
1073 856 1178 884 tantis
1191 855 1305 883 aureis
1318 855 1427 883 inveni
1440 854 1473 882 in
1482 855 1516 881 G.
1526 851 1682 881 1.2.P.D.
1692 851 1726 878 Ο.
1737 857 1802 878 am.
1813 857 1841 883 p.

70 914 100 939 et
113 911 149 939 F.
166 911 194 938 1.
215 913 242 938 et
261 909 408 937 omnibus
426 911 498 936 cett.
512 909 580 936 edd.
595 911 668 935 vett.
681 908 715 934 In
729 905 842 934 ceteris
857 907 935 932 Mss.
950 903 1077 931 variare
1090 902 1281 936 scripturam
1294 901 1376 928 inter
1387 899 1421 926 in
1437 898 1541 925 tantis
1555 895 1669 924 aureis
1680 897 1734 923 vel
1747 892 1846 921 aurei

70 956 149 984 Oud.
164 956 305 983 adnotat.
330 952 542 980 nutrimentis
556 954 591 980 G.
610 953 635 979 1.
651 958 669 980 a
683 959 721 979 m.
737 959 766 984 p.
814 947 902 986 qnod
912 948 988 976 sin.
1015 947 1183 981 scriptura
1196 943 1275 982 quid
1285 944 1329 980 εἰ,
1349 944 1476 978 quaein
1490 943 1563 971 edit.
1578 942 1656 970 oud.
1670 939 1844 975 invenitur,

71 1008 112 1029 ex
124 1002 359 1034 typothetarum
372 1006 475 1027 errore
488 997 521 1025 in
535 1004 604 1025 eam
619 996 810 1030 profluxisse
822 995 963 1026 videtur.
988 999 1084 1025 unium
1097 998 1166 1019 eam
1181 992 1212 1019 in
1227 992 1317 1018 nulla
1330 989 1397 1018 alia
1415 996 1497 1022 quae
1516 988 1555 1015 ad
1574 992 1689 1016 manus
1708 987 1773 1012 erat
1794 984 1845 1011 in-

69 1045 213 1073 venerim
227 1044 376 1072 editione.
400 1044 478 1071 Ond.
494 1043 562 1076 ipse
575 1049 613 1070 ea
627 1043 664 1069 de
679 1049 711 1068 re
724 1041 803 1068 nihil
818 1038 993 1073 admonuit,
1019 1040 1049 1064 ut
1065 1044 1200 1064 errorem
1214 1038 1253 1063 ab
1267 1035 1394 1063 Ruhnk.
1409 1033 1581 1068 profectum
1595 1039 1667 1060 esse
1681 1029 1847 1065 probabile

70 1090 124 1120 sit.
166 1089 324 1127 protinus
338 1096 393 1123 pro
402 1094 544 1124 prorsus
557 1088 670 1116 Venet.
683 1087 713 1113 2.
728 1086 802 1113 Bas.
818 1086 845 1112 i.
861 1083 962 1112 Colin.
1010 1079 1126 1118 vapido
1140 1081 1177 1110 D.

72 1201 124 1239 ita
148 1198 410 1238 emendandus
439 1201 518 1235 est:
556 1210 636 1249 qno
671 1209 710 1234 se
744 1195 932 1233 mentiens
990 1204 1103 1241 quam
1118 1189 1231 1228 nolui.
1275 1188 1387 1226 Certe
1400 1186 1535 1226 mirum
1550 1190 1628 1231 cst,
1655 1183 1847 1236 quomodo

70 1261 237 1308 possent
261 1256 442 1308 quisnam
466 1258 563 1292 esset
587 1257 656 1291 aut
683 1251 832 1303 (μιαίίε,
864 1249 931 1288 lto-

73 1314 197 1351 mines
220 1312 383 1355 intueri,
415 1310 453 1347 id
483 1313 545 1346 est
574 1309 647 1346 snb
679 1307 786 1345 cuius
813 1306 933 1344 forma

73 1381 182 1407 suam
204 1367 405 1418 imaginem
418 1365 591 1403 reserens
606 1364 779 1402 homiues
794 1375 932 1412 cogno-

74 1437 186 1463 scere
210 1427 391 1475 possent,
430 1421 554 1472 quaiis
591 1423 710 1458 esset.
759 1418 932 1458 Nomine

72 1494 164 1519 vero
186 1479 275 1531 quid
295 1479 368 1517 sibi
389 1479 497 1525 velit3
523 1482 652 1516 notum
678 1479 751 1521 est,
775 1476 842 1517 rei,
868 1487 930 1510 ve-

73 1538 171 1576 ritati
195 1537 354 1587 saepius
380 1535 592 1586 opponitur.
619 1532 665 1572 cf.
691 1531 774 1570 Intt.
789 1531 839 1569 ad
854 1530 930 1568 Ne-

74 1598 152 1646 pot.
178 1594 301 1643 Agcs.
326 1591 352 1630 l.
379 1591 410 1642 ὃ.
430 1590 486 1644 2.]

132 1683 315 1723 adulant.
331 1680 491 1733 Aliquot
501 1680 611 1719 codd.
622 1678 826 1718 lectionem
836 1678 935 1717 mlu-

78 1741 214 1779 lontnr
222 1752 338 1790 prave
347 1738 550 1789 amplexus
560 1741 619 1774 est
627 1735 823 1778 Pricaeus,
833 1736 937 1786 prius

77 1796 216 1834 frustra
229 1794 444 1846 adpellant
461 1797 678 1844 auguratus.
716 1791 815 1830 Nam
831 1804 938 1842 prae-

76 1857 270 1904 terquam,
308 1850 409 1902 quod
447 1854 550 1888 amet
584 1848 777 1900 Apuleius
815 1847 939 1886 activa

76 1922 171 1962 prae
184 1906 537 1960 deponentibus,de
552 1920 626 1957 quo
641 1918 714 1942 usu
728 1903 774 1943 cf.
785 1904 834 1941 ad
843 1902 938 1941 Met.

78 1964 144 2003 lV.
176 1978 213 2016 p.
244 1967 357 2008 260„
388 1962 608 2001 Beroaldus
639 1963 713 1999 iam
744 1961 939 2003 docuerat,

78 2021 164 2059 aliis
191 2033 346 2071 quoqne
366 2019 617 2071 scriptoribus
632 2017 806 2056 adulare
819 2017 853 2053 in
868 2028 941 2053 usu

80 2077 216 2116 fuisse.
241 2075 342 2114 Oud.
369 2079 565 2127 comparat
577 2074 714 2110 venet.
730 2072 779 2110 ad
793 2072 942 2110 Auson.

82 2134 186 2173 Grat.
212 2134 297 2171 Act.
323 2145 360 2182 p.
377 2135 469 2172 704.
495 2128 776 2169 c‹l.Toll.1ntt.
802 2128 850 2165 ad
866 2126 940 2164 Cic.

82 2191 132 2228 de
156 2188 234 2227 Off.
259 2187 286 2227 l.
312 2191 378 2228 26.
407 2188 543 2226 Avien.
569 2185 705 2224 Descr.
731 2183 824 2222 Orl).
851 2186 944 2224 338.

83 2247 159 2299 [cui
185 2245 284 2283 adde
309 2243 441 2282 Barth.
466 2239 811 2282 Adve1·s.XXX11.
833 2253 863 2278 c.
884 2244 943 2279 15.

84 2316 122 2354 p.
151 2305 267 2342 1491.
306 2305 344 2338 et
379 2313 478 2350 quos
509 2299 596 2337 W.
628 2297 716 2336 DD.
750 2298 946 2334 enumerat

84 2357 219 2397 Eckst.
245 2357 293 2395 ad
319 2356 435 2395 Arist.
463 2356 506 2394 T.
533 2354 577 2394 ll.
602 2369 638 2406 p.
666 2352 776 2405 762]

142 2448 223 2476 non
237 2438 295 2475 ita
309 2435 516 2488 ntpridt'e.
566 2433 694 2485 [Hanc
719 2432 947 2482 optimorum

86 2493 198 2533 codd.
222 2493 446 2544 scripturam
472 2490 573 2529 Ond.
600 2503 647 2527 eo
673 2487 824 2526 nomine
849 2486 947 2524 refu-

85 2554 159 2595 tat,
202 2549 303 2599 quod
333 2549 475 2600 pridie
505 2545 803 2597 praecedentem
835 2542 948 2581 modo

87 2606 187 2645 diem
214 2606 413 2655 significet,
444 2603 623 2653 adeoque
649 2601 840 2639 sententia
864 2601 950 2650 ipsa

88 2662 243 2708 doceat,
268 2662 344 2700 hoc
366 2661 536 2711 ineptum
562 2671 665 2696 esse.
702 2656 780 2694 Per
804 2655 951 2706 aliquot

89 2719 189 2759 enim
213 2718 298 2756 dics
323 2717 502 2755 abfuisse
515 2728 691 2758 sorores,
714 2726 764 2751 cx
779 2725 853 2762 quo
879 2711 950 2762 pri-

86 2787 190 2814 mum
221 2787 306 2813 eam
337 2774 576 2812 invisissent.
625 2769 774 2808 interea
804 2772 952 2805 uterum

90 2830 271 2869 crevisse.
320 2829 402 2868 Sed
433 2841 549 2879 quum
584 2827 708 2864 lexica
733 2823 950 2874 exemplum

88 2887 300 2938 praebeant
321 2885 432 2924 Mart.
459 2884 546 2934 Dig.
573 2882 659 2920 XL.
687 2885 724 2922 5.
752 2885 812 2921 10.
839 2883 952 2925 extr„

92 2941 194 2981 unde
215 2943 356 2994 pridie
379 2955 449 2993 pro
471 2941 590 2992 prius
615 2938 754 2976 dictum
775 2949 867 2975 esse
888 2949 952 2987 ap-

94 3002 221 3049 paret:
249 3000 320 3050 qui
333 2998 504 3050 pridie
524 3009 640 3048 qnam
656 3008 708 3033 ex
723 2996 953 3032 testamento

95 3054 152 3092 acl
188 3054 409 3093 libertatem
443 3052 691 3104 perveniret,
727 3050 833 3088 idem
864 3048 954 3100 fieri

90 3122 232 3162 passus
262 3113 336 3155 est,
372 3113 503 3150 contra
540 3107 644 3145 Mss.
676 3109 822 3145 mutare
847 3103 952 3155 quid-

990 1246 1127 1285 librarii
1148 1244 1424 1284 accuratissimi
1452 1244 1486 1281 in
1513 1257 1559 1280 co
1585 1237 1848 1293 perstiterint]

1043 1302 1234 1354 parvula.
1289 1301 1395 1339 Grut.
1427 1300 1544 1349 Susp.
1564 1297 1666 1335 ΥΙΙΙ.
1692 1301 1727 1336 5.
1759 1295 1850 1333 (livi-

993 1360 1110 1405 navit,
1132 1371 1282 1410 puero,
1303 1356 1461 1408 puella,
1483 1355 1658 1406 pupula.
1706 1351 1850 1401 Perpe-

992 1428 1081 1454 ram.
1141 1414 1242 1452 Nam
1272 1412 1449 1465 parvula
1480 1411 1635 1448 denotat
1657 1408 1851 1460 puellam,

991 1473 1049 1510 cui
1081 1471 1282 1523 opponitur
1313 1473 1436 1507 mater
1464 1480 1496 1505 s,
1521 1465 1717 1519 mucida,
1752 1466 1793 1501 ut
1817 1464 1852 1500 in

992 1527 1024 1566 T
1029 1528 1223 1566 heocriteo
1255 1539 1323 1578 per
1352 1524 1555 1563 Pricaeiun
1586 1522 1620 1560 in
1646 1519 1853 1559 Addendis

993 1586 1123 1624 citato:
1149 1581 1234 1634 γυνὴ
1257 1578 1376 1633 μήτηρ
1400 1583 1537 1619 ’τοκέων
1557 1575 1706 1630 τρὸφος,
1732 1573 1857 1615 οὐκέτι

994 1638 1105 1692 κώρη.
1145 1640 1271 1679 Parvi
1284 1642 1372 1677 sunt
1385 1636 1591 1676 admodum
1605 1634 1734 1687 pueri.
1766 1631 1855 1676 Adi,

996 1711 1095 1748 quos
1127 1697 1255 1735 Burni.
1288 1696 1428 1733 excitat
1458 1693 1507 1730 ad
1538 1690 1651 1729 Ovid.
1679 1689 1784 1727 Fast.
1812 1686 1856 1725 11.

996 1758 1087 1795 385.
1114 1757 1151 1791 et
1176 1753 1225 1791 ad
1251 1751 1426 1803 Calpurn.
1442 1747 1584 1788 Eetll.
1602 1750 1666 1787 30.
1694 1745 1857 1796 Septim.

996 1811 1044 1849 de
1069 1810 1170 1848 Bell.
1198 1808 1351 1846 Troian.
1375 1806 1400 1844 l.
1428 1820 1458 1844 c.
1489 1810 1521 1845 1.

1052 1871 1188 1905 maier.
1240 1865 1374 1903 Mater
1404 1860 1681 1910 Oudendorpio
1713 1857 1859 1895 durius-

999 1923 1084 1961 cule
1104 1923 1244 1960 dictum
1265 1920 1413 1958 videtur
1433 1931 1500 1969 pro
1521 1930 1568 1954 ea
1589 1928 1687 1965 quae
1703 1912 1860 1965 gravida

1000 1984 1080 2023 est,
1106 1979 1177 2016 nisi
1204 1978 1255 2015 ita
1281 1979 1470 2021 sumatur,
1502 1977 1541 2011 ut
1565 1984 1708 2024 yener,
1740 1970 1861 2009 mari-

1000 2041 1072 2080 ius,
1097 2048 1205 2074 uxor
1231 2033 1298 2077 al.‚
1325 2032 1387 2083 qui
1413 2034 1517 2069 certo
1546 2029 1657 2067 futuri
1680 2030 1782 2068 sunt,
1807 2029 1847 2063 ut

999 2095 1091 2143 pote
1116 2089 1368 2141 sponsalibus
1394 2088 1467 2125 iam
1492 2084 1677 2137 peractis,
1709 2083 1758 2120 de
1784 2083 1862 2131 qui-

1001 2149 1074 2186 bus
1100 2146 1192 2185 adiri
1217 2145 1321 2183 iubet
1344 2143 1434 2182 YV.
1460 2142 1549 2180 DD.
1576 2140 1623 2178 ad
1639 2137 1862 2178 Ovidiuet.

1001 2202 1104 2242 Xllt.
1137 2205 1228 2242 412.
1261 2205 1299 2239 et
1330 2200 1446 2251 Apul.
1479 2198 1573 2236 Met.
1597 2195 1680 2234 VH.
1707 2209 1742 2246 p.
1772 2198 1863 2234 467.

998 2259 1141 2312 puella
1170 2260 1287 2309 ι’·ἰνῃο
1306 2257 1355 2294 de
1375 2258 1446 2294 iam
1461 2258 1588 2305 nupta.
1617 2251 1727 2290 Certe
1742 2256 1866 2290 mate-r

1003 2315 1163 2367 saepius
1183 2315 1302 2364 accipi
1328 2313 1376 2350 de
1401 2316 1529 2363 nupta
1556 2312 1739 2352 matrona,
1766 2320 1867 2357 quae

1003 2371 1172 2424 pariendi
1188 2383 1299 2421 spem
1320 2369 1454 2413 habet,
1481 2368 1565 2418 ipse
1586 2365 1703 2404 docet
1717 2377 1764 2402 ex
1779 2363 1866 2400 dict.

1005 2421 1661 2467 Heins.a‹10vid.Heroidxtlt.13ss.
1678 2420 1742 2473 [ad
1754 2432 1868 2470 quem

1007 2485 1131 2523 locum
1157 2483 1204 2521 cs.
1226 2488 1427 2533 praeterea
1446 2478 1599 2518 Ruhnk.
1622 2477 1722 2515 Dict.
1749 2490 1782 2527 p.
1804 2478 1867 2515 56.

1007 2541 1090 2579 lntt.
1104 2539 1153 2578 ad
1167 2538 1280 2577 Ovid.
1296 2538 1390 2576 Met.
1407 2535 1510 2575 XHI.
1526 2539 1617 2574 412.
1645 2533 1700 2570 lta
1715 2533 1868 2572 coniux

1009 2598 1057 2636 de
1071 2601 1234 2648 sperata
1260 2594 1307 2632 cf.
1323 2593 1447 2632 Hand.
1462 2591 1511 2629 ad
1528 2591 1642 2629 Gron.
1657 2589 1778 2627 Diatiz
1789 2585 1868 2624 TJ.

1010 2667 1046 2704 p.
1065 2656 1156 2693 180.
1170 2651 1337 2690 Broukh.
1354 2651 1402 2690 ad
1411 2646 1713 2687 Tibutl.111.2.4.
1729 2644 1871 2693 Wagn.

1010 2709 1120 2759 Eteg.
1134 2708 1182 2746 ad
1195 2707 1396 2757 Messalp
1413 2710 1474 2745 47.
1487 2707 1562 2742 not.
1573 2702 1697 2753 Heyn.
1707 2700 1754 2739 ad
1767 2700 1871 2750 virg.

1010 2766 1110 2804 Aen.
1124 2763 1211 2802 Vll.
1230 2767 1318 2804 189.
1355 2764 1485 2803 Gener
1504 2758 1690 2797 defuturo
1711 2757 1873 2806 coniuge

1012 2821 1058 2860 cf.
1071 2821 1189 2859 Burni
1204 2819 1250 2859 ad
1266 2819 1356 2858 vat.
1371 2818 1499 2856 Flacc.
1514 2814 1577 2853 Ill.
1593 2817 1684 2854 497.
1701 2813 1811 2851 Serv.
1825 2811 1875 2849 ad

1010 2878 1111 2917 Aen.
1128 2876 1168 2915 ΙΙ.
1185 2880 1275 2916 344.
1296 2875 1404 2914 Male
1419 2872 1627 2923 Sopingius
1643 2867 1875 2907 emendavit:

1012 2934 1232 2974 admodum
1257 2937 1381 2970 mater
1407 2944 1454 2968 es.
1504 2927 1560 2966 Es
1589 2939 1711 2977 posse
1742 2924 1875 2970 deleri,

1011 2989 1204 3028 sententia
1229 2992 1290 3025 cst
1314 2986 1433 3038 Ond.]

1071 3046 1196 3085 nurci.
1248 3044 1328 3096 [De
1353 3054 1499 3083 aureus
1523 3053 1591 3090 pro
1610 3038 1786 3091 pulcher
1827 3036 1876 3075 cs.

1013 3102 1145 3141 dictat.
1172 3100 1218 3138 ad
1246 3100 1340 3138 Met.
1366 3098 1393 3137 Ι.
1419 3112 1456 3149 p.
1483 3096 1537 3148 2.]
