2221 3667
295 157 381 201 496
550 159 599 199 L.
628 159 851 200 APULEH
880 159 1285 201 MADAURENSIS
1315 159 1864 202 METAMORPHOSEON

170 241 269 286 [185]

202 247 410 337 436}tauro
441 271 509 311 sed
542 272 653 313 asino
681 271 688 328 Ι
716 274 996 328 dependentem
1028 270 1179 313 Dircen
1215 272 1431 323 aniculam,
1463 271 1470 328 Ι
1496 280 1702 327 sumtaque
1736 274 1958 315 constantia
1990 273 2096 314 virili

293 327 447 368 facinus
479 329 597 369 audet
627 330 946 384 pulcherrimum.
998 327 1173 368 Extorto
1207 329 1351 369 etenim
1383 329 1469 369 1010
1506 330 1687 370 manibus
1717 330 1824 382 eius,
1857 344 1918 371 me
1943 330 2096 385 ΡΙιοίῐίε

291 470 394 495 tameo
409 476 465 504 pro
481 471 582 497 tauro
597 467 626 499 δ.
674 468 803 496 Dircen
822 470 857 497 F.
882 470 908 496 1.
929 470 960 496 2.
980 469 1010 496 3.
1032 477 1065 502 φ.
1087 476 1116 503 p.
1137 470 1172 497 0.
1199 471 1314 497 Incert.
1331 467 1442 497 aleten
1462 467 1492 498 δ.
1528 468 1642 498 ducem
1656 471 1692 499 G.
1707 471 1744 499 P.
1757 471 1796 498 D.
1820 472 1857 499 ln
1871 473 1943 499 cett.
1958 468 2096 499 directe.

289 512 442 541 Λίνος-[ηε
459 515 588 544 Viceut.
637 514 787 543 andacia
806 522 861 548 pro
881 513 1080 541 constantia
1093 515 1129 542 F.
1147 516 1175 544 1.
1190 524 1222 548 φ.
1238 511 1267 543 δ’.
1281 516 1394 544 wow.
1409 516 1494 544 Prie.
1542 518 1683 543 extorto
1704 514 1789 542 enim
1811 517 1847 544 G.
1867 516 1906 544 D.
1948 514 2097 551 placidis

287 559 324 588 F.
352 561 380 588 1.
406 561 441 588 G.
467 561 504 588 P.
529 562 568 589 1).
594 563 631 590 ss.
658 561 677 589 f.
699 568 726 594 ι).
748 560 781 588 0.
809 559 884 593 (qui
910 566 931 587 a
951 567 991 587 m.
1012 567 1042 594 p.
1068 562 1163 588 habet
1185 558 1319 597 plagis]
1338 557 1367 589 δ’.
1388 562 1484 589 Vulc.
1503 562 1534 589 2.
1554 562 1667 589 Wow.
1686 561 1773 589 PrIc.
1797 562 1834 589 ln
1854 564 1928 589 cett.
1943 559 2098 597 placuis-

285 670 508 709 universum
534 683 668 708 omnes
694 668 776 706 sere
801 669 1024 719 scriptores.
1051 669 1097 708 cf.
1113 669 1164 708 acl

285 725 380 765 Met.
409 726 470 764 lll.
497 740 534 777 p.
561 731 653 766 289.
680 728 920 777 reformata.
953 726 1085 764 Burm.
1111 726 1162 764 ad

285 782 402 822 ovid.
428 783 523 820 Met.
540 782 604 819 lv.
621 785 714 821 566.
746 781 811 820 De
835 781 922 820 aliis
951 782 999 821 cf.
1016 782 1160 820 Deder.

285 840 335 877 ad
361 839 462 877 Dict.
490 838 589 876 Cret.
616 837 756 876 Introd.
787 852 824 890 p.
850 837 1001 877 XXIX.
1050 839 1161 877 Haec

285 897 358 933 etsi
374 896 530 944 largior.
546 908 618 933 nec
631 895 683 934 ita
696 894 868 945 refragor
882 895 971 934 huic
993 895 1159 941 lectioni,

283 966 383 1003 quae
420 951 603 989 facillime
640 951 842 1003 depravari
879 957 1050 1004 poterat.
1085 967 1158 990 nou

281 1013 428 1046 temere
449 1012 575 1045 tamen
596 1008 843 1046 reiiciendum
865 1022 964 1046 esse.
979 1013 1071 1060 puto
1087 1024 1158 1048 ea·-

284 1066 360 1109 z'la;
400 1065 503 1115 quod
536 1065 820 1116 significatione
853 1065 936 1103 fere
962 1080 1063 1104 nova
1088 1080 1157 1117 pro

281 1122 568 1173 (lirnlssatione
582 1122 870 1173 explicaverim.
909 1123 1043 1162 Exire
1057 1124 1157 1160 enim

280 1178 370 1227 quia
386 1192 524 1216 omnes
538 1192 602 1216 res
616 1178 810 1221 dicuntur.
837 1192 938 1229 quae
952 1179 1157 1231 vulgantur

279 1238 319 1271 et
345 1239 542 1281 emanant,
568 1239 611 1274 ut
635 1237 684 1274 ab
711 1236 891 1274 omnibus
917 1237 1092 1287 conspici
1119 1240 1158 1274 et

276 1291 399 1329 audiri
432 1296 595 1342 queant,
633 1296 675 1330 ut
707 1291 782 1330 Cic.
815 1292 906 1331 dicit
937 1307 1007 1344 pro
1034 1292 1154 1331 Rosc.

276 1348 365 1386 Am.
381 1347 408 1387 Ι.
424 1349 702 1401 lVeqaaqnam
720 1350 906 1388 similiter
919 1351 1054 1388 oratio
1069 1364 1155 1389 mea

276 1407 418 1443 exire
457 1411 606 1458 atque
643 1407 693 1443 in
724 1406 901 1458 vulqus
932 1420 1156 1446 emanare

270 1463 440 1513 poterit.
461 1461 563 1513 Nep.
584 1462 684 1500 Ann.
714 1476 744 1500 c.
767 1465 803 1502 9.
826 1465 983 1514 samam
1007 1463 1152 1508 exisse,

277 1520 415 1558 exitus
440 1520 548 1558 vocis
572 1518 635 1556 hic
653 1519 796 1556 (lictum
819 1532 912 1557 esse
927 1533 994 1570 pro
1010 1532 1151 1569 magno

276 1576 447 1614 clamore
468 1575 782 1615 existimaverim.
810 1588 910 1625 quae
935 1589 1012 1613 vox
1039 1577 1150 1626 quasi

275 1633 310 1670 in
333 1631 474 1683 vulgus
506 1636 662 1671 emanat
687 1636 725 1670 et
749 1632 798 1669 ab
826 1633 1006 1670 omnihus
1034 1632 1154 1682 perci-

274 1689 392 1740 pitur,
418 1688 622 1727 altissima.
662 1689 741 1726 Sed
764 1688 1003 1727 difficultatis
1020 1689 1152 1727 nescio

274 1745 368 1797 quid
391 1745 596 1796 utrobique
616 1744 774 1796 restat]

332 1801 500 1840 Dircen.
550 1801 673 1839 Mirae
698 1805 789 1840 sunt
818 1801 906 1840 W.
940 1801 1029 1840 Dl‘).
1056 1800 1150 1839 allu-

273 1858 508 1904 cinationes,
536 1859 676 1908 quibus
703 1858 890 1910 optimum
917 1858 1044 1896 locum
1072 1873 1151 1897 cor-

272 1922 465 1966 ruperunt.
514 1914 570 1953 lta
608 1914 758 1953 insulse
796 1918 834 1952 et
865 1914 982 1965 plane
1019 1915 1151 1965 inepte

272 1971 457 2011 Brantius
495 1973 660 2010 coniecit
697 1972 905 2017 diereeta,
944 1971 1048 2021 quod
1086 1973 1151 2009 vix

274 2030 361 2079 capi
387 2032 539 2080 potest,
566 2028 739 2079 Schegk.
773 2028 809 2066 in
843 2027 996 2066 Praem.
1023 2042 1055 2066 c.
1086 2032 1148 2069 13.

274 2086 342 2124 die
366 2086 472 2123 recti
497 2099 564 2136 pro
592 2086 650 2124 ad
676 2086 781 2123 dlem
809 2087 949 2132 erecti,
978 2084 1073 2123 Pius
1100 2085 1150 2123 ad

271 2141 400 2180 Plaut.
427 2141 605 2180 Mostell.
632 2141 659 2180 l.
690 2146 774 2182 1.8.
803 2143 1038 2180 dierectum.
1066 2142 1150 2180 Sed

273 2200 360 2249 quis
374 2198 424 2236 de
439 2199 600 2236 veritate
616 2199 792 2236 lectionis
804 2199 959 2237 Dircen
974 2198 1150 2237 dubitare

272 2255 419 2306 possit,
457 2268 573 2305 quam
605 2270 678 2293 non
710 2255 839 2293 solum
872 2256 1004 2306 optimi
1036 2255 1148 2294 codd.

272 2312 435 2358 habent,
473 2313 547 2350 sed
585 2312 730 2363 optime
762 2312 879 2350 etiam
911 2311 1151 2350 vindicarunt

273 2369 424 2407 Schott.
457 2370 492 2406 in
531 2369 700 2407 Obscrv.
740 2368 766 2408 l.
809 2374 870 2409 10.
909 2373 948 2406 et
987 2370 1147 2420 Sciopp.

272 2427 308 2463 in
348 2424 463 2477 Corp.
502 2425 626 2477 Epist.
663 2424 794 2464 Burin.
835 2424 879 2464 T.
911 2424 954 2463 ll.
994 2439 1030 2476 p.
1066 2425 1147 2465 52?

274 2481 408 2534 [Unde
435 2482 602 2521 Gesner.
634 2482 670 2519 in
705 2481 865 2520 Luciau.
899 2482 1011 2520 Asin.
1039 2496 1070 2520 c.
1087 2487 1150 2523 23.

270 2553 308 2591 p.
336 2543 429 2580 591.
456 2539 637 2578 emendat
660 2553 730 2590 pro
757 2537 861 2589 δικὴν
886 2542 1021 2591 κέρκου
1046 2538 1152 2591 dcxliv

272 2598 429 2648 Δίρκης,
471 2596 575 2647 quod
612 2595 776 2634 Belinus
813 2597 952 2647 probat
994 2597 1030 2634 in
1069 2610 1150 2634 ver-

271 2653 396 2699 sione,
422 2654 484 2703 qui
510 2657 616 2691 totus
643 2652 753 2690 locus
777 2652 893 2689 velim
920 2652 1149 2692 conseratur.

270 2709 292 2760 ἡ
332 2711 371 2748 ὁὶ
409 2714 525 2762 waic
560 2703 686 2760 ἐπειδὴ
726 2707 819 2748 «εῖδει
855 2706 1149 2761 ἀποὸιὸοάσκειν

273 2766 438 2817 ἕτοιμον,
463 2763 703 2829 3ααβάνεται
720 2781 765 2817 με
789 2781 828 2804 εκ
848 2770 914 2817 τῆς
933 2764 1063 2817 οιοᾶς.
1090 2769 1155 2806 καὶ

273 2839 402 2885 ειχετο.
429 2820 498 2874 ἐγώ
520 2825 559 2863 ὸὲ
580 2824 684 2871 αξιοι)
703 2822 869 2875 κρημνοῦ
886 2824 951 2861 καὶ
971 2821 1154 2863 θανάτων

273 2874 399 2919 ἄλλων
423 2876 539 2919 εἰπών
565 2879 657 2919 «ιῖιαι
681 2877 724 2919 τὸ
750 2877 826 2918 ino
845 2881 977 2932 γραιας
995 2878 1043 2918 (3.3.
1047 2880 1151 2929 abac,

273 2934 405 2989 ἔσυρον
436 2933 565 2989 αὐτήι.
595 2954 616 2988 η
645 2937 685 2975 δὲ
709 2934 801 2987 μαλ’
821 2934 1022 3002 ανέκραῖεν
1052 2935 1150 2977 ἔνδο-

273 2997 345 3031 θεν
369 2993 434 3044 τὴι
458 2993 653 3046 παρθένον
676 2991 744 3045 τὴν
768 2989 1026 3046 αἰχμάλωτον·
1062 2992 1084 3045 ἡ
1111 2995 1153 3034 δὲ

273 3052 416 3115 φζροςε3.
415 3055 545 3090 &osvo-a
570 3052 635 3090 καὶ
653 3053 788 3090 ἰδοῦσα
811 3054 926 3103 >paim
947 3052 1089 3103 Δίρκην
1114 3051 1153 3099 ἐξ

272 3121 362 3144 mov
397 3106 578 3159 ἡμμένηι,
614 3107 739 3158 τολμῐὶ
772 3106 952 3158 τόλμημα
987 3115 1153 3159 γενναῖον

273 3163 339 3203 καὶ
352 3155 489 3212 α’ξιον
470 3179 699 3216 απονεενοημ
697 3163 766 3204 ’νου
780 3165 1152 3217 veau'exov.Aer12v

1221 670 1259 717 ἐξ
1273 663 1372 717 ὄνου,
1400 674 1439 709 ut
1455 670 1566 710 Cour.
1581 684 1631 709 ex
1645 671 1756 709 codd.
1771 670 1962 722 probavit,
1986 667 2098 722 ἡμμέ-

1220 743 1284 777 νην
1310 728 1421 765 vertit
1439 727 1628 779 Apuleius
1653 729 1770 766 asino
1796 728 2098 779 dependentem

1220 784 1396 829 Dircen,
1429 798 1544 836 quarn
1568 784 1730 822 Luciani
1762 784 1969 822 lectionem
1994 782 2098 822 Oud.

1220 840 1309 878 ideo
1324 841 1482 879 reiicere
1496 855 1570 879 non
1587 841 1777 886 debebat,
1804 840 1910 891 quod
1925 846 2098 878 veterum

1220 911 1333 935 nemo
1348 897 1526 943 dixisset,
1542 897 1685 935 Dircen
1701 898 1795 936 tauri
1810 896 1959 935 caudae
1974 897 2098 934 fuisse

1219 953 1449 1004 adligatam,
1474 954 1547 992 sed
1575 954 1754 993 crinibus
1777 954 1827 992 ad
1855 967 1898 992 os
1922 954 2009 992 eius
2035 952 2098 990 vel

1220 1010 1381 1061 collant.
1409 1011 1490 1048 Sed
1507 1025 1554 1048 ne
1568 1010 1762 1061 Apuleius
1777 1010 1934 1061 quidem
1961 1011 1996 1048 in
2023 1009 2099 1047 hae

1218 1068 1509 1119 comparatione
1533 1071 1611 1106 tam
1637 1071 1842 1106 accuratus
1868 1071 1948 1111 est,
1979 1079 2096 1117 quum

1218 1123 1321 1174 apud
1336 1137 1423 1161 eum
1438 1138 1536 1163 anus
1551 1138 1625 1162 non
1641 1137 1690 1161 ex
1704 1124 1814 1162 asino
1833 1123 2003 1175 pendeat
2022 1121 2096 1160 sed

1217 1193 1267 1217 ex
1281 1181 1365 1218 eius
1384 1180 1482 1227 loro,
1510 1195 1585 1232 quo
1601 1194 1775 1230 sequens
1790 1179 2095 1231 protrahebatur.

1216 1236 1279 1274 De
1307 1236 1438 1274 sabula
1463 1238 1610 1277 Dirces
1635 1237 1682 1276 cs.
1709 1236 1881 1275 Broukh.
1908 1236 1958 1273 ad
1979 1234 2094 1286 Prop.

1216 1293 1280 1331 lll.
1312 1297 1372 1333 13.
1400 1297 1466 1334 38.
1514 1294 1650 1333 Barth.
1676 1294 1726 1332 ad
1753 1294 1850 1332 Stat.
1879 1291 2003 1332 Theb.
2031 1291 2093 1329 ΠΙ.

1216 1354 1309 1390 204.
1337 1350 1495 1389 Dircen
1518 1352 1633 1395 enim,
1659 1349 1763 1401 quod
1780 1349 1880 1387 filios
1894 1349 2093 1400 Antiopae

1214 1407 1381 1445 Zethum
1397 1411 1436 1444 et
1449 1407 1713 1458 Amphionem
1741 1406 1883 1456 exponi
1911 1406 2093 1450 iusserat,

1214 1463 1264 1501 ad
1279 1467 1427 1501 taurum
1450 1464 1674 1501 indomitum
1694 1463 1908 1513 deligatam
1924 1462 2093 1501 crinibus

1213 1520 1276 1557 lilii
1304 1520 1381 1558 vita
1407 1521 1612 1570 privarunt.
1662 1519 1708 1558 cf.
1735 1519 1880 1570 Hygin.
1906 1518 1984 1556 sab.
2000 1523 2037 1559 7.
2053 1522 2091 1558 8.

1210 1576 1340 1626 Heyn.
1368 1577 1420 1614 in:
1450 1576 1668 1629 Antiquar.
1695 1577 1903 1628 Aufsc‘itze
1930 1575 2026 1613 fasc.
2055 1579 2092 1614 2.

1214 1637 1515 1683 1¹-18‘³——‘³‘³!1.
1556 1633 1732 1671 Eandem
1759 1631 1929 1670 fabulam
1956 1631 2094 1683 adtigit

1215 1689 1317 1737 Ful‘
1321 1693 1394 1728 eut.
1414 1690 1590 1741 Exposit.
1608 1690 1732 1728 Seimm
1747 1703 1783 1740 p.
1790 1692 1918 1729 778.s
1922 1701 1980 1727 ..v
2003 1688 2091 1727 clia-

1214 1746 1392 1785 bolares:
1419 1747 1654 1786 Diabolum
1665 1719 1954 1798 prostibulum,
1971 1758 2093 1798 qnam

1212 1817 1292 1855 eqqo
1329 1807 1508 1843 actatum
1546 1808 1590 1842 ut
1630 1803 1810 1841 Dircen
1842 1803 2092 1853 partitam

1210 1860 1431 1905 reddam,
1469 1860 1533 1897 ubi
1573 1859 1731 1898 lorsitau
1764 1858 1976 1908 legendum
2010 1861 2090 1895 est:

1210 1916 1326 1954 adtr
1337 1917 1454 1955 itam
1479 1916 1685 1985 reddam
1711 1915 1773 1953 iel
1799 1917 1969 1954 artitam
1988 1928 2089 1966 per·

1212 1972 1336 2024 dant]

1266 2033 1477 2081 semitaque
1502 2029 1733 2068 constantia
1760 2029 1879 2067 virili.
1906 2028 1985 2066 Vix
2005 2030 2088 2078 pot-

1210 2089 1272 2123 est
1297 2085 1476 2135 intelligi,
1520 2100 1585 2124 cur
1603 2085 1793 2124 Pricaeus
1821 2084 1898 2124 hoc
1934 2084 2090 2135 quidem

1210 2140 1296 2180 loco
1324 2143 1527 2188 andacia,
1560 2142 1666 2193 quod
1691 2142 1916 2194 paucissimi
1942 2144 2090 2179 tantum

1211 2199 1323 2237 codd.
1351 2199 1556 2250 praebent,
1588 2199 1827 2250 probaverit,
1859 2211 1977 2248 quum
2001 2197 2090 2248 ipse

1209 2256 1260 2293 ad
1285 2255 1381 2293 Met.
1408 2254 1459 2293 X.
1486 2269 1524 2307 p.
1552 2260 1645 2298 615.
1678 2269 1776 2294 suae
1803 2255 1894 2294 edit.
1931 2268 1968 2306 p.
1996 2258 2090 2294 704.

1208 2312 1269 2351 ed.
1286 2312 1390 2350 Oud.
1406 2314 1637 2352 constantia
1650 2313 1814 2363 saepius
1827 2325 1896 2363 pto
1912 2310 2088 2356 audacia,

1208 2370 1449 2421 impudentia
1479 2370 1571 2421 poni
1602 2369 1707 2420 apud
1739 2367 1952 2420 Apuleium
1986 2371 2090 2406 cete-

1206 2439 1353 2477 rosque
1379 2430 1548 2465 moneat.
1584 2424 1711 2464 Recte
1737 2425 1841 2464 Oud.
1873 2424 1950 2464 hoc
1973 2437 2089 2463 voca·

1212 2483 1347 2521 bulum
1374 2496 1396 2520 e
1423 2483 1562 2533 glossa
1577 2482 1730 2520 videtur
1749 2482 1972 2533 irrepsisse,
1999 2482 2090 2532 quia

1210 2539 1374 2578 alterum
1389 2539 1516 2589 magis
1530 2539 1655 2577 visum
1671 2540 1723 2577 sit
1737 2539 1944 2577 convenire
1970 2538 2088 2576 verbo

1209 2610 1372 2635 sumere.
1429 2596 1512 2634 Sed
1560 2608 1684 2647 saepe
1734 2596 1969 2634 constantia
2011 2608 2088 2632 non

1209 2659 1272 2691 est
1296 2653 1370 2691 nisi
1385 2654 1503 2691 virtus
1529 2653 1662 2698 animi,
1688 2652 1813 2690 timori
1828 2664 1903 2690 non
1919 2651 2088 2696 obnoxii,

1208 2710 1396 2761 intrepida
1426 2709 1618 2748 fortitudo.
1645 2708 1693 2747 ef.
1719 2708 1818 2747 Dav.
1845 2711 1884 2746 et
1908 2707 2012 2746 Oud.
2037 2706 2089 2745 ad

1215 2766 1329 2805 Caes.
1345 2766 1390 2805 B.
1407 2766 1454 2805 G.
1469 2765 1496 2804 Ι.
1512 2770 1578 2806 40.
1603 2766 1653 2804 ad
1671 2764 1740 2803 Vl.
1755 2769 1821 2805 25.
1847 2762 2032 2814 Veget.1.
2048 2767 2088 2803 2.

1211 2823 1394 2876 [Tertull.
1421 2823 1470 2861 (le
1496 2822 1663 2861 Patient.
1687 2827 1720 2862 1.
1751 2821 2087 2860 Constantiam

1211 2880 1469 2920 admonendi
1492 2879 1515 2917 i.
1531 2893 1563 2917 e.
1589 2878 1793 2918 audaciam
1805 2876 1960 2916 Ernest.
1978 2876 2086 2915 Clav.

1211 2936 1288 2975 Cic.
1313 2950 1348 2976 s.
1361 2950 1396 2975 v.

1269 2936 1452 3033 Extorio
1476 2993 1629 3032 etenim.
1667 2989 1812 3043 [Recte
1827 2990 1945 3029 docet
1957 2989 2086 3029 Hand.

1211 3049 1382 3089 Tursell.
1391 3049 1435 3088 ll.
1446 3063 1482 3101 p.
1492 3053 1572 3090 543
1582 3061 1670 3100 sqq.
1685 3048 1828 3086 etenim
1840 3047 1946 3098 apud
1958 3047 2087 3085 bonos

1209 3107 1421 3159 scriptores
1434 3118 1629 3158 nunquam
1643 3104 1845 3157 postponi,
1871 3117 1990 3155 quum
2002 3115 2088 3155 pat-

1208 3164 1352 3204 ticulae
1376 3165 1437 3202 vis
1456 3167 1498 3202 ut
1510 3165 1771 3214 praeponatur
1783 3160 1943 3212 flagitet,
1969 3159 2086 3199 bune-
