2155 3590
616 182 803 222 LIBER
835 181 952 232 vul.

1014 181 1142 221 CAP.
1167 180 1216 220 V.
1241 180 1277 217 V
1288 179 1314 218 l.
1779 175 1857 218 657

61 294 206 334 dimisit
240 294 439 344 lanceam,
479 300 588 335 tanto
623 295 689 335 ille
725 295 880 348 quidem
917 294 1121 343 fidentius,
1161 299 1307 346 quanto
1344 291 1525 330 crederet
1563 289 1653 329 ferri
1690 288 1862 329 vulnera

62 351 204 390 similia
232 352 362 391 futura
387 359 572 404 prosectu
596 352 784 391 dentium.
835 351 922 392 Neo
954 366 1033 390 non
1066 358 1196 390 tamen
1225 347 1349 402 ipsam
1382 361 1537 400 quoque
1562 345 1726 385 bestiam
1757 344 1862 383 sacili

62 421 178 446 manu
205 407 454 461 transadigit.

639 579 1082 626 CAPUT
1182 576 1337 629 VI..

176 712 239 751 Ad
259 711 363 752 hunc
387 713 541 752 modum
569 713 728 752 delinito
753 712 912 763 iuvene,
942 711 1063 751 exciti
1090 709 1251 750 latibulo
1272 722 1343 749 suo
1364 707 1528 761 quisque
1551 706 1696 747 familia
1717 713 1867 746 moesta

63 838 193 868 dimisit
209 841 245 869 F.
262 842 293 869 3.
313 842 348 869 Β.
369 849 400 876 p.
423 843 492 870 edd.
508 846 584 870 ven.
600 849 703 875 usque
723 842 765 869 ad
783 841 876 869 Colv.
915 838 1055 867 dimissa
1069 837 1224 866 lanceam
1237 839 1273 866 F.
1291 839 1319 866 1.
1336 839 1366 865 et
1400 835 1538 864 innm’sit
1556 838 1668 871 postea
1683 838 1807 864 exulat.
1833 837 1870 863 ln

64 889 137 914 cett.
151 886 270 921 legitur
283 886 430 914 immisit.
477 886 631 914 lanceam
651 895 762 914 omnes
782 887 873 915 codd.
895 889 923 914 el
939 886 1009 913 edd.
1027 888 1105 913 vell..
1126 892 1228 918 usque
1248 885 1288 912 ad
1303 884 1392 911 Colv.
1407 885 1506 910 verbo
1526 884 1718 916 postponere
1737 882 1872 910 adnotat

64 932 142 959 Oud.
168 932 230 959 Sed
250 932 284 960 in
303 934 338 959 G.
361 933 388 960 1.
408 934 440 960 2.
460 934 496 961 B.
515 935 553 961 D.
574 931 793 967 praepositum
815 931 936 959 inveni.

64 976 99 1003 in
118 978 154 1005 G.
176 978 204 1004 1.
226 978 256 1005 2.
278 978 312 1005 0.
332 978 370 1006 D.
385 986 420 1006 π,

984 931 1093 958 Verba
1111 931 1208 956 cantu
1231 936 1332 962 usque
1352 928 1394 956 ad
1410 930 1521 954 tamen
1535 934 1599 954 non
1625 927 1873 961 conspiciuntur

471 981 568 1005 tanco
587 976 646 1005 illo
666 978 737 1006 edd.
758 979 835 1005 vell.
856 978 984 1010 praeter
1001 977 1115 1003 Venel.
1136 976 1167 1002 4.
1188 974 1297 1002 Paris.
1336 975 1434 1000 tanto
1455 970 1585 1009 quidem
1596 969 1766 1007 fidentius
1779 969 1836 998 ille
1851 970 1872 998 s.

58 1024 224 1056 prosecta
242 1023 278 1050 Β.
309 1022 473 1060 profectu
494 1025 576 1051 lunt.
599 1025 626 1051 1.
642 1025 671 1051 2.
691 1023 767 1051 Ald.
799 1020 964 1059 profecta
985 1022 1033 1048 ed.
1053 1028 1100 1053 pr.
1114 1020 1241 1048 vie-vnn.
1257 1020 1370 1047 Vellet.
1385 1019 1416 1046 2.

1465 1025 1596 1054 qaoque
1616 1017 1819 1045 desideratur
1838 1015 1873 1043 iu

65 1067 102 1094 G.
118 1068 147 1095 2.
163 1068 198 1096 P.
217 1068 254 1095 L.
269 1075 304 1095 π.
321 1068 358 1095 D.
378 1069 467 1096 Vulc.
483 1071 581 1098 Mete.
594 1069 706 1097 XVow.
721 1067 806 1095 Prie.
854 1066 962 1101 ipsam
978 1065 1080 1092 etiam
1095 1063 1236 1091 bestiam
1251 1065 1287 1092 G.
1305 1065 1332 1091 1.
1347 1064 1382 1090 Ο.
1398 1062 1419 1090 f.
1469 1060 1686 1098 transadegit
1699 1063 1734 1090 G.
1752 1063 1779 1089 1.
1795 1062 1829 1089 0.
1845 1057 1874 1088 ὃ.

65 1112 207 1140 Scriver.
234 1111 422 1140 transadiic
436 1115 484 1142 ed.
501 1114 682 1148 pr.Vicem.
696 1115 777 1141 lunt.
789 1114 817 1140 ¹1.
827 1112 1024 1140 Ald.Venet.
1035 1112 1064 1138 4.
1074 1110 1180 1138 Paris.
1208 1106 1502 1136 transadiiVenet.
1513 1109 1542 1136 2.
1557 1107 1598 1136 cf.
1608 1108 1746 1135 Mehlv.
1758 1115 1786 1141 p.
1797 1107 1876 1135 262.

157 1154 295 1193 definito
309 1159 345 1186 F.
360 1160 389 1187 3.
405 1168 437 1192 φ.
452 1158 475 1187 f.
489 1155 518 1187 δ.
533 1166 569 1186 π.
586 1166 615 1192 p.
629 1160 665 1187 G.
681 1159 710 1187 1.
724 1158 759 1185 0.
773 1158 802 1185 si
815 1157 893 1186 fides
907 1159 955 1184 est
969 1156 1053 1184 Prie.
1078 1157 1159 1183 Nam
1174 1154 1207 1183 in
1221 1156 1319 1183 Gron.
1332 1153 1508 1182 collatione
1521 1154 1615 1181 nulla
1634 1155 1705 1180 erat
1719 1152 1875 1180 varietas.

65 1202 180 1231 Venet.
196 1205 225 1231 4.
239 1203 346 1231 Paris.
361 1205 444 1232 Elm.
459 1204 580 1232 Floria.
604 1205 641 1232 In
655 1205 729 1231 cett.
744 1200 916 1241 defuncto.

69 1323 210 1349 caussa
236 1315 315 1358 est,
341 1326 407 1351 cur
431 1310 533 1350 Oud.
559 1311 780 1350 emendatio
807 1310 941 1362 displi-

69 1371 172 1413 ceat,
198 1368 262 1406 vel
287 1367 338 1406 ad
362 1381 475 1419 seqq.
502 1368 703 1408 vulnera
728 1367 878 1406 similia
902 1369 942 1403 et

67 1436 107 1474 p.
139 1428 233 1464 582.
270 1426 460 1476 respexit:
499 1425 701 1463 vulnera
738 1423 815 1462 illa
850 1426 941 1461 cett.

69 1478 173 1526 Quid
186 1481 220 1518 in
239 1480 404 1519 lectione
419 1480 606 1521 cruribus
626 1479 858 1518 offensionis
877 1479 941 1524 sit,

68 1549 144 1574 non
169 1536 298 1575 video.
329 1537 385 1575 At
410 1551 534 1577 crura
556 1539 796 1587 femoraque
820 1536 941 1588 potis-

68 1592 210 1631 simum
230 1594 279 1631 ab
293 1607 387 1644 apro
402 1593 586 1632 dilaniata
604 1593 746 1639 fuisse,
774 1594 944 1631 indicant

68 1662 180 1700 seqq.
191 1680 200 1695 ‚
222 1650 328 1699 quod
342 1649 593 1700 Thrasyllus,
612 1654 655 1688 ut
668 1650 829 1688 vulnera
843 1661 944 1700 quae

70 1707 156 1757 ipse
182 1705 326 1744 inflexit
347 1707 428 1758 apri
449 1707 589 1746 ictibus
609 1706 751 1745 similia
771 1706 945 1744 videren-

68 1766 146 1807 tur,
172 1761 296 1801 femur
320 1763 449 1802 solum
473 1762 700 1816 percussit]

126 1819 283 1858 dimisit
305 1820 499 1859 lanceam.
538 1819 756 1872 [Lectionis
776 1819 851 1856 vim
872 1819 947 1856 etsi

70 1874 172 1913 Oud.
197 1876 299 1914 bene
324 1877 542 1927 perspexit,
567 1877 630 1915 hic
643 1880 770 1914 tamen
786 1875 948 1914 immisit

72 1945 158 1970 cum
184 1931 272 1971 aliis
288 1933 400 1971 codd.
415 1933 654 1972 retinendum
669 1946 764 1971 esse
779 1931 945 1975 censuit,

71 1988 160 2026 coll.
187 1988 274 2027 dict.
301 1989 347 2026 ad
375 1988 521 2028 Lucan.
536 1989 599 2028 lll.
627 1994 721 2030 426.
748 1988 830 2026 Sed
856 1987 947 2038 quia

73 2044 391 2094 frequentissima
421 2049 484 2084 est
520 2045 619 2084 haec
656 2046 792 2090 dictio,
829 2043 947 2082 rarior

72 2113 164 2138 vero
204 2115 275 2140 nec
308 2115 379 2153 pro
413 2106 528 2152 captu
560 2102 796 2140 librariorum
827 2100 948 2138 tritior

72 2156 215 2203 altera,
251 2158 413 2196 immisit
440 2159 570 2210 potius
601 2172 672 2209 pro
703 2157 947 2209 glossemate

75 2226 150 2263 ego
176 2213 375 2252 habuerim
401 2228 550 2259 eorum,
577 2214 640 2265 qui
667 2215 826 2253 dimisit
856 2212 948 2263 quid

74 2270 150 2308 sibi
175 2270 315 2315 vellet,
344 2285 419 2308 non
445 2264 732 2310 intellexerunt.
781 2269 949 2308 Dimisit

75 2339 167 2364 vero
192 2331 257 2365 est
269 2328 398 2365 emisit
415 2341 583 2374 emanu,
608 2331 649 2365 ut
663 2340 733 2378 per
747 2326 949 2365 dexterum

75 2383 197 2422 femur
222 2384 310 2429 iret,
337 2397 451 2434 quam
471 2384 583 2422 unice
598 2397 728 2422 veram
745 2383 949 2421 lectionem

75 2453 169 2478 esse
194 2440 434 2478 demonstrat
466 2440 702 2491 praepositio
726 2453 816 2491 per,
849 2451 950 2490 quae

75 2497 109 2534 si
147 2497 306 2536 immisit
342 2496 471 2547 legas,
515 2497 578 2535 vix
614 2496 770 2534 defendi
810 2498 949 2546 potest.

77 2552 164 2590 Nee
187 2554 313 2591 minus
339 2553 522 2604 displicet
553 2554 728 2593 demisit.
761 2551 866 2603 quod
897 2551 949 2589 (Ιί-

78 2609 197 2655 eitun
216 2609 370 2660 quando
391 2625 414 2649 a
433 2610 634 2661 superiore
653 2610 827 2661 corporis
840 2611 951 2660 parte

79 2665 220 2704 serrum
246 2666 427 2705 deorsum
448 2667 693 2717 immergitur.
720 2665 770 2705 cs.
786 2664 887 2703 Oud.
901 2663 952 2702 ad

77 2721 314 2761 Lucaanl.
330 2727 424 2764 (321.
450 2723 578 2762 Burm.
595 2723 644 2760 ad
663 2721 777 2760 Ovid.
794 2719 951 2759 Heroid.

79 2777 189 2817 XIV.
228 2783 265 2820 5.
322 2780 512 2819 Deiicere
553 2779 607 2818 ita
647 2778 738 2816 alibi
793 2778 952 2828 saepius

77 2835 238 2873 verbum
275 2840 501 2874 venatorum
539 2839 612 2874 est.
662 2834 712 2873 cf.
742 2834 873 2872 Bm-m.
903 2832 955 2870 ad

81 2891 171 2928 val.
204 2890 335 2930 Flacc.
367 2892 393 2931 Ι.
430 2896 522 2933 191.
555 2896 595 2930 et
619 2891 742 2929 Buen.
768 2890 819 2929 ad
843 2889 954 2929 Lact.

82 2946 174 2986 lust.
201 2946 228 2986 I.
255 2953 292 2989 9.
318 2948 351 2998 ᾗ.
377 2953 413 2989 2.
438 2961 476 3000 p.
503 2948 586 3000 54]

141 3003 228 3042 cm».
252 3003 320 3044 Vl.
357 3006 540 3058 definito.
579 3004 727 3057 [Quam
753 3003 816 3041 alii
843 3015 957 3053 prae-

83 3059 208 3098 ferunt
246 3061 451 3100 lectionem
490 3062 690 3111 defuneto
734 3073 851 3110 quum
887 3073 958 3110 pro

83 3115 327 3165 glossemate
362 3118 549 3163 habeam,
588 3119 678 3168 quia
711 3116 865 3154 facilius
896 3119 960 3153 est

81 3172 299 3215 intellectu,
331 3174 503 3227 definito
534 3175 570 3212 in
598 3175 799 3225 defuncto
825 3185 894 3222 per
921 3171 959 3209 li-

998 1309 1148 1348 brarios
1162 1308 1329 1353 abiisse,
1354 1321 1468 1358 quam
1483 1307 1569 1345 vice
1583 1320 1716 1352 versa,
1741 1306 1876 1344 retinui

998 1378 1156 1410 vocem,
1183 1377 1419 1415 quamquam
1444 1363 1550 1402 aliud
1576 1363 1662 1401 eius
1688 1362 1877 1413 significa-

999 1422 1116 1460 tionis
1142 1420 1366 1472 exemplum
1393 1421 1564 1457 invenire
1589 1434 1664 1456 non
1691 1423 1867 1469 poteram

1001 1477 1118 1524 Quod
1151 1478 1253 1515 enim
1285 1476 1384 1515 Elm.
1417 1489 1467 1514 ex
1500 1476 1635 1513 Sidon.
1668 1474 1802 1525 Apoll.
1830 1473 1867 1510 V

1002 1534 1130 1586 Epist.
1156 1534 1222 1573 ult.
1249 1533 1425 1584 protulit:
1453 1533 1712 1571 iustissimmn
1736 1536 1811 1576 est,
1837 1535 1882 1569 ut

1003 1591 1222 1643 definito
1247 1591 1307 1629 sie
1334 1590 1506 1642 quisque
1535 1593 1716 1626 nostram
1747 1600 1881 1626 sncce-

1004 1648 1096 1693 dat,
1127 1660 1232 1685 mere
1264 1649 1324 1684 est
1355 1645 1551 1685 ficticium.
1583 1644 1621 1682 id
1648 1643 1752 1693 quod
1778 1642 1881 1681 Oud.

1003 1705 1077 1742 iam
1104 1704 1297 1755 probavit3
1324 1715 1412 1741 nam
1437 1714 1574 1740 omnes
1600 1701 1688 1738 edd.
1716 1704 1755 1738 et
1781 1712 1882 1749 quos

1003 1760 1099 1799 vidit
1123 1760 1226 1799 oud.
1253 1759 1365 1797 codd.
1393 1758 1526 1808 legunt
1553 1758 1621 1795 die
1642 1759 1792 1808 saneto
1818 1754 1881 1792 vel

1006 1818 1207 1868 defuneto
1228 1820 1268 1854 et
1285 1829 1354 1866 pro
1368 1816 1474 1852 varia
1488 1814 1655 1851 lectione
1671 1813 1740 1851 alie
1749 1813 1881 1865 finito.

1003 1872 1056 1911 Ut
1085 1887 1177 1911 vero
1205 1873 1326 1925 finire
1356 1871 1459 1909 idem
1491 1873 1554 1908 est
1582 1869 1750 1920 Apuleio
1777 1867 1884 1918 quod

1005 1929 1196 1982 defvmyi,
1223 1928 1269 1967 cf.
1285 1927 1336 1965 ad
1348 1927 1445 1965 Met.
1462 1925 1579 1977 V1.p.
1597 1929 1711 1965 433..
1736 1926 1790 1962 ita
1816 1925 1883 1963 de-

1001 1987 1135 2038 sinire,
1167 1998 1284 2035 quum
1309 1983 1501 2034 significet
1524 1995 1607 2020 rem
1633 1982 1683 2020 ad
1709 1981 1884 2019 ultimum

1004 2042 1117 2080 linem
1133 2041 1368 2093 perducere,
1394 2043 1594 2089 totamque
1607 2038 1806 2090 perlicere,
1822 2041 1884 2074 est

1005 2099 1232 2142 interlicere,
1258 2097 1438 2135 occidere
1452 2096 1661 2133 homiuem.
1688 2094 1886 2133 efiGloss.

1004 2154 1152 2193 Placid.
1184 2168 1221 2205 p.
1243 2158 1336 2194 454.
1364 2151 1577 2204 defuiiyi
1602 2151 1704 2189 enim
1727 2151 1886 2202 finire

1005 2213 1227 2264 siynificat,
1237 2211 1346 2250 unde
1361 2210 1412 2248 de
1424 2208 1689 2247 morientibus
1699 2208 1887 2245 dicimus.

1006 2268 1131 2306 Huius
1152 2268 1260 2304 vocis
1280 2265 1601 2316 significationem
1617 2264 1774 2301 innuere
1793 2261 1885 2299 mihi

1007 2324 1158 2362 videtur
1184 2323 1318 2361 Gloss.
1347 2321 1501 2360 Philox.
1527 2334 1565 2372 p.
1583 2323 1646 2360 63.
1675 2319 1887 2371 definitum

1009 2383 1220 2433 ὃιορισθέν,
1246 2376 1466 2422 τελειωθέν,
1493 2375 1792 2427 ἀπηλλαγμένον.
1819 2375 1886 2413 cle-

1004 2439 1098 2490 fi'nit
1104 2433 1252 2489 διορίζει
1264 2431 1510 2474 ἀπαλλάττει.
1520 2430 1785 2472 Ἀπαλλιὲσσω
1795 2444 1885 2467 vero

1009 2497 1071 2532 est
1083 2507 1303 2537 removere,
1324 2505 1344 2531 e
1357 2491 1492 2530 ¹medio
1507 2490 1660 2528 tollere.
1688 2486 1887 2526 cl'.l.loind.

1009 2550 1058 2588 ad
1083 2549 1186 2589 Plat.
1210 2549 1329 2600 Hipp.
1356 2561 1392 2600 p.
1408 2551 1501 2588 291.
1527 2546 1593 2589 B..
1620 2549 1658 2582 et
1683 2540 1888 2594 ἀπαλλαγή

1009 2607 1208 2658 explicant
1233 2605 1368 2644 Gloss.
1396 2603 1527 2654 cyrill.
1555 2615 1593 2652 p.
1619 2605 1712 2641 383.
1739 2600 1885 2640 abitus.

1010 2665 1033 2702 i.
1047 2677 1080 2702 e.
1106 2676 1224 2701 mors.
1250 2661 1391 2712 Neque
1410 2659 1513 2697 enim
1532 2672 1617 2696 raro
1637 2656 1741 2707 apud
1756 2655 1887 2693 Xeno-

1011 2720 1197 2771 phontem
1235 2719 1374 2769 legitur
1411 2712 1615 2765 ἀπαλλαγὴ
1648 2713 1715 2752 τοῦ
1743 2713 1824 2763 βίου
1850 2715 1890 2748 et

1012 2776 1116 2827 apud
1142 2775 1259 2825 Diog.
1285 2774 1416 2812 Lam-t.
1436 2771 1506 2811 IV.
1527 2774 1591 2812 (34.
1618 2769 1694 2807 hoc
1719 2768 1889 2816 genitivo

1014 2847 1087 2870 nou
1103 2832 1237 2871 addito
1252 2825 1458 2880 ἀπαλλαγή
1472 2827 1522 2865 de
1537 2827 1654 2864 obilu.
1691 2825 1754 2863 De
1768 2822 1889 2863 ἀπαλ-

1013 2886 1229 2929 λάττεσθαι
1252 2901 1321 2938 pro
1347 2886 1450 2925 mori
1476 2883 1524 2921 cs.
1546 2881 1725 2932 Thucyd.
1751 2879 1797 2918 ll.
1824 2885 1888 2920 42.

1004 2946 1198 2997 .J)efinit0
1212 2947 1416 2995 praeterea
1428 2939 1618 2992 praefero.
1646 2937 1748 2988 quod
1765 2937 1891 2987 magis

1016 3002 1066 3041 ad
1103 3001 1324 3040 violentiam
1361 2998 1556 3048 pertinere
1585 2993 1779 3037 videatur,
1816 3006 1892 3042 qua

1017 3073 1040 3097 a
1071 3057 1284 3107 Thrasyllo
1322 3053 1582 3105 Tlepolemus
1618 3053 1781 3088 necatus
1818 3053 1891 3090 est.

1018 3127 1255 3165 quamquam
1264 3111 1444 3162 clefemyi
1453 3109 1570 3146 etiam
1580 3107 1633 3145 ita
1643 3106 1780 3155 legitur
1788 3105 1890 3156 apud

1021 3170 1122 3207 (furt.
1149 3169 1211 3208 ΙΙΙ.
1241 3173 1310 3208 11:
1347 3168 1470 3206 Circa
1495 3177 1660 3203 currum
1688 3162 1811 3200 Darii
1835 3163 1891 3200 ἰα-

1523 3231 1577 3270 ‚71⁰

1553 3258 1577 3270 ἢν
