2155 3590
654 123 833 164 LIBER
856 123 929 163 IX.
978 121 1102 162 CAP.
1132 121 1254 162 XXI.
1767 113 1848 158 805

70 255 116 282 ao
146 252 245 293 pone
275 252 363 278 eum
386 236 574 292 Myrmex
603 237 770 278 vinculis
801 236 984 286 obrutus,
1018 249 1096 275 non
1127 234 1278 288 quidem
1304 246 1435 273 coram
1460 244 1590 271 noxae
1614 229 1846 284 prehensus,

71 294 312 337 conscientia
336 301 465 334 tamen
490 294 658 347 pessima
690 293 908 348 permixtus
938 291 1109 332 lacrimis
1140 289 1323 331 uberibus
1353 303 1399 329 ac
1429 287 1636 342 postremis
1659 286 1848 326 lamenta-

70 351 260 401 tionibus,
287 350 529 391 inefficacem
550 357 768 391 commovet
786 348 1097 397 miserationem,
1125 352 1339 400 opportune
1351 343 1598 384 Philetaerus
1618 355 1846 390 occurrens,

69 421 298 462 quamquam
324 407 480 447 diverso
506 407 667 459 quodam
694 405 851 459 negotio
877 404 1114 454 destinatus,
1141 401 1346 455 repentina
1365 408 1494 440 tamen
1515 399 1615 439 facie
1633 405 1848 453 permotuS‚

68 478 146 504 non
172 463 272 504 enim
297 462 529 512 deterritus,
557 463 736 502 recolens
761 460 1022 502 festinationis
1048 472 1142 499 suae
1167 458 1362 507 delictum,
1388 463 1432 496 ut
1456 463 1588 496 cetera
1612 467 1851 507 consequen·
1878 475 1939 506 634

68 527 130 561 ter
147 519 387 574 suspicatus,
415 518 612 572 sagaciter
631 518 825 572 extemplo
843 523 994 570 sumpta
1015 514 1196 555 familiari
1217 513 1224 569 1
1245 512 1482 562 constantia,
1511 510 1663 550 dimotis
1683 480 1975 570 servulis{[.27]

73 635 233 665 Incoram
247 637 418 671 legendum
432 643 506 664 esse
519 635 639 664 monuit
653 636 816 664 Stewech.
851 634 940 670 Quod
952 632 1088 667 arripuit
1102 631 1241 660 Scrixer.
1252 653 1260 667 ‚
1274 633 1304 659 et
1318 629 1396 658 alibi
1410 627 1558 657 occurrit.
1583 627 1646 654 Sed
1664 634 1727 655 non
1745 626 1854 655 minus

70 689 170 717 saepe
188 688 303 709 coram
321 681 552 709 adverbialiter
570 681 667 709 sumit
681 680 841 715 Apuleius
866 679 907 707 ef.
928 679 968 708 ad
981 681 1056 706 Met.
1070 679 1125 706 111.
1146 685 1173 710 p.
1194 678 1268 704 201).
1295 682 1365 702 sum
1390 679 1533 710 namque
1559 679 1698 699 coram
1723 670 1855 706 magiae

68 724 255 755 noscendae
269 724 525 753 ardentissimus
539 725 681 762 cupitor.
700 726 788 754 Nihil
802 732 876 760 ergo
889 726 999 752 contra
1009 726 1089 751 Mss.
1104 722 1324 750 innovandum
1338 723 1397 748 est.
1423 725 1537 745 coram
1552 715 1679 754 quidem
1690 718 1762 744 G.2.
1772 717 1854 744 P.D.

70 779 202 800 eonoxe
215 773 251 801 G.
268 773 295 799 1.
310 778 365 805 pro
379 779 493 798 coram
507 778 630 800 noxae.
677 777 784 797 novae
796 778 851 804 pro
864 775 976 796 noxae
989 770 1072 796 qut.
1090 769 1116 795 1.
1130 769 1161 795 2.
1177 767 1252 794 Am.
1298 762 1497 802 prehensum
1511 763 1546 791 F.
1560 764 1590 790 3.
1604 769 1636 797 p.
1667 759 1856 797 prehensus

71 819 107 846 G.
124 818 153 845 1.
168 818 199 845 2.
211 817 248 845 P.
263 817 297 845 0.
310 817 348 844 D.
364 816 385 844 s.
400 813 428 845 δ.
443 817 513 845 edd.
526 819 602 845 vett.
616 818 692 844 aute
706 816 794 845 colv.
819 816 856 843 In
870 817 942 843 cett.
956 810 1188 850 deprehensns.
1235 810 1304 838 iam
1313 807 1494 847 postremis
1514 809 1583 836 edd.
1597 809 1673 835 velt.
1694 814 1796 840 usque
1816 805 1857 833 ad

70 863 161 892 COIV.
172 883 181 900 ,
211 862 296 890 unde
319 862 398 890 Oud.
423 862 597 895 aliquando
626 860 835 889 conficiebat:
867 858 1018 886 lacrimis
1048 856 1202 886 uberibus
1232 855 1299 883 iam
1309 877 1317 893 ‚
1343 857 1516 891 postremo
1547 849 1857 879 lamentationibus.

70 908 253 935 commonet
267 907 314 935 ed.
329 914 374 940 pr.
387 907 514 935 Vicent.
528 907 641 934 Venet.
655 907 685 934 2.
702 906 731 932 4.
779 911 959 932 occurrens
980 901 1153 931 th’lesv‘et.
1173 903 1208 930 G.
1223 901 1253 930 1.
1300 908 1365 928 nou
1378 899 1481 926 etiam
1501 905 1556 932 pro
1570 905 1636 925 non
1649 896 1734 923 enim
1749 903 1858 924 emen-

71 952 161 981 davit
172 953 282 981 Burm.
329 949 475 979 decimus
490 959 545 985 pro
559 949 741 978 deterritus
755 951 791 978 G.
806 952 835 978 1.
882 957 923 976 ac
936 952 1051 977 celera
1063 950 1164 976 velet
1179 949 1294 974 celera
1309 953 1363 980 pro
1377 947 1417 973 nt
1429 947 1544 972 cetera
1557 944 1679 971 mavult
1694 942 1772 970 Oud.
1786 948 1860 968 cum

71 1010 213 1037 Salmas.
261 1005 480 1045 obsequenter
492 1004 520 1035 ὃ.
569 1006 761 1043 suspiraeus
775 1008 810 1035 G.
826 1007 908 1034 21).
954 1003 1115 1040 estimplo
1130 1000 1158 1033 ὃ.
1194 1000 1346 1038 exemplo
1365 1003 1400 1030 G.
1422 1001 1451 1029 2.
1466 1001 1504 1028 D.
1535 984 1579 1026 e.‘z'·
1610 998 1631 1028 i.
1658 1006 1683 1026 e.
1708 994 1858 1033 exenqdo

73 1055 110 1083 G.
126 1055 157 1083 1.
181 1052 239 1088 [cf.
254 1053 357 1081 Hand.
372 1054 511 1081 Tursell.
529 1054 564 1082 Τ.
576 1054 615 1081 11.
630 1060 660 1086 p.
675 1053 712 1079 67
723 1051 764 1086 4.]

73 1141 265 1186 dicuntur,
297 1140 359 1191 qui
391 1152 431 1177 re
461 1139 627 1190 graviter
656 1141 875 1189 premuntur
899 1141 938 1176 et

74 1196 192 1248 plane
221 1197 460 1246 obteguntur.
512 1194 560 1232 cs.
588 1194 689 1232 Cort.
716 1195 765 1232 ad
791 1194 935 1232 Lucan.

74 1252 264 1299 V1.793.,
283 1251 347 1302 qui
362 1255 513 1302 praeter
526 1250 627 1289 hunc
639 1250 794 1302 Apuleii
812 1250 938 1287 locum

75 1321 125 1346 ex
148 1307 317 1347 Oros.V.
341 1312 404 1347 15.
428 1306 556 1344 affert:
585 1306 938 1358 layurtluumlolo

77 1370 240 1417 captum
265 1369 302 1403 et
326 1364 478 1403 catenis
505 1363 679 1402 obruta
689 1362 758 1414 m.]

118 1420 349 1474 prehensas.
377 1418 610 1471 [Utrumque
625 1418 942 1469 &deprehensus

77 1480 115 1515 et
134 1476 355 1529 prehensus
379 1475 452 1514 diei
475 1488 597 1525 posse
623 1475 815 1513 confirmat
839 1472 940 1512 Oud.

77 1532 164 1584 Ego
182 1533 349 1584 optimos
369 1532 526 1569 codices
544 1535 704 1569 secutus
722 1531 942 1582 prehensus

78 1589 180 1628 dedi.
228 1587 276 1627 cf.
297 1588 422 1628 Plaut.
442 1587 587 1627 Bacch.
601 1586 668 1625 lv.
685 1591 720 1627 4.
736 1591 801 1626 45.
828 1600 941 1639 quem

78 1645 281 1685 mendacii
296 1644 563 1697 prehendit
581 1644 794 1695 manifesto
807 1643 941 1686 modo,

79 1702 130 1741 ad
171 1714 285 1752 quem
332 1700 457 1738 iocum
501 1703 741 1751 comparetur
777 1698 942 1736 Taubm.

79 1773 118 1811 p.
155 1761 254 1805 5783
291 1757 513 1808 deprensus
548 1757 650 1794 idem
687 1755 781 1793 dixit
815 1754 943 1794 Plaut.

79 1812 293 1853 BaechJV.
309 1816 345 1853 9.
359 1816 425 1853 26.
444 1812 552 1852 dolis
576 1826 654 1865 eqo
680 1812 945 1863 deprensus

79 1885 175 1911 sum.
226 1869 290 1908 De
325 1870 606 1908 constructione
643 1867 806 1906 conferri
842 1868 946 1905 iubet

82 1925 190 1979 Oud.·
221 1925 310 1964 dict.
341 1925 389 1964 ad
421 1924 534 1963 Caes,
566 1924 611 1963 B.
645 1924 691 1962 G.
708 1923 773 1962 Vl.
809 1928 871 1963 15.
909 1927 947 1961 et

83 1982 205 2020 Voss.
239 1981 289 2019 de
326 1980 475 2019 Constr.
513 1995 543 2019 e.
580 1984 644 2021 26.
692 1979 739 2018 cs.
765 1979 948 2018 Ruddim.

85 2038 134 2079 T.
156 2037 202 2077 II.
228 2051 264 2089 p.
293 2041 382 2078 165.
411 2052 444 2075 u.
471 2038 554 2090 36]

136 2095 367 2146 permt'xtus
452 2108 502 2132 ac
522 2093 737 2145 postremis
762 2092 949 2131 lamenta-

86 2151 272 2190 tionibus.
322 2149 446 2188 Codd.
471 2163 605 2187 omnes
631 2154 669 2187 et
693 2149 780 2186 edd.
807 2148 951 2186 habeut

81 2207 311 2259 permixtas
352 2219 387 2245 s.
419 2207 644 2257 permistus.
705 2204 951 2243 stewechius

87 2262 268 2301 emendat
298 2263 527 2314 pernicius,
561 2261 665 2313 quod
692 2260 838 2299 Florid.
869 2275 951 2312 pro-

89 2321 174 2364 bat,
212 2318 302 2357 licet
332 2317 518 2356 Pricaeus
552 2318 779 2356 contrarium
805 2317 958 2355 evineat

88 2375 243 2427 optime.
270 2373 327 2412 Ita
351 2375 468 2425 Apul.
493 2374 589 2412 Met.
610 2373 677 2412 XI.
698 2388 733 2425 p.
750 2377 842 2414 767.
868 2374 958 2412 dicit

85 2444 242 2485 pavore
280 2435 317 2470 et
350 2431 511 2483 glaudio
554 2444 604 2469 ac
640 2431 735 2470 dein
776 2431 957 2469 sudore

89 2489 213 2527 nimio
237 2487 522 2539 permixtas.
572 2485 639 2524 IX.
664 2499 701 2537 p.
728 2489 820 2526 667.
845 2500 957 2525 moe-

91 2557 202 2583 rore
232 2543 474 2596 permixtas.
523 2542 626 2581 Flor.
663 2542 689 2580 l.
726 2546 785 2582 18.
824 2544 957 2581 onznia

94 2605 286 2639 terrore
311 2599 614 2650 permiscuit.
640 2598 750 2636 Male
764 2602 961 2649 veropost

90 2657 319 2707 permixtus
333 2655 527 2693 distinctio
542 2656 702 2706 ponitur.
716 2654 962 2693 Lacrimabat

95 2712 195 2750 enim
209 2711 390 2763 Myrmex
410 2725 502 2763 prae
521 2710 675 2749 stimulo
691 2711 961 2749 conscientiae.

98 2766 179 2819 [Ac
203 2781 251 2806 ea
281 2767 331 2806 de
357 2781 500 2806 caussa
523 2767 731 2805 videndum
763 2771 824 2805 est
849 2780 963 2816 quam

98 2836 284 2873 perverse
319 2822 419 2862 Edd.
455 2825 489 2862 iu
527 2825 607 2862 iam
648 2823 899 2875 corruperint,
941 2837 965 2862 a

101 2891 261 2930 quorum
275 2881 467 2919 sententia
481 2880 637 2918 neOud.
649 2880 803 2930 quidem
819 2878 968 2918 alienus

103 2938 177 2974 est.
224 2935 442 2976 Postremis
466 2936 542 2975 hoc
566 2935 652 2975 loco
677 2950 744 2988 pro
771 2935 969 2974 vilissimis

103 2990 274 3030 nonnulli
288 2992 461 3044 capiunt,
487 3006 563 3044 qua
575 2992 852 3044 significatione
866 2991 969 3042 apud

103 3047 230 3098 ipsum
267 3047 492 3087 Ciceronem
527 3048 778 3101 saepiuscule
821 3048 969 3098 legitur.

105 3102 152 3141 cf.
177 3102 299 3144 Ros-c.
315 3103 441 3144 Amer.
463 3110 526 3146 47.
552 3119 672 3158 supra
695 3105 791 3144 Met.
805 3118 842 3156 p.
859 3108 971 3149 600..

812 1049 951 1078 demotis
964 1047 993 1080 ὃ.
1029 1048 1174 1076 ditamus
1186 1049 1298 1077 Vellet.
1312 1048 1343 1076 2.

994 1140 1035 1174 ut
1059 1137 1135 1174 sint
1160 1135 1340 1174 lacrimae
1365 1133 1532 1171 hominis
1554 1130 1715 1183 pessimi
1734 1143 1781 1168 ae
1799 1143 1861 1167 ne-

996 1193 1088 1231 sarii.
1132 1192 1187 1230 At
1210 1192 1339 1244 potius
1363 1189 1593 1228 adiectis-um
1619 1188 1680 1225 hic
1704 1199 1772 1237 pro
1797 1186 1861 1224 ad-

995 1250 1127 1286 verbio
1149 1248 1329 1298 equidem
1357 1247 1526 1297 positum
1553 1244 1786 1286 existimem,
1823 1245 1864 1279 ut

998 1305 1191 1344 lacrimae
1206 1308 1434 1354 postremae
1453 1302 1530 1340 sint
1550 1314 1650 1352 quae
1665 1302 1862 1351 postremo

997 1361 1241 1412 proveniunt,
1273 1360 1336 1409 qui
1368 1371 1464 1396 usus
1496 1371 1569 1395 non
1595 1358 1648 1394 ita
1670 1368 1777 1393 rarus
1803 1357 1864 1391 est

1000 1417 1186 1467 antiquis,
1218 1412 1458 1466 praeceteris
1491 1413 1525 1451 in
1553 1412 1746 1450 adverbiis
1771 1414 1864 1447 tem-

999 1486 1072 1524 pus
1087 1471 1390 1523 significantibus
1405 1470 1451 1508 cf.
1467 1469 1647 1508 Rurldim.
1662 1467 1706 1506 ll.
1721 1480 1756 1518 p.
1772 1470 1864 1507 373.

1000 1533 1075 1568 not.
1104 1534 1166 1569 14.
1194 1527 1294 1566 Cort.
1319 1527 1368 1565 ad
1394 1526 1490 1565 Sall.
1517 1529 1581 1566 38.
1610 1530 1644 1565 1.
1677 1523 1723 1563 cf.
1749 1536 1867 1574 supra

1000 1600 1038 1637 p.
1054 1589 1146 1626 601.
1171 1584 1297 1623 Recte
1318 1587 1446 1622 tamen
1461 1582 1629 1621 inusitati
1646 1580 1735 1632 quid
1749 1579 1867 1618 habet

1002 1642 1159 1688 locutio,
1191 1640 1296 1692 quod
1325 1640 1499 1678 sentiens
1525 1637 1626 1678 Oud.
1659 1635 1866 1688 aliquando

1002 1699 1230 1736 coniiciebat
1256 1697 1496 1749 postrema]

1059 1755 1236 1807 quodam
1250 1754 1417 1805 reeyott'o
1437 1752 1670 1791 destinatus.
1709 1748 1868 1801 [Perpe-

1001 1824 1083 1848 ram
1108 1810 1315 1848 ostendunt
1334 1811 1564 1859 interpretes
1585 1819 1745 1845 acumen
1766 1806 1869 1855 inge-

1003 1867 1066 1914 nii,
1077 1867 1276 1905 lectionem
1293 1878 1393 1916 quae
1407 1865 1572 1903 omnium
1586 1863 1795 1901 sanissima
1809 1865 1871 1898 est

1004 1923 1338 1962 allucinationibus
1362 1922 1632 1972 depravantes.
1681 1917 1738 1957 Ita
1764 1917 1870 1956 Colv.

1006 1980 1140 2018 maluit
1164 1980 1376 2021 distentas.
1407 1977 1509 2016 Oud.
1541 1975 1703 2015 tentavit
1727 1975 1871 2013 distra-

1008 2041 1093 2075 ctas
1124 2035 1186 2072 vel
1223 2035 1449 2080 districtas,
1489 2033 1550 2071 vel
1588 2046 1656 2084 pro
1696 2030 1874 2083 quodam

1007 2093 1201 2144 neyotio:
1258 2091 1451 2143 quoidam
1499 2090 1667 2142 neyott'o
1726 2086 1773 2125 cs.
1824 2085 1874 2124 ad

1007 2148 1103 2186 Met.
1122 2147 1207 2186 Vll.
1234 2160 1270 2198 p.
1295 2150 1387 2186 450.
1419 2146 1546 2184 Recte
1569 2159 1660 2182 vero
1686 2142 1877 2182 intellexit

1009 2204 1130 2249 Oud.,
1161 2204 1384 2243 destinatus
1414 2202 1477 2240 hie
1505 2202 1607 2240 idem
1633 2213 1746 2246 esse,
1772 2198 1877 2251 quod

1013 2260 1215 2311 alligatus,
1246 2260 1415 2305 vinctus,
1441 2263 1480 2297 at
1507 2258 1685 2310 quodam
1708 2256 1877 2309 myolio

1014 2317 1167 2368 proprie
1197 2330 1266 2368 pro
1304 2315 1434 2354 dativo
1465 2316 1634 2366 positum
1665 2326 1776 2357 esse,
1815 2312 1877 2349 mi-

1013 2387 1094 2411 rum
1119 2374 1154 2411 in
1181 2372 1335 2410 modum
1362 2371 1635 2421 pronuntiavit,
1673 2367 1879 2407 conserens

1014 2429 1063 2467 de
1093 2429 1168 2468 hoc
1197 2442 1271 2467 usu
1303 2427 1390 2466 dict.
1422 2428 1472 2465 ad
1503 2428 1609 2465 Suet.
1636 2426 1728 2464 oth.
1757 2439 1788 2462 c.
1819 2428 1880 2463 12.

1014 2487 1196 2525 maiore
1219 2485 1461 2523 miraculo
1484 2485 1623 2536 faerit.
1651 2487 1690 2520 et
1714 2481 1808 2519 Met.
1830 2478 1880 2517 X.

1014 2547 1159 2593 p.711.
1187 2541 1543 2594 quinquennali
1568 2536 1884 2591 mayiscrntwt

1015 2601 1158 2650 fuerat
1182 2598 1466 2636 destinatus.
1500 2596 1579 2633 Sed
1608 2608 1683 2633 nou
1709 2593 1884 2632 couside-

1019 2656 1131 2699 ravit,
1156 2654 1251 2692 inter
1277 2653 1402 2690 varias
1428 2652 1540 2690 huius
1565 2651 1672 2689 verbi
1697 2650 1884 2700 signitica-

1017 2711 1144 2748 tiones
1171 2723 1284 2760 quam
1309 2709 1598 2746 accuratissime
1622 2720 1715 2745 esse
1745 2705 1887 2743 discer-

1022 2767 1197 2805 nendum.
1213 2764 1341 2811 Quum
1355 2765 1454 2802 euim
1470 2765 1658 2817 definitas
1667 2766 1784 2806 notat,
1794 2760 1888 2799 dati-

1021 2836 1111 2861 vum
1124 2822 1235 2872 regit,
1246 2834 1360 2871 quum
1377 2822 1541 2865 cinctas,
1551 2820 1749 2870 alliyatas
1757 2816 1889 2855 ablati-

1025 2893 1132 2924 vum,
1157 2881 1199 2915 ut
1223 2877 1468 2929 apertissime
1491 2875 1653 2914 vindicat
1673 2875 1781 2913 locus
1794 2873 1890 2911 Met.

1026 2934 1092 2973 w.
1120 2948 1156 2985 p.
1177 2937 1270 2973 434.
1295 2934 1443 2978 lormn,
1471 2946 1562 2984 qao
1583 2934 1747 2983 sacram
1773 2929 1892 2969 desti-

1027 2996 1163 3036 natas,
1188 2989 1400 3040 abrumpo.
1430 2988 1493 3026 De
1518 2988 1591 3026 hac
1615 2986 1894 3037 significatione

1028 3048 1135 3085 vocis
1161 3045 1207 3084 cs.
1233 3045 1283 3082 acl
1307 3043 1443 3082 ittetl.
1470 3057 1505 3095 p.
1522 3048 1587 3084 47.
1612 3042 1698 3083 luti.
1716 3042 1766 3081 ad
1780 3041 1895 3081 Caes.

1028 3103 1075 3141 Β.
1103 3102 1149 3141 G.
1177 3100 1259 3139 Vll.
1287 3104 1352 3142 22.
1377 3099 1409 3149 ξ.
1437 3100 1491 3152 2]
