2221 3667
336 121 426 147 xiiii
935 104 1009 144 DE
1041 103 1261 145 A'PULEll
1292 106 1546 146 SCRIPTIS.

334 222 461 272 ipsum
491 223 686 257 auctorem
711 231 734 256 e
763 218 897 256 codice
928 224 1081 258 vetusto
1108 219 1356 271 Fulgentium
1388 220 1494 259 illum
1519 219 1771 259 Planciadem
1796 225 1957 267 erueret,
1984 223 2072 272 quia
2097 224 2132 260 in

334 291 383 314 eo
410 290 432 313 a
457 289 502 313 se
527 275 706 313 Yenetiis
733 279 835 313 emto
860 276 1009 314 titulum
1034 276 1229 326 Fulgentii
1253 276 1400 315 Floridi
1432 278 1582 315 invenit.
1643 276 1762 314 Priori
1792 291 1885 315 vero
1916 280 2134 317 sententiae

335 335 478 377 obstat,
505 332 609 382 quod
634 331 738 370 nulla
761 332 909 370 ratione
935 333 1169 382 intelligitur,
1196 334 1389 383 quomodo
1416 334 1635 384 eclog-rarius
1654 338 1732 371 tam
1757 334 1899 372 stolide
1924 348 1970 373 ac
1988 339 2134 372 temere

333 391 368 428 iu
406 388 466 427 his
505 388 604 426 locis
641 402 758 438 agere
793 391 958 440 potuerit
988 390 1198 439 eligendis,
1236 390 1300 439 qui
1329 404 1402 428 uec
1431 404 1555 428 rernm
1593 390 1825 429 iucunditate
1861 405 1932 430 nec
1968 392 2135 429 dictione

333 446 387 483 ita
417 446 629 491 excellunt,
672 450 714 483 ut
749 445 812 495 qui
849 447 1060 484 memoriae
1094 447 1290 484 tradantur
1327 446 1430 497 digni
1465 448 1552 485 sint.
1608 447 1729 485 Aliter
1759 447 1940 498 equidem
1969 447 2019 486 de
2044 447 2134 486 Flo-

331 502 425 540 ridis
461 502 600 540 sentio.

447 557 593 596 Notum
613 562 675 597 est
692 557 755 597 his
775 559 1019 609 potissimum
1039 559 1278 609 temporibus
1297 571 1478 609 magnam
1499 559 1622 598 fuisse
1639 559 1835 597 rhetorum
1856 561 2135 605 auctoritatem,

335 616 399 666 qui
426 628 475 653 ex
500 628 608 653 more
632 619 804 653 veterum
830 615 1096 666 sophistarum
1121 614 1297 665 singulas
1322 616 1439 653 urbes
1466 620 1504 654 et
1531 617 1713 666 regiones
1745 617 2020 655 celeberrimas
2051 631 2135 668 per-

334 676 519 722 agrantes
546 671 595 708 de
621 672 882 723 quolicunque
908 675 1132 722 argumento
1158 684 1299 721 magno
1331 685 1416 710 cum
1441 673 1644 711 verborum
1675 675 1837 725 strepitu
1869 677 1907 710 et
1932 674 2137 712 iactatione

332 729 514 779 publicas
546 728 761 766 habuerunt
791 729 1006 776 orationes,
1040 741 1192 765 summa
1222 741 1308 764 cum
1337 732 1419 766 arte
1445 728 1670 767 elaboratas
1684 728 1733 779 3).
1794 730 1914 768 Tales
1941 731 2136 768 orationes

331 785 456 824 fuisse
486 785 645 836 Apuleii
676 784 834 822 Florida
863 797 949 822 cum
987 783 1222 822 Cresollio
1258 783 1302 836 (l.
1328 798 1358 823 c.
1385 783 1449 822 ΙΙΙ.
1481 799 1514 823 c.
1542 790 1602 825 10.
1636 799 1671 835 p.
1699 786 1810 837 206.)
1847 786 2130 833 constituimus,

331 842 396 892 qui
424 842 567 880 liberas
593 842 716 879 fuisse
740 841 925 879 materiae
950 853 1116 892 pompas
1141 840 1407 891 sophistarum
1432 840 1523 878 dicit
1554 846 1593 878 et
1622 842 1657 879 111
1684 856 1731 879 eo
1758 843 2001 894 potissimum
2028 842 2134 881 dele-

334 902 458 937 ctatos
484 911 578 936 esse
602 898 798 943 rhetoras,
829 901 870 935 ut
901 897 939 934 id
969 897 1020 935 ad
1045 897 1247 936 dicendum
1273 899 1481 948 arriperent
1511 898 1583 935 sibi
1609 904 1893 947 argumentum,
1926 899 2031 951 quod
2056 904 2135 937 tum

333 956 440 993 varie
470 959 510 993 et
538 954 780 999 mirabiliter,
812 958 890 991 tum
917 954 1082 992 iucunda
1114 954 1283 992 novitate
1309 958 1348 992 et
1379 953 1674 1003 elegantissima
1699 956 1811 1006 copia
1836 957 1987 994 tractari
2012 970 2137 1008 posse

333 1012 538 1049 videretur.
569 1010 662 1048 Inde
686 1011 876 1048 subnatae
901 1014 992 1048 sunt
1014 1014 1093 1049 tam
1118 1011 1298 1048 diversae
1323 1012 1418 1048 inter
1439 1024 1534 1049 sese
1552 1012 1750 1056 materiae,
1774 1017 1815 1050 ut
1835 1013 1964 1050 nullus
1984 1013 2136 1051 omniuo

314 1082 458 1106 -rerum
494 1081 619 1105 nexus
657 1067 909 1117 intelligatur:
948 1080 1024 1117 quo
1060 1068 1252 1105 temerarii
1288 1067 1532 1106 confutantur
1568 1068 1718 1105 illorum
1756 1073 1935 1113 conatus,
1974 1069 2038 1119 qui
2068 1083 2137 1107 eas·

333 1126 429 1163 inter
453 1137 548 1162 sese
573 1125 805 1174 coniungere
830 1123 998 1162 student.
1060 1123 1147 1170 Qua
1176 1137 1270 1161 vero
1302 1124 1450 1162 ratione
1481 1124 1662 1162 acciderit
1692 1129 1733 1162 ut
1763 1125 1838 1163 liae
1868 1125 1981 1163 nobis
2005 1138 2136 1163 serva-

332 1185 462 1219 rentur
487 1180 642 1231 Apuleii
667 1180 976 1218 declamationes
1001 1182 1214 1230 argumenti
1238 1181 1348 1222 varii.
1376 1181 1596 1219 facillimum
1623 1185 1684 1219 est
1709 1181 1988 1220 demonstratu.
2043 1181 2136 1233 lpse

333 1238 434 1275 enim
471 1237 617 1275 Florid.
654 1251 694 1289 p.
719 1241 785 1277 31.
824 1238 1117 1290 quodcunque,
1155 1238 1293 1288 inquit,
1325 1238 1382 1276 ml
1412 1252 1478 1276 ros
1505 1238 1666 1288 protuli
1697 1244 1909 1290 exceptum
1946 1239 2063 1277 illico
2100 1244 2137 1277 et

334 1295 480 1334 lectum
505 1299 578 1339 est,
604 1294 708 1332 unde
732 1307 885 1332 summa
908 1294 1087 1332 tloruisse
1112 1298 1191 1332 tum
1217 1294 1467 1345 eloquentiae
1494 1294 1609 1332 laude
1630 1295 1852 1346 Apuleium,
1876 1300 1918 1333 ut
1937 1297 2062 1334 onmia
2087 1297 2136 1332 ab

332 1351 609 1401 exceptoribus
635 1352 765 1390 statim
790 1351 888 1388 inter
912 1351 1114 1388 dicendum
1142 1351 1278 1389 litteris
1311 1352 1644 1401 consignarentur,
1676 1352 1895 1389 coniectura
1923 1365 2138 1402 possumus

333 1408 505 1458 assequi.
565 1406 718 1453 Quodsi
751 1407 843 1444 mihi
875 1408 1142 1448 concesseris.
1174 1408 1308 1445 mirum
1334 1421 1414 1445 uon
1436 1411 1497 1445 est
1523 1409 1644 1453 dictu,
1677 1422 1742 1445 cur
1768 1422 1830 1446 res
1857 1421 1958 1458 quae
1984 1421 2056 1445 nec
2080 1422 2135 1446 ar-

334 1469 518 1515 gnmento
545 1478 616 1502 nec
642 1464 808 1502 dictione
834 1464 1031 1501 excellunt
1056 1463 1375 1514 splendidissima
1407 1464 1455 1502 ad
1488 1469 1660 1502 nostram
1685 1468 1853 1502 aetatem
1879 1465 2137 1515 pervenerint.

334 1534 450 1571 quum
476 1535 524 1558 ea
550 1535 650 1571 quae
675 1522 724 1558 ab
751 1521 954 1558 notissimo
980 1520 1095 1557 huius
1121 1522 1305 1572 temporis
1331 1521 1485 1558 rhetore
1510 1521 1820 1571 proferebantur,
1851 1521 2028 1559 homines
2059 1521 2138 1558 nol-

332 1579 414 1616 lent
442 1578 614 1623 interire,
647 1592 723 1628 qua
752 1577 909 1629 quidem
934 1577 1192 1628 explicatione
1219 1590 1355 1615 omues
1381 1577 1642 1615 dubitationes
1673 1577 1861 1616 lectorum
1886 1578 2022 1616 animis
2047 1591 2137 1629 pos-

332 1640 423 1673 sunt
447 1635 571 1672 eximi.

447 1691 546 1730 Sunt
569 1691 682 1739 igitur
701 1689 870 1737 Florida,
896 1694 937 1728 ut
961 1704 1049 1728 mea
1073 1692 1240 1729 breviter
1259 1690 1450 1741 colligam,
1476 1690 1798 1737 declamationes,
1824 1705 1922 1743 quas
1942 1689 2137 1743 Apuleius

333 1748 409 1786 huc
433 1748 524 1786 illuc
548 1748 751 1798 profectus
777 1761 826 1785 ex
851 1747 1047 1786 rhetorum
1073 1748 1354 1785 consuetudine
1380 1748 1547 1786 diversis
1581 1748 1677 1786 locis
1704 1750 1938 1787 ostentabat.
1996 1747 2137 1796 Longe

332 1819 426 1843 vero
458 1804 647 1856 plurimas
680 1804 899 1854 Carthagini
932 1818 1025 1842 esse
1058 1804 1209 1842 habitas
1241 1805 1276 1842 in
1304 1806 1400 1855 ipsis
1432 1806 1645 1843 orationum
1669 1806 1847 1855 vestigiis
1878 1806 2003 1843 nititur
2027 1805 2136 1843 ratio.

448 1861 703 1900 Casaubonus
729 1875 803 1899 non
831 1865 995 1911 quatuor
1013 1860 1256 1899 Floridorum
1273 1861 1393 1899 libros
1408 1861 1480 1899 sed
1496 1866 1575 1899 tres
1592 1861 1715 1899 fuisse
1734 1863 1893 1913 putabat
1912 1863 2014 1899 initio
2030 1862 2137 1912 Apo-

335 1919 463 1968 logiae
493 1932 565 1956 nec
594 1922 723 1955 tamen
757 1932 923 1955 caussas
960 1918 1107 1956 adtulit.
1166 1917 1326 1956 Frustra
1362 1918 1539 1956 vincent.
1577 1918 1816 1956 contarenus
1851 1920 1886 1956 in
1925 1918 2138 1969 digerendo

332 1976 469 2014 horum
494 1973 676 2012 librorum
701 1975 834 2012 ordine
859 1974 1014 2012 sudavit
1038 1976 1258 2024 irritumque
1284 1974 1453 2013 lahorem
1479 1976 1656 2013 insumsit
1681 1976 1772 2014 Var.
1798 1975 1908 2013 Lect.
1934 1974 1962 2014 Ι.
1986 1980 2023 2015 4.

447 2031 654 2083 Temporis
690 2035 818 2070 autem
855 2031 1039 2068 nonnulla
1074 2035 1218 2068 tantum
1256 2035 1388 2069 extant
1424 2032 1572 2069 indicia.
1646 2032 2000 2070 Commemorautur
2036 2032 2136 2069 enini

335 2088 531 2127 (aes-ares
554 2087 699 2126 Florid.
724 2102 761 2139 p.
783 2092 847 2128 40.
874 2087 1163 2126 MAntoninus
1190 2092 1228 2125 et
1253 2087 1347 2126 Luc.
1371 2088 1517 2128 verus.
1545 2090 1608 2140 qui
1633 2102 1731 2127 anno
1762 2092 1838 2129 169
1864 2093 2037 2126 mortuus
2063 2092 2137 2133 est,

334 2150 374 2183 et
399 2146 545 2183 Orfitus
570 2144 801 2196 proconsul,
842 2144 891 2182 de
929 2158 1004 2194 quo
1036 2158 1155 2196 supra
1185 2145 1258 2182 iam
1291 2145 1442 2195 egimus
1480 2145 1595 2196 (sap.
1624 2144 1649 2184 l.
1682 2144 1714 2197 ξ.
1742 2144 1789 2200 I.)
1851 2146 2136 2183 Severianus

336 2216 446 2245 vero,
472 2202 533 2252 qui
561 2201 706 2240 Florid.
732 2215 770 2252 p.
798 2205 861 2241 40.
889 2205 1229 2243 commemoratur,
1256 2201 1357 2239 idem
1383 2202 1533 2239 videtur
1558 2216 1669 2241 esse,
1697 2202 1760 2252 qui
1785 2203 1858 2239 sub
1885 2201 2041 2239 fratrum
2066 2202 2135 2240 im-

335 2260 442 2311 perio
467 2260 566 2297 circa
590 2271 730 2295 annum
760 2263 838 2299 162
865 2257 1141 2308 Cappadociae
1165 2271 1330 2308 praeses
1357 2264 1487 2297 contra
1513 2258 1681 2296 Parthos
1707 2257 1910 2309 cecidit4).

450 2314 533 2353 Usu
559 2315 720 2365 saepius
747 2315 859 2359 venit,
885 2319 925 2352 ut
949 2314 1080 2352 rhetor
1111 2316 1173 2364 qui
1198 2315 1354 2366 publice
1379 2316 1523 2366 aliquid
1551 2316 1747 2353 locuturus
1773 2320 1898 2354 esset.
1925 2315 2135 2365 imparatus

336 2372 386 2410 ad
417 2372 455 2409 id
486 2371 709 2416 accederet,
739 2376 780 2409 ut
810 2376 904 2422 pote
930 2372 993 2422 qui
1025 2385 1215 2409 summani
1241 2372 1395 2421 linguae
1419 2372 1699 2410 volubilitatem
1725 2373 1970 2423 promptique
1995 2371 2135 2418 ingenii

335 2429 411 2467 vim
437 2428 677 2466 auditoribus
705 2429 823 2466 vellet
849 2432 1048 2465 ostentare
1073 2428 1140 2479 (cf.
1169 2428 1364 2466 Cresoll.
1390 2428 1434 2468 ll.
1460 2443 1491 2468 c.
1509 2434 1571 2469 11.
1597 2433 1915 2482 p.210—212).
1945 2427 2136 2466 Dictionis

335 2499 451 2537 quam
476 2485 606 2524 dieunt
629 2485 840 2523 subitariae
869 2485 1091 2536 exemplum
1121 2489 1184 2523 est
1212 2485 1371 2537 Apuleii

334 2670 569 2703 insignioribus
583 2669 768 2705 scripturae
780 2669 863 2697 locis
878 2669 908 2697 in
923 2671 1040 2698 breves
1055 2670 1165 2698 titulos
1179 2672 1208 2698 et
1223 2670 1331 2704 capita
1343 2678 1440 2699 versu
1455 2670 1597 2698 redactis
1611 2678 1666 2704 pro
1688 2678 1720 2698 re
1739 2669 1901 2698 incidente
1919 2668 2070 2703 deinceps
2091 2669 2137 2697 uti

336 2720 461 2751 posset.v
488 2720 516 2744 et
533 2716 646 2745 titulus
660 2713 894 2742 Anmemmmn
915 2715 1054 2743 sortasse
1079 2716 1221 2743 manavit
1237 2716 1386 2744 videlicet
1409 2720 1438 2743 ut
1460 2724 1499 2743 ex
1514 2717 1624 2744 multis
1639 2716 1844 2744 amoenitatis
1859 2716 1889 2743 in
1905 2715 2135 2748 scriptionibus

335 2769 410 2793 erno
423 2766 656 2795 excerptorum.
704 2762 772 2789 Non
787 2762 881 2789 aliter
895 2769 988 2794 quam
1007 2758 1146 2786 Florida
1160 2762 1310 2796 Apuleii,
1326 2761 1430 2790 Vestii
1445 2762 1594 2789 Valentis
1607 2766 1635 2789 et
1652 2763 1878 2789 nonnullorum
1893 2761 2029 2788 aliorum
2044 2762 2136 2788 vetut

335 2807 399 2835 loci
419 2807 549 2840 quidam
569 2807 808 2841 inscribuntur,
835 2806 986 2840 quamvis
1006 2806 1038 2833 111
1058 2807 1202 2840 excerpti
1222 2814 1262 2834 ex
1282 2807 1460 2834 maioribus
1480 2807 1649 2841 (werinus,
1676 2807 1725 2834 itti
1747 2806 1949 2834 tractationis
1975 2806 2134 2834 uberioris

336 2852 443 2884 gratia
457 2854 542 2880 velut
565 2852 770 2887 praefigurati
785 2855 814 2879 et
835 2851 1047 2886 praelineati3
1078 2855 1105 2878 et
1127 2851 1204 2879 ibid.
1219 2853 1372 2880 xxl.1ss.
1393 2861 1423 2886 p.
1440 2854 1538 2879 2412.
1565 2852 1708 2887 „Libros
1725 2852 1805 2879 istos
1820 2847 1940 2888 (Marci
1954 2851 2134 2885 Antonini)

336 2905 539 2931 nequaquam
556 2899 600 2926 ita
614 2899 652 2925 ad
670 2906 727 2925 nos
741 2897 931 2931 pervenisse
947 2896 992 2924 uti
1006 2903 1025 2923 a
1038 2897 1283 2931 sapientissimo
1299 2897 1445 2931 principe
1458 2898 1579 2931 scripta
1593 2901 1684 2932 sunt,
1710 2897 1791 2924 nihil
1813 2897 1934 2925 auti-wi
1954 2897 2132 2930 disputare.

336 2945 454 2971 Omnes
480 2943 618 2975 paginae
643 2944 754 2970 doc-ent
780 2944 871 2970 modo
890 2939 1051 2969 Flvrr'due
1070 2950 1143 2970 esse
1164 2944 1249 2969 locos
1269 2942 1483 2978 insigniores,
1509 2943 1689 2970 sententias
1709 2942 1903 2969 illustriores
1923 2946 1950 2969 et
1971 2950 2132 2970 columen-

337 2989 430 3016 tariis
444 2992 627 3022 excerptim,
654 2991 769 3020 quales
790 2988 1013 3016 deflorationes
1027 2987 1162 3021 Apuli-ii
1175 2989 1330 3015 habu-inus
1346 2988 1376 3014 in
1392 2988 1449 3023 iis,
1476 2996 1558 3021 quae
1573 2988 1703 3015 Florida
1715 2987 1787 3014 eius
1802 2987 2031 3015 insu-ruminus.

427 3035 466 3066 3)
491 3034 748 3061 Ari-uratissime
763 3036 841 3061 liam·
855 3034 1095 3068 expticantura
1120 3033 1303 3061 Cresolio
1323 3033 1355 3061 111
1377 3035 1505 3062 Theatr.
1520 3035 1610 3061 tinet.
1636 3032 1732 3066 (Par.
1751 3030 1862 3070 1620.)
1890 3034 1909 3062 Ι.
1923 3035 1953 3061 3.
1969 3034 1998 3062 4ἰ.
2021 3032 2075 3067 qui
2095 3033 2134 3060 dc

338 3078 500 3114 sophistis
515 3079 611 3106 liuius
625 3079 698 3106 aexi
713 3079 973 3107 luculentissime
985 3079 1140 3112 disputat.

429 3125 467 3158 4)
493 3124 628 3153 [ιιι-11111.
643 3125 761 3154 Pseud.
777 3133 806 3160 p.
827 3126 895 3153 ἰδό.
918 3126 986 3153 256.
1014 3124 1241 3153 'l'illeinont.
1268 3123 1350 3152 Uist.
1365 3125 1515 3159 Imperat.
1531 3126 1567 3153 11.
1584 3132 1610 3158 p.
1627 3126 1703 3153 315.
