2155 3590
674 159 863 199 LIBER
892 158 966 199 Xl.
1029 157 1156 200 CAP.
1185 157 1328 198 XXII.
1781 153 1890 196 1067

99 272 268 313 numinis
300 271 524 325 dignatione
548 273 770 313 iamdudum
797 273 901 313 felici
926 271 1144 313 ministerio
1169 277 1432 324 nuncupatum
1457 268 1790 320 destinatumquet
1819 279 1891 305 nec

98 343 212 370 secus
238 342 351 382 quam
378 329 547 370 cultores
573 332 694 370 ceteri
718 329 814 370 cibis
839 329 1014 383 profanis
1039 341 1084 368 ac
1110 327 1270 368 nefariis
1301 327 1378 367 iam
1409 340 1513 366 nunc
1542 332 1781 379 temperare3
1815 336 1891 376 quo

100 385 246 426 rectius
272 385 319 425 ad
345 397 490 426 arcana
517 386 748 439 purissimae
772 385 977 439 religionis
1002 392 1156 426 secreta
1181 384 1454 438 pervaderem.

629 558 1067 606 CAPUT
1159 556 1364 604 XXII.

211 677 386 719 Dixerat
409 680 617 730 sacerdos,
651 694 724 720 nec
754 679 996 734 impatientia
1022 677 1346 732 corrumpebatur
1370 675 1597 728 obsequium
1626 688 1773 721 nieum3
1799 672 1894 728 lsed
1918 673 1983 705 800

100 736 274 776 intentus
300 735 383 776 miti
409 736 538 790 quiete
563 743 602 776 et
627 736 816 790 probabili
842 736 1113 776 taciturnitate
1132 735 1308 775 sedulum
1329 740 1422 787 quot
1441 732 1522 772 dies
1543 731 1695 771 obibam
1717 731 1893 770 culturae

100 863 330 901 indignatione
350 865 384 894 in
405 867 441 893 G.
461 873 481 894 a
499 873 541 894 m.
560 873 591 900 p.
611 873 685 894 esse
704 866 839 894 adnotat
857 865 938 894 oud.
963 865 1025 893 Sed
1048 863 1151 898 prima
1170 863 1203 891 in
1222 865 1355 898 syllaba
1373 862 1438 891 iam
1451 865 1492 891 ab
1505 863 1619 891 eadem
1631 868 1728 888 manu
1736 859 1833 888 minio
1847 862 1897 887 est

99 912 247 939 obducta.
286 909 408 949 felicis
428 919 457 945 p.
477 915 507 939 et
525 911 594 939 edd.
614 914 688 940 ante
708 910 815 947 eona,
841 912 926 939 unde
945 918 1002 945 pro
1021 917 1080 938 suo
1093 917 1180 938 more
1199 907 1329 937 scilicet
1348 909 1550 937 emendabat.
1598 905 1663 934 είόι·
1680 905 1702 934 t.
1739 904 1842 932 cereis
1856 906 1894 933 D.

100 955 223 984 ceteris
235 956 272 984 P.
298 955 423 983 cereris
432 957 467 983 G.

188 1000 410 1037 impatientia
428 1002 522 1029 Vulc.
543 1002 573 1029 2.
622 1002 659 1027 nt
678 999 896 1036 impatientia
915 1000 947 1028 in
969 1001 1004 1028 G.
1023 1008 1097 1028 esse
1118 1006 1284 1034 perperam
1303 999 1434 1028 adnotat
1455 998 1534 1027 Oud.
1570 999 1606 1026 In
1625 1004 1661 1025 eo
1681 995 1783 1029 enim,
1809 998 1841 1023 ut
1863 994 1897 1023 in

99 1046 216 1075 ceteris
236 1048 344 1082 eodm,
369 1046 487 1081 legitur
504 1053 564 1072 nec
581 1045 807 1081 impatientia.
844 1046 922 1073 Sine
943 1045 1040 1073 dubio
1060 1047 1140 1074 haec
1158 1044 1310 1073 lectionis
1328 1044 1473 1072 varietas
1492 1044 1533 1071 ad
1552 1050 1639 1076 seqq.
1654 1041 1823 1070 referenda
1835 1043 1896 1074 est,

98 1092 154 1120 uni
169 1093 205 1120 G.
218 1099 290 1120 cum
303 1092 382 1120 aliis
395 1092 484 1120 codd.
507 1099 564 1125 pro
578 1089 631 1118 vet
647 1089 737 1128 longi
747 1093 843 1119 habet
856 1093 895 1118 ut
906 1089 1005 1128 longi.
1052 1089 1192 1118 intentis
1205 1097 1235 1124 p.
1249 1090 1297 1118 ed.
1312 1097 1359 1124 pr.
1373 1088 1622 1118 Vicent.Venet.
1637 1089 1667 1114 2.
1679 1089 1763 1115 lunt.
1779 1087 1806 1114 1.
1820 1086 1898 1114 Am.

99 1137 245 1166 Correxit
258 1137 408 1166 Beroald.
433 1135 593 1164 Intentus
606 1136 658 1164 liic
671 1137 819 1164 absolute
835 1137 975 1171 positum
989 1139 1053 1171 est,
1080 1139 1113 1164 ut
1127 1136 1272 1170 saepius.
1321 1132 1410 1171 qnod
1420 1132 1489 1161 dies
1508 1134 1543 1162 F.
1557 1134 1587 1161 3.
1601 1135 1636 1162 G.
1650 1133 1688 1161 D.
1715 1132 1793 1160 Oud-
1813 1133 1898 1160 hanc

100 1182 347 1218 orthographiae
361 1181 552 1210 varietatem
565 1190 605 1210 ne
619 1181 877 1210 commemoravit
892 1181 1029 1215 qui-iem.

101 1292 248 1331 habere
284 1297 454 1344 praeter
497 1291 601 1331 alias
644 1291 972 1342 praecipuam
1030 1295 1194 1342 p.171.,
1221 1290 1322 1328 unde
1345 1289 1559 1328 mirandum
1586 1293 1665 1333 est,
1691 1291 1732 1326 ut
1756 1292 1897 1326 certam

102 1348 302 1393 arbitron·
333 1347 458 1386 Pluut.
484 1346 586 1398 Rud.
612 1346 639 1386 I.
667 1350 706 1387 3.
737 1349 774 1388 6.
807 1347 972 1385 Gesner.

102 1405 153 1442 ad
171 1403 268 1442 Plin.
291 1403 468 1454 Epis-tx.
484 1408 520 1443 7.
541 1408 573 1442 1.
600 1403 839 1454 Praecipua
862 1403 973 1453 igitur

101 1461 274 1500 numinis
299 1461 543 1514 dignatione
569 1463 631 1497 est
649 1458 818 1511 peculari
838 1459 971 1504 tutela.

102 1530 204 1568 quae
216 1516 302 1555 aliis
317 1517 541 1567 contingere
554 1530 629 1554 non
644 1515 765 1563 solet3
791 1514 840 1554 cf.
853 1528 973 1566 supra

102 1588 138 1625 p.
155 1577 246 1614 784.
275 1575 347 1626 qni
370 1574 476 1612 vitae
499 1573 657 1612 scilicet
680 1572 972 1624 praecedentis

104 1631 339 1669 innocentia
350 1630 515 1683 fideque
528 1629 718 1668 meruerit
730 1632 808 1667 tam
828 1642 892 1680 pr
904 1642 927 1666 α
937 1641 970 1666 e-

104 1686 288 1726 clarum
315 1686 365 1725 de
391 1685 508 1725 coelo
530 1685 820 1737 patrocinium,
846 1689 892 1724 nt
913 1698 972 1722 re-

104 1748 221 1782 natus
246 1742 550 1795 quodammodo
575 1742 738 1780 statim
762 1754 972 1779 sacrorum

106 1800 299 1851 obsequio
324 1799 660 1850 despondentur.
732 1796 832 1835 Hinc
862 1796 974 1847 igitur

99 1857 357 1908 praecipuus
379 1856 504 1906 magis
535 1855 718 1906 probatur
742 1866 857 1904 quam
879 1866 973 1904 per-

105 1913 281 1965 spicuus,
307 1924 541 1963 quamquam
567 1924 651 1948 cuni
677 1909 765 1948 aliis
790 1908 874 1947 lntt.
898 1923 973 1947 non

107 1970 142 2007 in
169 1982 216 2006 eo
243 1968 400 2013 haereo,
427 1968 528 2018 quod
557 1979 642 2005 voc.
674 1966 848 2005 evidenti
873 1965 975 2004 idem

105 2029 296 2065 enotetur.
374 2025 604 2076 Synonyma
647 2024 745 2061 enim
790 2022 975 2075 copulare

107 2081 318 2133 Apuleium
344 2081 535 2133 constat]

162 2139 356 2191 profanis
381 2151 431 2176 ac
454 2137 637 2189 nefariis.
698 2135 786 2188 [De
810 2134 976 2186 singulis

107 2196 247 2246 quibus
272 2195 520 2233 abstinebant
538 2193 825 2245 Aegyptiorum
849 2205 977 2230 sacer-

109 2253 222 2290 dotes
267 2251 363 2289 cibis
412 2250 460 2289 cf.
497 2250 684 2289 Schmidt.
728 2248 778 2287 de
816 2248 976 2287 Sacerd.

108 2310 282 2360 Aegypt.
306 2321 344 2359 p.
371 2311 423 2348 60
448 2307 558 2359 sqq]

166 2378 323 2405 arcana
346 2368 509 2403 secreta.
560 2362 627 2414 [cs.
640 2362 737 2401 Met.
747 2360 816 2400 Vl.
831 2375 866 2413 p.
883 2365 976 2402 385.

110 2423 238 2461 tacita
262 2425 426 2460 secreta.
488 2419 654 2459 Arcana
678 2419 742 2457 hic
764 2418 979 2456 referuntur

110 2478 161 2516 ad
185 2490 322 2522 sacra,
360 2476 395 2514 in
428 2476 569 2527 quibus
601 2476 754 2514 occulta
785 2474 978 2525 quaedam

112 2536 171 2573 vis
185 2535 318 2579 inerat,
326 2536 367 2571 ut
379 2532 429 2570 de
442 2533 559 2570 rebus
572 2532 752 2583 magicis3
767 2531 814 2570 cf.
823 2530 978 2569 Ruhnk.

110 2592 212 2630 Dict.
238 2589 289 2628 ad
312 2587 427 2627 Ovid.
457 2588 616 2627 Heroid.
641 2587 709 2626 tx.
736 2591 802 2629 40.
831 2601 870 2638 p.
895 2591 979 2631 59..

112 2652 154 2686 ut
178 2645 273 2685 Met.
299 2644 344 2684 ll.
376 2659 412 2697 p.
439 2649 532 2686 200.
571 2659 754 2684 arcana
792 2645 981 2683 dominae

113 2717 222 2743 meae
247 2702 426 2741 revelare
450 2707 647 2741 secreta.
695 2699 753 2739 Ita
766 2699 979 2740 Ovid.Art.

113 2761 201 2800 Ani.
229 2759 270 2798 ll.
303 2763 395 2800 505.
428 2760 682 2798 taciturna
711 2770 898 2810 rumpere
927 2758 982 2795 si-

115 2817 290 2861 lentia;
337 2815 479 2853 Arnob.
507 2813 568 2853 ΙΙΙ.
595 2818 661 2855 26.
693 2814 984 2853 taciturnitatis

115 2873 290 2919 silentio,
331 2871 396 2911 ubi
430 2870 477 2910 cf.
509 2870 630 2909 Orell.
663 2870 708 2909 T.
740 2869 785 2908 Il.
822 2883 859 2921 p.
893 2874 982 2910 151.

114 2929 303 2968 Doederl.
332 2928 550 2979 Synonym.
576 2926 643 2966 lv,
667 2941 704 2979 p.
731 2926 843 2979 429.]

173 2985 261 3024 ΟΑι».
287 2983 415 3023 XXII.
459 2984 675 3037 patientia.
728 2983 766 3021 A
790 2983 984 3034 pruriente

117 3041 246 3081 critico
272 3041 408 3080 Colvio
441 3041 554 3079 lectio
583 3043 647 3078 est
670 3040 900 3092 parientia,
931 3040 983 3077 ni-

116 3098 325 3138 hilominus
344 3102 502 3149 recepta
519 3111 542 3136 a
554 3096 667 3136 Vulc.
683 3100 738 3142 2.,
765 3099 804 3134 et
821 3097 984 3147 probata

118 3155 283 3195 Scriver.
320 3156 355 3194 in
388 3154 559 3193 Miscell.
591 3153 758 3193 Observ.
794 3151 883 3191 Vol.
914 3150 982 3191 Vl.

1031 1361 1118 1385 enni
1144 1347 1248 1385 citari
1273 1360 1295 1384 a
1314 1345 1492 1385 Brisson.
1512 1345 1561 1384 de
1574 1345 1694 1383 Verb.
1714 1344 1842 1395 signif.
1863 1346 1897 1383 in

1026 1404 1248 1455 parientia.
1320 1402 1401 1440 Sed
1438 1402 1594 1440 valeant
1634 1401 1898 1440 inusitatarum

1030 1472 1168 1497 vocum
1195 1462 1413 1509 captatores
1433 1463 1471 1496 et
1491 1460 1525 1496 in
1546 1458 1608 1496 his
1631 1456 1779 1495 Pareus
1801 1457 1898 1495 Lex.

1033 1515 1121 1554 crit.
1146 1528 1183 1566 p.
1210 1519 1301 1555 885.
1324 1515 1558 1566 parientiae
1581 1528 1651 1566 pro
1673 1515 1900 1565 patientiae

1031 1572 1147 1610 etiam
1179 1571 1422 1623 adspergens
1456 1569 1576 1609 Tacit.
1608 1571 1644 1608 in
1671 1570 1802 1620 Agric.
1839 1574 1899 1610 18.

1032 1629 1182 1667 Saltem
1220 1627 1391 1666 debebat
1438 1627 1509 1666 dici
1553 1627 1819 1678 imparenffa,
1862 1630 1902 1664 ut

1031 1685 1155 1722 editur
1175 1685 1210 1722 in
1227 1685 1330 1722 Geli.
1348 1684 1373 1723 l.
1390 1687 1450 1724 13.
1472 1684 1599 1722 invitis
1614 1683 1715 1722 Mss.
1737 1683 1902 1721 ducente

1032 1741 1172 1791 Lipsio
1198 1742 1233 1778 in
1261 1741 1386 1779 Elect.
1414 1739 1441 1778 l.
1470 1745 1523 1786 7.,
1551 1740 1614 1791 qui
1639 1740 1901 1791 impar-iente'a

1032 1796 1134 1836 male
1146 1797 1377 1835 restituerat.
1404 1797 1442 1834 A
1463 1809 1613 1848 parere.
1638 1796 1738 1834 enim
1764 1795 1902 1834 deduci

1033 1854 1166 1904 nequit
1189 1855 1356 1905 pariens
1380 1857 1419 1891 et
1446 1853 1666 1905 parientia.
1740 1851 1840 1890 Nam
1866 1852 1902 1889 in

1032 1909 1134 1948 Plin.
1159 1909 1308 1961 Paneg.
1336 1923 1366 1948 c.
1398 1913 1459 1950 18.
1486 1909 1587 1947 Mss.
1614 1913 1653 1946 et
1678 1908 1778 1948 Edd.
1802 1909 1903 1946 bene

1035 1967 1127 2005 dant
1151 1967 1409 2006 contumacia
1441 1971 1480 2004 et
1509 1965 1807 2017 decltynatione
1829 1979 1903 2018 pa-

1031 2024 1163 2062 rendi.
1196 2022 1350 2062 Codicis
1364 2027 1430 2061 aut
1443 2021 1667 2060 cassiodori
1682 2022 1902 2067 auctoritas.

1034 2080 1067 2118 si
1100 2079 1161 2117 vel
1192 2081 1250 2118 sic
1278 2084 1407 2119 tamen
1436 2079 1645 2130 parientia
1677 2078 1779 2129 apud
1815 2078 1904 2116 illos

1035 2150 1126 2174 vera
1150 2141 1211 2175 est
1236 2136 1368 2181 lectio,
1394 2134 1486 2173 nihil
1509 2148 1573 2172 me
1599 2137 1740 2173 movet.
1789 2133 1904 2174 Prae-

1036 2198 1144 2232 terea
1166 2193 1371 2245 patientia
1396 2191 1536 2230 melius
1560 2191 1774 2242 respondet
1791 2204 1904 2242 seqq.

1036 2250 1124 2289 miti
1151 2251 1294 2302 quiete.

1094 2311 1192 2358 quot
1221 2307 1317 2345 εἰὶσε.
1351 2304 1478 2357 [Haec
1511 2304 1650 2343 locutio
1682 2317 1798 2355 quum
1827 2305 1904 2342 sin-

1037 2362 1181 2415 gularis
1195 2363 1265 2409 sit,
1291 2362 1425 2400 mirum
1441 2365 1520 2408 est,
1547 2361 1651 2413 quod
1664 2359 1804 2400 librarii
1818 2374 1905 2400 eam

1037 2433 1111 2458 non
1138 2408 1394 2470 corruperint,
1418 2418 1520 2456 unde
1545 2422 1719 2470 apertum
1745 2421 1826 2462 est,
1849 2431 1905 2455 re-

1037 2489 1129 2514 vera
1148 2489 1234 2514 eam
1256 2475 1308 2514 ita
1328 2488 1352 2513 a
1370 2489 1482 2513 manu
1508 2474 1666 2525 Apuleii
1693 2473 1905 2524 profectam

1038 2545 1146 2572 esse.
1172 2531 1409 2570 Contrarium
1425 2531 1617 2569 vindicare
1631 2530 1780 2568 videtur
1794 2529 1906 2569 locus

1039 2602 1152 2640 quem
1180 2587 1344 2627 Taubm.
1368 2587 1481 2626 affert
1505 2587 1553 2626 ad
1579 2585 1705 2626 Plaut.
1732 2586 1852 2625 Stich.
1880 2585 1904 2624 Ι.

1039 2650 1075 2687 2.
1091 2649 1191 2686 3.ex
1204 2643 1390 2696 Ulpiano:
1449 2644 1538 2683 1iln'l
1547 2645 1748 2688 interesse,
1773 2647 1907 2683 utrum

1038 2704 1081 2741 in
1106 2716 1234 2741 annos
1266 2700 1451 2753 st'nyulos
1489 2701 1550 2740 vel
1582 2700 1815 2752 quotannis,
1853 2713 1908 2738 an

1039 2758 1082 2797 in
1106 2757 1291 2810 sinyulos
1316 2771 1462 2796 menses
1486 2756 1549 2795 vel
1579 2760 1679 2809 quot
1700 2755 1906 2799 mensibus,

1041 2829 1094 2853 an
1119 2815 1161 2852 in
1185 2813 1370 2865 sinyulos
1395 2813 1482 2852 dies
1510 2827 1563 2851 an
1596 2816 1715 2865 quot
1737 2811 1908 2851 diebus

1043 2870 1212 2922 leyctnr,
1247 2870 1351 2908 unde
1388 2869 1595 2920 legendum
1626 2867 1777 2906 videtur
1810 2871 1911 2920 quot

1043 2927 1194 2966 diebus.
1245 2925 1333 2964 Nec
1357 2925 1531 2964 defendit
1559 2929 1659 2977 quot
1682 2924 1769 2963 dies
1792 2924 1909 2975 gemi-

1040 2995 1113 3021 nus
1138 2995 1253 3033 quem
1277 2985 1414 3032 putant
1438 2980 1547 3020 locus
1572 2980 1676 3032 apud
1699 2981 1827 3031 ipsum
1852 2978 1908 3018 Ci-

1041 3050 1219 3077 ceronem
1256 3037 1374 3076 Tusc.
1400 3037 1428 3077 l.
1454 3040 1518 3078 49.
1556 3037 1589 3086 §.
1616 3038 1706 3077 119.
1745 3040 1783 3075 et
1808 3041 1908 3088 quot

1041 3095 1128 3134 dies
1146 3095 1289 3134 erimus
1306 3095 1349 3133 in
1370 3093 1615 3140 Tusculano,
1641 3105 1759 3144 quum
1772 3092 1835 3130 hic
1847 3105 1907 3131 ac-

1042 3151 1240 3191 cusativus
1265 3150 1472 3203 ‘notissima
1502 3149 1687 3202 temporis
1718 3148 1906 3201 significa-
