2155 3590
592 169 778 210 LIBER
801 170 923 211 VIII.

981 169 1110 211 FAP.
1134 168 1300 209 XXXI.
1771 168 1852 210 747

71 287 260 327 advenam
279 284 397 325 istum
416 281 568 323 asinum
589 290 739 323 remoto
764 282 930 337 quodam
955 282 1041 323 loco
1066 282 1269 323 deductum
1293 280 1447 346 iugula.
1470 281 1672 333 femusque
1696 278 1780 320 eius
1804 280 1853 319 ad

69 340 360 382 similitudinem
390 339 532 394 perditi
561 339 778 380 detractum
809 346 850 380 et
879 339 1101 379 accuratius
1131 338 1172 378 in
1204 337 1471 391 protrimentis
1496 336 1741 400 sapidissime
1765 349 1853 389 per-

39 432 44 438 .
69 404 220 438 coetum
245 409 395 450 appone
419 395 593 446 domino,
622 396 772 436 cervini
794 395 937 436 vicem.
974 393 1227 449 Nequissimo
1251 393 1462 434 verberoni
1485 406 1556 433 sua
1580 391 1726 456 placuit
1747 391 1853 432 salus

69 454 115 494 de
134 466 221 493 mea
240 459 386 502 morte,
413 458 454 493 et
465 451 626 492 multum
646 465 863 493 conservae
876 451 1033 492 laudata
1045 451 1284 505 sagacitate,
1311 448 1528 490 destinatae
1541 447 1853 489 etiamlanienae

68 509 216 550 cultros
239 508 420 550 acuebat.

67 635 162 665 modo
181 644 239 672 pro
258 634 330 664 loco
349 644 380 671 p.
426 633 562 664 ductum
580 635 617 664 P.
655 635 774 675 femus
791 635 828 664 F.
841 636 872 664 2.
887 637 918 664 3.
938 636 974 664 G.
989 636 1019 664 1.
1031 636 1064 664 2.
1082 636 1122 665 D.
1136 636 1173 664 Ρ.
1200 633 1330 674 foenus
1348 634 1385 662 P.
1409 633 1446 662 In
1466 634 1538 661 cett.
1557 634 1592 661 ut
1610 638 1713 666 supra
1722 630 1854 670 femur.

66 684 244 710 extractum
256 690 287 716 p.
334 680 493 709 accur-ins
506 682 583 709 Bas.
598 681 628 709 1.
670 679 926 717 ρνοείτίηιεητίε
942 682 977 709 G.
991 682 1023 709 2.
1035 682 1073 709 D.
1087 681 1124 708 P.
1137 681 1174 708 L.
1216 681 1411 716 percoctum
1424 678 1461 707 F.
1476 678 1505 706 1.
1519 678 1549 706 3.
1569 678 1605 705 G.
1619 678 1650 706 1.
1662 678 1694 705 2.
1712 677 1752 704 R.
1771 677 1810 704 D.
1832 676 1855 704 f.

68 729 104 757 0.
119 724 148 756 δ.
163 728 198 756 Ρ.
212 729 297 756 lunt.
311 728 342 755 2.
354 728 438 755 Elm.
452 726 556 755 Scriv.
568 725 689 755 Florid.
712 727 750 754 In
762 729 834 755 cett.
848 724 1031 754 decoctum.
1056 725 1097 754 cf.
1111 725 1152 753 ad
1165 727 1242 754 Met.
1254 725 1309 753 IV.
1323 723 1438 759 p.251.
1485 720 1727 750 cerm'm'm'cem
1739 722 1855 755 F.3.p.

68 771 200 800 cervini
214 779 283 799 mee
302 773 338 800 G.
359 773 389 800 1.
425 779 559 799 cervum
573 770 644 798 vice
655 771 696 800 D.
731 771 856 798 cerium
869 778 941 798 moe
954 772 991 798 G.
1003 772 1035 799 2.
1053 773 1175 805 aperte.
1210 768 1340 797 cervice
1352 769 1388 797 P.
1407 768 1442 796 iu
1461 767 1624 802 excerptis
1637 768 1678 795 ad
1690 773 1791 801 marg.
1805 767 1856 794 ed.

67 818 159 847 Colv.
184 817 277 844 cervi
294 816 366 844 vice
376 817 412 846 F.
428 817 458 846 1.
476 816 511 844 in
530 816 646 845 iisdem
664 816 837 850 excerptis.
862 814 1073 843 cerm‘m'm'ce
1091 815 1162 844 edd.
1175 818 1253 844 vett.
1266 818 1295 842 et
1314 816 1446 842 recemt.
1481 811 1575 840 cerm·
1590 811 1730 840 invicem
1754 810 1857 839 modii

67 866 115 891 est
136 862 332 891 coniectura.
378 859 580 898 nequissime
599 862 635 889 G.
654 862 681 889 1.
726 859 874 888 laudata
887 859 1083 898 sagacilate
1097 860 1132 888 F.
1148 861 1180 888 3.
1196 862 1233 889 G.
1248 861 1278 888 1.
1292 860 1328 888 Ρ.
1341 860 1379 887 R.
1395 858 1417 887 f.
1432 854 1462 886 δ.
1498 855 1661 885 laudatas
1679 855 1857 893 agacilace

67 910 106 936 G.
118 909 149 936 2.
163 909 203 936 D.
224 909 263 936 ln
277 909 350 935 cen.
362 905 545 943 sagi'cz‘late
557 904 713 933 laudata.
758 904 952 933 destinatae
964 904 1068 933 etiam
1079 903 1237 933 lanienae
1249 912 1360 933 onmes
1374 903 1441 931 fere
1453 903 1542 932 codd.
1556 905 1589 930 ut
1601 902 1638 931 F.
1648 903 1677 930 1.
1686 902 1716 930 3.
1725 902 1762 930 G.
1774 901 1804 929 1.
1816 901 1856 929 B.

67 955 203 989 habent,
228 952 312 986 quod
329 952 414 980 idem
433 961 467 986 φ.
487 954 569 980 teste
589 951 719 985 sciopp.
738 953 887 987 praebet,
913 958 1011 985 quum
1030 954 1143 979 contra
1154 951 1265 978 XVow.
1301 947 1495 976 destinatae
1508 946 1577 974 iam
1590 945 1747 974 lanienae
1766 946 1802 975 in
1820 952 1858 974 eo

67 997 240 1026 invenerit.
271 995 467 1024 destinatae
479 996 583 1024 etiam
597 994 726 1023 lamene
739 997 775 1025 G.
793 997 826 1025 2.
843 996 884 1024 D.
908 995 948 1024 cf.
963 997 1005 1024 ad
1016 996 1171 1025 Met.V11.
1184 1003 1215 1030 p.
1229 996 1305 1023 494.
1341 991 1517 1021 destinata
1529 992 1632 1020 etiam
1646 990 1778 1020 laniem
1790 999 1822 1026 p.
1835 990 1858 1018 f.

66 1044 116 1072 ed.
130 1050 177 1077 pr.
191 1042 318 1071 Vicem.
330 1042 444 1072 Venet.
480 1039 657 1071 destinata
669 1040 774 1068 etiam
791 1038 931 1069 laniena
947 1042 987 1071 R.
1005 1044 1038 1069 et
1057 1043 1128 1070 cett.
1146 1041 1219 1070 edd.
1251 1037 1448 1068 destinatae
1458 1038 1528 1066 iam
1541 1036 1699 1066 lanienae
1710 1037 1860 1066 emendat

65 1087 212 1123 Lipsius.
259 1085 371 1115 cultro
383 1083 414 1116 δ.
449 1085 559 1116 cultos
572 1088 609 1117 G.
622 1087 654 1115 2.
666 1086 703 1116 Ρ.
716 1086 757 1116 D.
803 1084 969 1114 accuebat
980 1086 1017 1115 G.
1033 1087 1063 1116 1.

67 1185 117 1225 ab
141 1185 292 1224 insania
315 1185 428 1236 quasi
452 1183 745 1230 convalescere,
768 1187 811 1222 ut
833 1184 936 1222 bene

67 1242 314 1293 praegressis
332 1245 459 1280 mente
476 1241 671 1280 excidisti
690 1245 760 1280 tua
773 1252 933 1290 respon-

68 1297 179 1343 (leat,
205 1310 319 1348 quam
334 1298 528 1335 notionem
548 1295 676 1334 lexica
688 1296 786 1334 satis
799 1309 932 1347 super·

68 1367 146 1404 que
158 1353 335 1405 probant.
361 1352 565 1391 Sententia
579 1353 690 1403 igitur
703 1356 781 1389 est:
796 1351 932 1390 Mento

67 1409 245 1448 excidisti
258 1414 327 1447 tua
345 1409 367 1447 i.
382 1422 416 1447 e.
435 1409 597 1447 insanus
617 1421 681 1454 es,
707 1407 772 1457 qui
792 1408 842 1446 ob
856 1421 938 1446 rem

68 1469 146 1504 tam
171 1464 270 1504 levis
302 1466 486 1504 momenti
515 1478 655 1503 manus
679 1464 748 1502 tibi
772 1464 858 1514 ipse
883 1465 936 1502 in-

68 1522 193 1568 feras,
228 1521 281 1560 ad
315 1522 456 1560 bonam
491 1524 662 1559 mentem
696 1520 730 1558 si
762 1519 937 1565 redieris,

68 1591 199 1617 meum
225 1591 274 1617 ea
297 1577 346 1616 de
369 1591 412 1616 re
436 1576 640 1616 consilium
664 1580 847 1616 accurate
870 1590 936 1615 au-

68 1633 229 1687 ›scultaJ

125 1690 278 1730 cervini
290 1691 428 1730 vicem.
453 1690 556 1731 Elm.
569 1688 695 1730 Modii
706 1690 792 1728 sive
805 1690 936 1742 potius

69 1746 264 1786 Stewech.
277 1747 328 1785 ad
342 1746 438 1786 Met.
452 1745 504 1786 X.
518 1761 554 1799 p.
570 1752 663 1789 727.
678 1747 937 1785 coniecturam

69 1807 231 1842 secutus
260 1803 396 1842 maluit
431 1806 615 1844 cervinae
644 1815 700 1842 se.
737 1802 862 1841 carnis
887 1814 938 1840 ex

67 1858 251 1911 analogia
280 1860 485 1899 verborum
517 1860 729 1906 bubalina,
766 1859 937 1911 aquina,

66 1917 277 1956 vervecina
302 1915 351 1956 al.
378 1916 461 1955 Sed
481 1918 634 1956 cervini
647 1916 771 1956 vicem
791 1914 937 1966 optima

68 1972 184 2010 lectio
210 1975 283 2010 est.
308 1971 374 2011 Ad
400 1973 550 2013 cervini
574 1970 848 2021 subintelligas
877 1973 938 2022 fe-

69 2029 193 2067 moris
199 2041 213 2074 ,·
237 2028 287 2066 de
299 2039 383 2066 voc.
397 2031 521 2068 vicem
541 2028 591 2068 cs.
605 2028 656 2067 ad
668 2027 764 2066 Met.
779 2027 805 2065 l.
818 2041 856 2079 p.
871 2031 937 2068 46.

126 2084 354 2124 destinatae
378 2085 498 2123 etiam
523 2085 719 2124 lcmz'enae.
754 2083 939 2136 [Verissi-

67 2153 171 2179 mam
207 2154 301 2179 esse
335 2139 462 2192 Lipsii
499 2139 811 2179 emendationem
846 2141 940 2186 iam,

70 2197 265 2236 sententia
280 2195 451 2235 estOud.
462 2227 472 2242 ,
487 2197 546 2235 cui
561 2197 774 2235 obsecutus
782 2196 939 2236 Ruhnk.

68 2254 151 2292 iam
175 2254 209 2291 in
235 2257 384 2291 textum
408 2253 576 2293 admisit.
624 2252 708 2291 Sed
732 2253 854 2292 eliam
877 2253 942 2292 hic

69 2310 264 2361 exprimit,
289 2322 370 2347 rem
393 2323 488 2347 vere
506 2310 585 2348 lieri
605 2309 671 2347 vel
691 2322 784 2347 vere
798 2308 942 2348 saetam

70 2379 183 2413 esse,
215 2369 388 2404 nostrum
413 2366 606 2406 wil-kllela
630 2365 678 2404 cf.
703 2365 832 2408 Hand.
847 2365 942 2404 Tur-

69 2422 160 2460 sell.
193 2420 238 2461 T.
269 2420 316 2462 ll.
351 2435 386 2475 p.
411 2426 523 2468 568„
560 2422 625 2473 qui
659 2422 793 2474 plures
829 2422 940 2462 locos

69 2478 240 2529 excitat]

127 2535 312 2574 uouebat.
372 2534 551 2586 [Luciam.
596 2548 632 2586 p.
675 2538 767 2576 607.
804 2550 837 2574 c.
874 2539 938 2577 39.

70 2588 209 2631 ἐνθάδε
223 2589 309 2630 οἶδα
320 2590 435 2644 με’γαν
448 2589 614 2632 κίνδυνον
626 2588 743 2638 αὐτὸς
754 2589 940 2637 ὑποστάς·

991 1186 1067 1222 τῶν
1084 1184 1204 1234 φίλων
1222 1178 1293 1235 γάρ
1310 1197 1366 1227 τις
1385 1184 1439 1231 τῷ
1458 1177 1622 1232 δεσπότῃ
1640 1182 1715 1219 τῶν
1736 1177 1861 1233 ἀῃρῶν

990 1237 1135 1291 έπεμψε
1156 1241 1289 1291 δεῦρο),
1316 1232 1404 1278 ὅνου
1423 1235 1486 1290 οἱ)
1473 1252 1553 1277 οιου
1571 1234 1700 1289 μηρόν.
1724 1237 1861 1276 τοῦτον

991 1293 1010 1334 ὁ
1031 1293 1204 1348 μάγειρος
1221 1291 1405 1334 σκευάσαι
1422 1290 1548 1347 λαβὼν
1566 1290 1739 1345 ραθυμία
1757 1289 1860 1332 ἀπω-

989 1353 1089 1398 2.,εσε
1115 1353 1234 1391 κυνῶν
1258 1349 1409 1390 πολλῶν
1432 1348 1630 1413 λαθραίους
1653 1348 1740 1388 εἰσω
1764 1364 1859 1400 ποιη-

997 1403 1205 1446 ελθόντων·
1231 1402 1272 1452 ὃς
1297 1403 1427 1451 δεδιώς
1450 1402 1594 1457 πληγὰς
1622 1401 1767 1449 πολλὰς
1797 1405 1861 1443 καὶ

993 1462 1162 1517 βάσαιοι
1202 1461 1242 1502 ἐκ
1282 1463 1349 1514 τῆς·
1389 1459 1578 1507 ducalem,-
1617 1462 1687 1500 τοῦ
1721 1461 1860 1512 μηροῦ,

994 1518 1086 1572 έγιω
1115 1517 1300 1571 κρεμάσαι
1329 1514 1464 1558 ἑαυτὸν
1491 1521 1532 1557 ἐκ
1555 1520 1625 1556 τοῦ
1657 1519 1796 1570 τραχη)
1801 1516 1860 1555 οἷι·

993 1575 1016 1628 ἡ
1043 1576 1085 1615 δὲ
1107 1573 1195 1628 γυνὴ
1219 1574 1242 1628 ἡ
1267 1573 1416 1623 τούτου,
1440 1571 1559 1614 κακὸν
1577 1572 1774 1620 &galatos
1756 1569 1862 1624 εμόν

991 1629 1111 1674 Ἀλλὰ
1133 1647 1226 1684 μητε
1250 1629 1485 1683 ἀπόθνησκε,
1510 1629 1621 1677 εἶπεν,
1646 1623 1676 1668 ὦ
1696 1628 1760 1681 qno.
1763 1644 1862 1676 τατε,

992 1685 1086 1741 μήτε
1115 1686 1266 1740 ἀθυμιᾳ
1289 1686 1446 1739 τοιαύτῃ
1471 1689 1546 1732 δαῖς
1569 1685 1745 1726 σεαυτόν·
1781 1700 1863 1726 πει-

993 1742 1160 1796 θόμενος
1183 1743 1255 1798 γάρ
1278 1760 1344 1810 μοι
1367 1742 1519 1808 πράξεις
1542 1758 1583 1783 ευ
1608 1740 1752 1782 miv-za
1787 1745 1863 1781 τῶν

994 1800 1168 1842 κιναίδων
1197 1799 1263 1840 τὸν
1292 1816 1380 1841 ονον
1408 1797 1534 1868 λαβῴν
1563 1797 1633 1846 ἔξω
1656 1801 1706 1843 εἰς
1713 1797 1864 1863 ἔρημον

994 1856 1144 1924 χωρίον,
1169 1850 1332 1897 κᾶπειτα
1357 1853 1504 1908 σφαξας
1526 1852 1660 1903 αὐτὸν,
1685 1851 1728 1895 τὸ
1751 1871 1794 1906 με
1791 1853 1864 1907 ’ρος

992 1912 1061 1967 μὲν
1090 1917 1223 1962 ἐκεῖνο,
1253 1909 1319 1953 τὸν
1345 1909 1464 1979 μηρὸν
1494 1908 1711 1962 ἀποτεμὼν,
1735 1908 1865 1962 κόμιζε

993 1971 1124 2024 δεῦρο·
1149 1986 1214 2010 και
1237 1967 1427 2014 σκευάσας
1450 1969 1504 2019 τῷ
1527 1965 1693 2019 δεσπότῃ
1718 1965 1865 2011 ἀπόδος

995 2029 1060 2068 καὶ
1088 2025 1131 2066 τὸ
1161 2022 1258 2066 ἄλλο
1287 2026 1357 2065 τοῦ
1387 2019 1474 2065 ὅπου
1504 2023 1608 2064 κάτω
1637 2039 1710 2064 που
1742 2022 1778 2069 ε’5·
1800 2020 1867 2062 τὸν

996 2080 1157 2137 κρημιὸν
1170 2077 1277 2134 ἄφες
1302 2078 1485 2148 δόξειγὰρ
1504 2077 1674 2133 οποὸρὰς
1692 2076 1871 2149 οιχεσθαί

997 2155 1075 2188 ποι,
1100 2137 1163 2179 καὶ
1187 2138 1281 2179 εἶναι
1304 2136 1468 2190 ἀφανής·
1494 2135 1592 2203 ὁρᾶ5
1602 2134 1669 2184 δὲ,
1687 2135 1745 2185 ὡς
1768 2134 1867 2176 ἐστιν

997 2191 1184 2262 ευσαρκος
1207 2192 1270 2235 καὶ
1293 2198 1362 2234 τοῦ
1386 2192 1517 2248 ἀγρίου
1541 2190 1667 2233 πάντα
1690 2188 1869 2243 ἀμείννωι
1857 2222 1868 2237 ‚

998 2252 1019 2293 ὁ
1045 2251 1087 2292 δὲ
1109 2250 1286 2320 μάγειρο5
1308 2254 1375 2303 τῆς
1398 2247 1572 2303 γυναικὸς
1600 2248 1801 2294 ἐπαινεσας
1823 2246 1867 2287 τὸ

998 2306 1210 2363 βούλευμα·
1230 2303 1434 2378 ''Aeto-m,
1448 2305 1536 2359 ἔφη,
1571 2322 1652 2374 σοι,
1688 2300 1719 2345 ὦ
1749 2303 1869 2358 γύναι,

999 2369 1124 2405 ταῦτα
1147 2366 1212 2404 καὶ
1233 2364 1359 2413 τούτῳ
1383 2362 1487 2416 μόνῳ
1511 2363 1565 2412 τῷ
1586 2361 1682 2429 ε’ργω
1706 2359 1774 2407 τὰς
1796 2359 1867 2413 μοί-

997 2437 1128 2474 στιγας
1151 2430 1278 2474 φυγεῖν
1300 2419 1393 2488 ε”χω
1395 2422 1461 2460 καὶ
1482 2416 1596 2459 τοῦτό
1620 2434 1685 2470 μοι
1707 2412 1779 2470 ἤδη
1803 2432 1868 2456 πε-

997 2477 1197 2545 πράξεται·
1224 2476 1244 2518 ὁ
1264 2475 1331 2528 μὲν
1349 2471 1415 2516 οὖν
1433 2474 1601 2524 ἀιόσιος,
1626 2471 1738 2520 οὗτος
1752 2471 1868 2525 οὑμός

997 2550 1173 2588 μαγειρο5
1197 2533 1289 2586 ἐμοῦ
1312 2531 1468 2585 πλησίον
1493 2530 1628 2581 ἑστώς,
1657 2535 1704 2583 τῇ
1725 2531 1869 2584 γυναικὶ

998 2595 1121 2632 ταῦτα
1144 2593 1312 2644 συιιβουλ
1315 2588 1430 2631 εύετο.
1444 2589 1460 2642 ]
