2155 3590
497 129 684 171 LIBER
714 130 785 170 ΙΙΙ.
846 130 972 171 CAP.
1003 130 1169 172 XVIII.
1776 131 1856 172 183

566 338 602 385 C
661 338 707 385 A
763 339 802 385 P
860 339 904 386 U
962 340 1006 386 T
1108 338 1344 386 XVIII.

173 469 286 511 Tunc
301 471 516 511 decantatis
531 470 771 524 spirantibus
792 471 899 512 fibris
920 472 1006 512 litat
1021 472 1131 513 vario
1152 469 1281 521 latice,
1305 485 1409 511 nunc
1428 484 1520 511 rore
1540 471 1719 520 fontano,
1751 484 1854 510 nunc

64 525 165 567 lacte
174 526 462 574 vaccino‚uunc
476 527 587 567 melle
603 535 799 567 montano.
816 527 932 567 Libat
946 536 983 568 ct
997 528 1132 568 mulsa.
1148 528 1214 569 Sic
1227 528 1314 568 illos
1329 527 1488 581 capillos
1501 527 1541 567 in
1557 534 1711 567 mutuos
1726 540 1854 566 nexus

62 582 214 622 obditos
228 589 343 637 atque
358 583 521 636 nodatos
537 597 622 623 cum
637 584 767 623 multis
789 585 975 624 odoribus
995 586 1060 624 dat
1077 585 1180 625 vivis
1206 584 1440 624 carbonibus
1463 583 1690 624 adolendos.
1739 581 1854 622 Tunc

60 639 238 692 protinus
261 638 583 695 {inexpugnabili
608 640 784 693 magicae
810 640 1035 694 disciplinae
1061 648 1252 695 potestate
1278 648 1318 681 et
1348 653 1464 680 caeca
1495 640 1669 680 ominum
1699 641 1856 678 coacto>

60 709 148 746 rum
177 695 369 735 violentia
400 696 466 735 illa
498 710 686 751 corpora,
722 711 885 750 quorum
920 697 1121 737 fumabant
1151 697 1361 738 stridentes
1387 696 1537 750 capilli,
1567 696 1746 750 spiritum
1772 709 1856 734 mu-

60 757 224 791 tuantur
242 752 467 802 humanum,
497 760 536 793 et
558 753 735 793 sentiunt
756 761 795 793 et
814 754 976 794 audiunt
997 761 1036 793 ct
1056 754 1270 802 ambulant,
1298 760 1338 794 et
1361 766 1437 805 qua
1461 752 1576 792 nidor
1601 765 1760 792 suarum
1787 751 1856 790 du-

62 807 174 848 cebat
198 809 454 859 exuviarum,
489 809 674 859 veniunt,
703 817 742 849 et
767 824 836 863 pro
863 810 929 849 illo
960 810 1104 849 iuvene
1136 809 1302 850 Boeotio
1336 810 1479 849 aditum
1508 809 1723 863 gestientes
1750 808 1856 847 sores

59 863 252 905 insiliunt.
304 862 403 906 Cum
435 879 525 906 ecce
557 866 715 920 crapula
746 867 906 906 madeus
938 874 975 906 el
1013 866 1252 920 improvidae
1284 865 1410 906 noctis
1448 866 1631 920 deceptus
1669 863 1854 918 caligine,

61 921 250 961 audacter
274 936 460 962 mucrone
487 922 673 962 destricto
699 923 738 962 in
764 922 893 962 insani
921 923 1074 963 modum
1105 922 1243 963 Aiacis
1269 929 1465 971 armatus,
1494 936 1572 961 non
1596 928 1641 962 ut
1664 921 1729 961 ille
1753 920 1856 960 vivis

61 976 266 1031 pecoribus
291 977 460 1018 infestus
486 984 566 1018 tota
587 978 752 1019 laniavit
769 986 964 1029 armenta,
992 979 1060 1019 sed
1086 979 1204 1032 longe
1231 979 1393 1028 fortius,
1417 978 1483 1031 qui
1503 985 1584 1019 tres
1610 977 1766 1017 inflatos
1793 991 1857 1016 ca-

60 1033 194 1086 prinos
214 1041 322 1074 utres
342 1035 596 1085 exanimasti,
624 1040 667 1074 ut
688 1048 762 1089 ego
781 1042 819 1075 te
840 1035 1047 1088 prostratis
1068 1035 1244 1075 hostibus
1266 1035 1349 1075 siue
1370 1035 1521 1074 macula
1546 1033 1752 1088 sanguinis
1779 1047 1857 1074 non

61 1089 290 1130 homicidam
318 1105 420 1131 nunc
446 1092 512 1131 sed
539 1091 745 1131 utricidam
770 1091 1043 1145 amplecterer.

150 1221 310 1246 montano
323 1221 413 1248 abes-1
429 1220 461 1247 in
476 1227 511 1247 π.
525 1221 563 1248 R.
573 1220 594 1247 f.
610 1218 708 1254 [quod
723 1228 779 1254 per
792 1220 919 1248 similes
938 1222 1166 1249 antecedentes
1180 1220 1430 1257 vocisftmlcmo
1444 1229 1541 1249 sonos
1555 1224 1582 1250 et
1598 1221 1723 1250 litteras
1737 1221 1859 1249 sactum

58 1271 132 1292 esse
145 1264 305 1299 apparet}
351 1263 444 1292 biba!
456 1267 490 1290 et
503 1264 630 1291 mulsat
640 1272 677 1293 π.
726 1263 833 1292 mulsa
847 1266 884 1292 D.
932 1263 1090 1292 obductos
1105 1266 1141 1293 Β.
1167 1266 1229 1292 Sed
1256 1265 1296 1293 cf.
1310 1267 1332 1293 1.
1348 1274 1376 1299 p.
1392 1268 1444 1294 55.
1458 1266 1587 1293 iniecta
1600 1269 1704 1302 atque
1717 1264 1860 1293 obdita

53 1307 331 1348 parteftmiculi.
378 1307 560 1336 innodatos
579 1310 663 1338 Prie.
684 1310 736 1338 hic
756 1310 903 1338 coniecit.
929 1311 989 1337 Sed
1011 1310 1044 1338 in
1057 1311 1141 1338 Add.
1156 1318 1191 1337 se
1212 1311 1389 1338 revocavit.
1440 1308 1574 1337 Νικίαι-ι·
1586 1319 1642 1345 pro
1657 1311 1799 1347 involvi,
1826 1311 1858 1338 in

58 1356 176 1382 nodum
189 1354 261 1390 cogi
274 1361 312 1382 ac
325 1354 505 1388 constringi
518 1355 651 1389 saepius
665 1355 815 1383 occurrit.
864 1357 987 1381 cuncta
1002 1363 1056 1388 pro
1071 1362 1172 1381 coeca
1189 1352 1217 1382 δ.
1266 1353 1401 1382 illorum
1423 1356 1571 1391 corpora
1589 1356 1610 1383 f.
1657 1355 1859 1383 cambiarum

57 1399 92 1427 F.
107 1400 139 1427 3.
164 1398 385 1426 excubiarum
398 1401 436 1427 R.
451 1399 473 1427 f.
487 1396 515 1427 ὃ.
540 1400 636 1427 solito
649 1407 756 1428 errore
780 1399 821 1428 cf.
837 1402 912 1428 Met.
928 1399 964 1428 ΙΙ.
980 1407 1006 1433 p.
1025 1401 1097 1427 164.
1146 1398 1334 1427 ecim'arnm
1348 1402 1385 1428 D.
1401 1408 1419 1429 a
1435 1408 1463 1435 p.
1478 1408 1519 1429 m.
1565 1399 1673 1428 boetio
1686 1401 1722 1429 F.
1735 1402 1761 1429 1.
1778 1401 1860 1430 αἱ).

58 1443 99 1472 cf.
113 1451 215 1478 supra
228 1452 256 1479 p.
271 1445 347 1472 201.
362 1445 438 1473 203.
485 1444 624 1472 veniunt
636 1447 726 1473 abest
742 1452 762 1473 a
774 1446 812 1473 D.
826 1452 844 1473 a
859 1453 887 1478 p.
902 1452 942 1473 m.
991 1447 1025 1471 et
1038 1452 1112 1472 ecce
1123 1447 1160 1473 L.
1208 1444 1310 1472 etiam
1325 1444 1532 1482 improvidae
1546 1445 1566 1474 f.
1581 1447 1618 1474 R.
1633 1442 1662 1473 δ.
1683 1447 1767 1474 unde
1780 1446 1861 1475 Oud.

59 1489 197 1518 coniecit
210 1491 242 1516 et
255 1490 359 1517 etiam
367 1488 575 1526 improvidae
587 1492 640 1518 vel
653 1493 689 1517 et
696 1493 882 1526 praeterea
896 1488 1113 1526 improvidae.
1141 1488 1312 1517 Obscnrae
1324 1491 1446 1527 noctis,
1460 1492 1544 1525 quod
1558 1491 1592 1518 in
1606 1491 1774 1519 nonnuliis
1790 1491 1861 1519 edd.

57 1534 192 1570 legitur,
217 1544 234 1563 e
246 1537 359 1570 glossa
370 1539 473 1564 ortum
485 1538 534 1563 est
548 1539 577 1563 et
591 1538 672 1564 hene
686 1535 749 1564 iam
762 1537 845 1564 Elin.
859 1538 886 1563 et
908 1543 997 1569 seqq.
1017 1534 1213 1571 inprovidae
1228 1537 1448 1565 emendarunt.
1470 1538 1634 1565 Intrusum
1648 1539 1714 1564 erat
1730 1543 1750 1564 a
1763 1535 1862 1564 Basi-

57 1579 237 1615 leensihus,
252 1582 410 1609 retentum
424 1588 442 1609 a
456 1580 583 1616 Con-io,
598 1581 739 1609 Vulcau.
753 1581 864 1608 U‘0w.
902 1578 1036 1608 deeetus
1050 1582 1085 1609 D.
1102 1588 1121 1609 a
1136 1590 1164 1615 p.
1180 1589 1219 1609 m.
1257 1579 1425 1608 audacter
1438 1582 1473 1610 F.
1489 1583 1519 1610 3.
1533 1584 1561 1610 et
1576 1589 1686 1609 omnes
1700 1582 1771 1609 edd.
1783 1584 1862 1609 vett.

56 1625 92 1652 In
106 1625 342 1659 reliquis.quos
355 1633 414 1661 ego
427 1625 548 1653 contuli
561 1626 651 1654 codd.
665 1627 740 1654 etR.
752 1626 772 1654 f.
799 1624 980 1654 audaciter
992 1627 1120 1661 legitur.
1146 1624 1310 1653 destricto
1325 1627 1360 1654 F.
1370 1628 1400 1654 3.
1411 1628 1446 1655 G.
1456 1628 1538 1655 D.0.
1552 1628 1588 1654 ln
1601 1630 1674 1654 cett.
1688 1624 1860 1661 districto,

56 1672 92 1697 ut
105 1669 224 1704 ubique
236 1670 327 1698 codd.
338 1671 480 1699 variant.
516 1670 551 1698 in
563 1671 702 1698 insania
715 1671 844 1700 Vicent.
856 1672 970 1699 Venet.
985 1673 1015 1700 ¹2.
1058 1670 1187 1699 modum
1203 1673 1315 1700 extuat
1328 1679 1349 1699 a
1361 1673 1399 1700 D.
1414 1678 1434 1699 a
1448 1680 1477 1706 p.
1492 1680 1532 1700 m.
1565 1670 1760 1708 pectoribus
1775 1673 1810 1701 G.
1824 1673 1861 1701 1..

51 1713 225 1751 prioribus
235 1716 273 1744 D.
287 1723 308 1744 a
318 1723 399 1750 μω.
413 1715 486 1751 [sed
495 1715 673 1752 pecoribus
689 1723 709 1745 a
722 1724 798 1745 m.s.
813 1716 845 1744 in
861 1720 1142 1751 marg.correctum
1155 1716 1232 1752 est].
1257 1715 1413 1744 laniabat
1429 1717 1450 1745 t'.
1476 1719 1648 1744 crementa
1662 1718 1742 1745 G.P.
1757 1720 1789 1746 et
1801 1724 1862 1744 ar-

57 1762 171 1787 mentu
182 1760 320 1790 inD-est
331 1761 461 1790 nonnisi
474 1768 494 1789 a
506 1769 547 1790 m.
561 1769 587 1790 s.
614 1761 736 1799 quique
751 1764 819 1789 tres
833 1758 861 1790 δ.
886 1760 1129 1791 am‘maseil).a
1145 1770 1223 1797 p.m.
1248 1770 1336 1789 manc
1348 1764 1459 1791 exulat
1473 1770 1490 1791 a
1507 1762 1528 1790 f.
1554 1760 1737 1789 utricidam
1750 1763 1863 1791 Brant.

58 1807 148 1840 putat
161 1807 263 1834 latere
275 1806 373 1834 etiam
387 1808 582 1835 obscoenum
596 1807 702 1835 iocum
716 1807 811 1841 quasi
826 1809 865 1835 ab
881 1808 1043 1835 caedendo
1058 1811 1156 1836 utero.
1180 1805 1328 1834 Caedere
1339 1805 1454 1835 Hr'llas
1468 1807 1863 1841 eniminterdevirginata,

56 1857 139 1879 esse.
165 1851 232 1885 Quo
244 1851 314 1879 iure
327 1851 358 1879 id
372 1851 535 1887 conficiat,
556 1852 693 1886 quisque
705 1852 870 1887 intelligit.
909 1850 1113 1879 rutricae‘dum
1127 1853 1160 1880 iu
1174 1853 1287 1881 Venet.
1303 1854 1333 1881 2².
1346 1853 1474 1887 legitur.
1511 1851 1765 1888 amplectereris
1779 1853 1814 1881 F.
1830 1853 1860 1880 3.

56 1896 139 1929 quod
153 1896 228 1930 quid
242 1896 306 1925 sibi
320 1896 414 1933 velit,
440 1904 503 1925 non
518 1897 622 1931 capio.
646 1898 682 1925 ln
697 1900 770 1926 ceu.
784 1898 951 1934 omnibus,
977 1900 1009 1925 ut
1025 1898 1247 1926 necessarium
1261 1901 1326 1935 est,
1352 1898 1520 1927 invenitur
1534 1896 1768 1934 amplecterer.

57 2005 237 2056 intelligit
266 2010 439 2044 mortuos
469 2006 626 2058 quidem
656 2007 731 2045 sed
757 2007 926 2045 nondum

58 2060 257 2112 sepultos,
296 2075 457 2112 quorum
487 2063 666 2101 membra
695 2063 808 2101 avide
839 2076 926 2102 con-

986 2006 1066 2058 [De
1081 2007 1194 2045 nodis
1207 2008 1369 2058 magicis
1395 2007 1441 2046 cs.
1454 2005 1621 2046 Turneb.
1635 2006 1737 2046 Adv.
1751 2005 1861 2046 XIX.

985 2077 1016 2101 c.
1032 2067 1096 2103 22.
1124 2076 1160 2114 p.
1184 2067 1276 2104 661.
1298 2063 1407 2102 Deir.
1424 2063 1624 2114 Disquiss.
1647 2062 1860 2114 Magg.111.

1879 636 1944 673 207

58 2118 153 2169 quiri
178 2131 202 2156 a
225 2119 350 2167 magis
371 2119 558 2169 sagisque
578 2119 761 2157 veneficis
786 2120 928 2158 docent

58 2173 207 2212 Lucan.
239 2173 307 2211 Vl.
341 2177 433 2214 550.
484 2174 567 2213 Sed
604 2179 642 2213 et
677 2176 927 2226 sepultorum

59 2243 216 2281 quoque
247 2231 419 2270 membra
451 2231 499 2268 ab
531 2230 609 2269 illis
647 2231 803 2283 decerpi
841 2236 879 2270 et
910 2245 933 2269 e

57 2287 165 2337 rogis
190 2299 237 2324 ac
261 2285 450 2337 sepulcris
476 2287 614 2325 auferri
640 2288 789 2326 dixerat
812 2287 934 2339 Apul.

59 2342 147 2381 ibid.
173 2355 210 2393 p.
241 2345 330 2383 139.
358 2342 505 2394 [d‘Orv.
531 2344 582 2382 ad
607 2342 749 2383 Charit.
773 2343 840 2383 IV.
869 2349 932 2384 11.

58 2412 96 2450 p.
129 2402 222 2440 429.
271 2398 442 2438 Kirchm.
482 2399 533 2437 (le
568 2399 726 2439 Funerr.
764 2414 800 2451 p.
839 2404 932 2441 331.

61 2454 231 2495 Turneb.
257 2455 360 2494 Adv.
384 2469 422 2506 p.
446 2456 582 2509 1198]
624 2456 798 2496 carnosi
822 2458 930 2497 clavi

54 2511 323 2564 pendentium
355 2511 529 2563 intelligo
556 2526 587 2551 c.
612 2512 724 2563 Lips.
749 2511 874 2551 Elect.
899 2512 927 2552 1.

61 2581 92 2606 c.
122 2571 183 2608 18.
210 2568 260 2606 de
294 2567 401 2607 Cruc.
428 2567 473 2606 II.
500 2573 536 2609 8.
569 2568 703 2607 clavos
735 2569 927 2608 crucifixo-

57 2637 152 2670 rum,
168 2624 231 2674 qui
245 2625 357 2663 sanie
370 2630 477 2663 erant
490 2626 699 2676 perspersi.
722 2625 768 2664 cs.
779 2624 926 2664 Lucan.

55 2678 129 2719 vl.
151 2684 243 2721 547.
293 2679 449 2718 Insulse
473 2695 543 2732 pro
568 2694 674 2719 more
699 2695 771 2719 suo
799 2681 929 2720 Brant.

61 2749 247 2775 novorum
283 2737 489 2775 verborum
526 2750 673 2789 auceps
711 2738 933 2777 coniecerat

59 2798 216 2832 seratas
235 2795 257 2831 i.
272 2807 305 2832 e.
331 2795 367 2831 in
393 2807 523 2832 serum
549 2797 721 2832 coactus.
759 2793 858 2840 Quis
877 2799 931 2833 ia-

61 2861 145 2886 men
170 2853 234 2888 est
257 2851 321 2901 qui
341 2855 519 2890 serratus
537 2863 663 2889 cruor
681 2849 874 2904 reliciat‘e]

118 2903 205 2945 Cn.
218 2904 365 2945 XVIII.
391 2907 432 2945 in
445 2911 604 2946 mutuos
616 2920 746 2946 nexus
761 2907 932 2947 obditos.

985 2133 1022 2170 p.
1053 2124 1088 2159 1.
1126 2117 1290 2165 Quaest.
1322 2119 1389 2159 IV.
1422 2124 1487 2161 25.
1521 2120 1572 2158 (le
1599 2120 1637 2158 la
1661 2118 1787 2158 Cerda
1812 2120 1863 2159 ad

987 2176 1097 2226 Vin-g.
1128 2174 1212 2214 Ecl.
1233 2175 1338 2215 VIII.
1360 2176 1450 2229 77.]

1047 2255 1275 2308 yesticntes.
1324 2254 1537 2307 Perperam
1561 2255 1625 2294 hic
1649 2255 1786 2294 Heius.
1813 2256 1863 2294 ad

993 2309 1108 2349 Ovid.
1146 2310 1245 2350 Met.
1273 2310 1372 2350 VIII.
1408 2315 1500 2352 142.
1539 2312 1778 2350 divinaverat
1809 2326 1863 2351 se-

987 2368 1164 2419 pientes,
1190 2381 1307 2418 quum
1320 2367 1359 2406 id
1373 2368 1541 2407 auctoris
1564 2369 1682 2407 menti
1702 2368 1793 2406 mihi
1812 2369 1864 2407 sit

992 2424 1219 2462 contrarium
1229 2453 1239 2468 ‚
1255 2424 1318 2474 qui
1333 2439 1408 2462 non
1422 2425 1542 2463 innuit
1555 2438 1602 2463 ea
1617 2438 1779 2476 corpora
1794 2425 1862 2462 cir-

988 2481 1249 2518 cumcinxisse
1285 2480 1452 2527 aditum,
1496 2495 1544 2519 ne
1582 2481 1670 2532 quis
1707 2480 1863 2519 domum

987 2536 1130 2574 intrare
1152 2540 1310 2588 posset,
1336 2537 1409 2575 sed
1435 2536 1501 2575 illa
1527 2537 1698 2589 cupiisse
1723 2538 1864 2575 intrare

986 2592 1161 2639 domum,
1187 2606 1257 2644 per
1281 2594 1471 2645 magicam
1498 2597 1619 2632 artem
1639 2594 1863 2631 exuviarum

988 2649 1122 2687 nidore
1147 2647 1300 2688 allecta.
1339 2649 1474 2688 Verbo
1493 2651 1645 2702 ycstt'rc
1664 2650 1864 2701 expressit

989 2705 1105 2743 simul
1132 2706 1371 2744 voluntatem
1396 2706 1679 2756 actionemque.

1047 2797 1258 2836 audacter.
1310 2795 1390 2849 [Ex
1416 2797 1562 2847 optimo
1589 2795 1673 2835 cod.
1698 2797 1862 2843 restitui,

991 2866 1227 2905 quamquam
1254 2853 1369 2890 etiam
1395 2852 1518 2890 altera
1534 2852 1653 2890 forma
1667 2865 1741 2890 nec
1753 2853 1861 2904 Apu-

994 2908 1069 2948 leio
1089 2922 1162 2965 nec
1181 2909 1267 2947 aliis
1287 2909 1543 2960 scriptoribus
1567 2912 1630 2947 est
1648 2909 1860 2963 inusitata]
