2155 3590
597 147 788 187 LIBER
817 148 933 188 vlu.
996 147 1124 187 CAP.
1155 147 1227 186 vl.
1261 146 1357 184 VH.
1810 145 1889 187 661

1919 239 1977 271 521¹

1933 284 1941 296 ε

88 259 282 299 mansitin
298 259 392 299 vita.
423 257 558 299 Funus
572 273 690 310 vero,
714 260 722 315 Ι
744 267 825 300 toto
841 259 1001 301 feralem
1017 273 1194 314 pompam
1209 265 1471 313 prosequente
1486 259 1642 312 populo,
1661 258 1666 312 Ι
1690 238 2016 324 deducitur-&30⁴6¹
2059 304 2062 306 ¹

88 316 134 355 ad
161 316 416 369 sepulturam.

646 465 681 512 C
741 466 786 512 A
842 466 880 512 P
941 467 983 512 U
1043 466 1086 511 T
1191 464 1236 510 V
1253 465 1274 510 1
1293 465 1331 510 1.

197 583 274 626 Sed
289 584 558 640 Thrasyllus*
577 585 738 626 nimium
760 586 903 626 nimius
924 586 1135 640 plangere,
1165 585 1357 635 clamare,
1386 592 1426 624 et
1450 598 1546 638 quas
1573 585 1612 623 iu
1640 588 1764 638 primo
1785 599 1871 625 moe

86 654 176 681 rore
213 641 396 681 lacrimas
423 655 501 681 non
527 641 716 693 habebat,
755 642 832 682 iam
866 642 1021 692 ,scilicet
1057 649 1261 682 crescente
1287 641 1430 695 gaudio
1461 641 1648 690 reddere,
1687 648 1729 679 et
1759 641 1891 680 multis

84 697 261 737 caritatis
283 698 506 738 nominibus
526 698 733 738 veritatem
755 698 878 752 ipsam
899 698 1049 738 fallere.
1088 697 1201 738 lllum
1228 698 1416 748 amicum,
1446 704 1724 747 coaetaneum,
1753 704 1890 736 contu—

84 753 304 804 bernalem,
333 754 499 794 fratrem
514 755 680 808 denique
694 755 825 795 addito
846 753 1026 810 nomilne
1041 755 1198 808 lugubri
1214 754 1335 804 ciere,
1359 768 1431 794 nec
1447 767 1525 793 nou
1538 753 1734 793 interdum
1751 767 1889 793 manus
1917 769 1943 785 ···

83 872 191 897 totam
204 867 233 898 δ.
277 873 535 908 prosequentem
549 873 587 900 D.
631 870 835 908 perducitur
847 880 876 906 p.

173 913 285 942 Sedet
301 914 503 953 Thrasyllus
516 919 598 945 qut.
616 918 643 945 1.
660 919 689 945 2.
705 919 783 945 ΑΜ.
796 917 900 946 Colin.
925 916 1062 944 m'mr'um
1076 916 1198 944 nimius
1213 918 1246 945 1⁴¹.
1263 918 1292 945 1.
1307 918 1338 945 3.
1354 917 1390 944 G.
1405 914 1435 945 1.
1449 917 1480 944 2.
1495 917 1533 944 D.
1549 917 1585 944 P.
1599 912 1628 944 δ.
1645 915 1666 943 s.
1681 924 1714 948 φ.
1728 917 1845 943 lueert.
1860 919 1891 942 et

80 961 117 989 Ι..
131 963 213 989 teste
228 962 306 989 Oud.
333 961 470 989 nimium
483 961 618 989 nimium
634 961 785 989 clamare
798 964 834 991 L.
850 965 930 990 teste
944 963 1035 991 Colv.
1061 962 1197 989 nimium
1217 961 1421 998 nimiumque
1441 961 1533 989 Colv.
1552 961 1737 989 emendavit
1757 963 1786 987 et
1806 960 1889 987 Elm.

80 1006 115 1034 1η
128 1009 217 1034 textu
233 1007 348 1040 posuit.
374 1009 410 1035 In
426 1010 498 1035 cett.
512 1006 651 1034 m'nn'um
665 1006 827 1035 clamare.
875 1006 1024 1034 clamore
1039 1009 1073 1035 B.
1089 1005 1117 1035 δ.
1161 1006 1327 1043 plangens
1341 1004 1370 1035 δ.
1419 1005 1522 1043 quasi
1538 1013 1596 1039 pro
1615 1012 1700 1042 quas
1715 1007 1751 1033 G.
1768 1006 1796 1032 1.
1833 1003 1893 1041 qui

79 1049 114 1077 t'n
128 1052 164 1080 P.
210 1051 245 1078 in
265 1053 356 1080 abest
370 1055 410 1080 ab
425 1053 499 1081 edit.
513 1050 650 1088 Florid.‚
677 1054 759 1086 quod
781 1055 1019 1088 typothetarum
1032 1060 1139 1081 errore
1153 1052 1272 1081 factum
1285 1060 1360 1080 esse
1373 1055 1459 1086 puto.

852 1100 1005 1125 cresente
1025 1099 1060 1125 G.
1086 1099 1112 1125 l.

599 1143 669 1170 cire
683 1144 718 1171 G.
735 1145 766 1171 2.
780 1143 818 1171 D.
844 1141 905 1177 [In
920 1145 956 1171 G.
972 1144 1001 1171 1.
1015 1151 1090 1171 vero
1104 1143 1136 1171 id
1150 1150 1213 1170 non
1230 1143 1366 1180 legitur,
1388 1145 1419 1170 ut
1435 1143 1515 1170 Oud.
1530 1141 1712 1177 adnotavit,
1740 1141 1795 1168 sed
1818 1139 1888 1166 rire

79 1096 114 1124 111
135 1096 157 1124 f.
204 1093 333 1123 habeat
349 1098 462 1126 Venet.
483 1099 513 1125 4.
551 1094 681 1124 habbat
698 1098 804 1126 PariS.

78 1140 210 1168 nomine
221 1149 286 1170 non
299 1146 459 1178 comparet
473 1143 506 1171 in
521 1150 550 1177 p.

76 1186 98 1214 1.
113 1194 140 1215 e.
155 1186 278 1221 ciere.)

77 1272 193 1311 nullis
219 1273 332 1311 codd.
369 1272 477 1319 Fuit,
504 1287 589 1312 cum
615 1273 717 1312 oud.
744 1274 954 1312 coniiceret

78 1330 206 1368 invisa
229 1331 420 1368 remansit
442 1331 485 1367 in
510 1331 593 1368 vita
624 1330 670 1367 cf.
697 1330 744 1367 ad
772 1330 867 1368 Met.
883 1329 950 1368 Vl.

77 1398 116 1436 p.
141 1389 253 1431 405..
279 1386 344 1423 ubi
369 1384 471 1424 Oud.
498 1387 614 1424 etiam
639 1387 823 1425 invisae
847 1387 952 1425 vitae

71 1443 266 1493 positura
275 1444 395 1494 finem
409 1442 654 1480 emendabat.
694 1441 796 1493 [Sed
821 1444 951 1480 invita

76 1497 318 1535 retinendum
333 1502 408 1543 est,
423 1499 513 1548 quia
524 1498 659 1537 maluit
673 1498 827 1537 Charite
842 1499 949 1544 mori,

77 1567 193 1604 quani
217 1555 252 1591 in
276 1556 356 1593 vita
378 1568 580 1593 remanere
600 1559 694 1606 post
714 1556 857 1593 obitum
872 1568 951 1593 ma-

74 1611 132 1648 riti
147 1610 421 1649 detestabilem
436 1625 482 1649 ac
495 1615 644 1650 tetrum.
672 1611 810 1664 Aessre
829 1611 950 1662 abripi

75 1670 227 1719 poterat
241 1681 264 1705 a
279 1666 502 1718 Tlepolemi
516 1668 722 1708 cadavere.
743 1669 832 1718 quia
846 1668 952 1705 linire

76 1722 193 1761 vitam
216 1723 394 1771 volebat3
419 1723 509 1762 hinc
526 1725 652 1764 invita
666 1726 700 1762 in
716 1727 793 1763 vita
806 1738 952 1762 reman-

75 1781 135 1817 sit.
174 1781 222 1818 cl.
248 1793 285 1831 p.
312 1784 406 1820 526.
438 1781 595 1819 iuvita
628 1782 791 1833 quidem
816 1795 951 1820 verum

73 1835 294 1888 reliyiosae
317 1838 547 1876 necessitati
570 1838 838 1877 succumbens.
871 1837 947 1874 Lu-

75 1893 129 1931 dit
142 1893 178 1930 in
193 1892 255 1930 his
269 1893 471 1931 vocabulis
487 1893 700 1945 Apuleius,
724 1897 766 1931 ut
778 1892 946 1932 Metxt.

75 1962 113 2000 p.
138 1953 231 1989 418.
269 1953 363 1988 atra
388 1951 511 1989 atria.
559 1947 656 1988 Met.
690 1948 757 1988 ΙΧ.
789 1963 826 2000 p.
853 1953 946 1991 620.

76 2019 237 2050 scaeva,
263 2018 399 2051 saera,
421 2007 643 2057 perric-asc,
664 2005 900 2057 pertinax]

133 2065 220 2100 toto
248 2061 420 2113 feralem
450 2075 646 2113 pompam,
674 2066 947 2115 prosequente

71 2117 248 2170 populo.
299 2116 382 2168 [De
406 2117 481 2155 boc
504 2131 630 2158 more.
659 2118 792 2155 lunera
815 2131 949 2170 prose-

75 2173 217 2224 quendi
245 2172 291 2212 cf.
302 2173 443 2212 Florid.
454 2187 490 2225 p.
502 2177 567 2214 67.
581 2173 799 2212 Morestell.
809 2173 947 2225 Pomp.

76 2229 202 2268 Ferat.
217 2228 245 2268 Ι.
260 2233 325 2270 23.
351 2231 386 2268 111
401 2230 542 2268 Graev.
559 2230 680 2270 Thes.
694 2231 829 2282 Antiq.
844 2230 888 2269 T.
904 2230 948 2268 11.

75 2300 111 2337 p.
131 2286 267 2338 1395]

132 2341 221 2381 Car.
249 2342 285 2379 V
288 2341 335 2381 11.
382 2343 546 2382 nimium
578 2343 734 2383 nimias.
784 2343 953 2396 [Contra

74 2399 188 2438 codd.
204 2400 467 2438 auctoritatem
480 2404 629 2441 mutare
644 2401 853 2451 quidquam
875 2414 950 2438 non

75 2468 197 2494 ausus
210 2455 360 2494 restitui
374 2456 476 2496 hand
489 2453 712 2501 lectionem,
733 2469 834 2506 quae
847 2455 953 2496 oud.

75 2511 269 2563 displicet.
318 2511 563 2550 Facillimum
594 2513 696 2550 enim
727 2516 828 2558 erat,
865 2526 951 2551 cum

76 2567 213 2606 Colvio
251 2568 458 2606 emendare
494 2570 659 2608 nimium
694 2570 951 2622 nimiumque,

75 2624 180 2675 quod
217 2625 374 2676 quidem
411 2625 606 2664 nonnullis
648 2625 739 2662 edd.
781 2627 951 2663 maxime

74 2680 280 2720 arridebat.
307 2681 354 2720 cf.
381 2681 477 2719 Met.
503 2680 566 2719 111.
592 2695 630 2733 p.
651 2685 747 2722 226.
770 2682 835 2719 ubi
861 2696 951 2720 non-

74 2735 169 2775 nulli
187 2738 352 2776 m'mium
371 2739 616 2790 nimiumque
641 2738 774 2788 legere
791 2741 950 2777 tentant.

75 2791 123 2831 cf.
157 2791 242 2831 Tib.
271 2792 337 2833 111.
370 2797 406 2834 6.
440 2799 505 2835 21.
553 2794 710 2832 Ruhnk.
747 2794 798 2832 ad
834 2793 950 2833 Ovid.

77 2848 271 2887 Heroidl.
282 2855 349 2890 41.
363 2851 428 2888 vel
443 2851 493 2889 ad
507 2850 781 2902 vestigiaMss.
794 2852 951 2903 propius

75 2906 242 2945 nimium
265 2907 449 2953 nimium,
474 2911 516 2945 ut
542 2907 777 2945 Graecorum
809 2907 954 2957 μᾶλλον

28 2976 30 2978 ·
75 2963 235 3012 μᾶλλον.
256 2962 320 3001 De
333 2963 408 3002 hac
421 2963 697 3003 adiectivorum
712 2965 952 3013 repetitione,

78 3030 156 3068 qua
179 3020 411 3058 sententiam
431 3020 612 3058 vocabuli
631 3023 775 3071 augent
792 3020 953 3071 scripto-

79 3087 165 3119 res,
191 3075 334 3126 copula
357 3080 424 3114 aut
447 3077 580 3115 addita
604 3080 669 3115 aut
695 3076 854 3121 omissa,
903 3076 953 3115 cs.

80 3129 224 3169 Loers.
256 3131 306 3169 ad
337 3131 452 3189 Ovid.
486 3132 601 3171 Trist.
623 3133 673 3172 V.
701 3136 738 3173 6.
765 3136 850 3178 35.,
888 3133 952 3183 qui

1507 1049 1672 1078 lacrimas
1686 1050 1847 1078 desiderat
1854 1057 1889 1077 ur

1161 1096 1280 1125 mulrls
1301 1105 1356 1131 pro
1376 1095 1492 1123 mullis
1510 1097 1548 1125 G.
1571 1098 1599 1124 ⁴l.
1647 1093 1770 1122 addida
1796 1096 1831 1122 G.
1858 1097 1889 1122 2.

1010 1273 1173 1324 plurima
1198 1274 1383 1325 exempla
1411 1273 1569 1324 profert.
1619 1272 1729 1310 Haec.
1760 1284 1889 1309 omen-

1011 1330 1115 1368 datio
1131 1343 1178 1367 eo
1194 1329 1429 1380 probabilior
1443 1333 1515 1369 est.
1537 1329 1641 1379 quod
1656 1329 1740 1366 cod.
1756 1328 1887 1379 Lips„

1010 1387 1043 1423 si
1070 1400 1146 1436 qua
1171 1387 1269 1424 tides
1295 1390 1357 1423 est
1384 1385 1539 1431 Colvio,
1565 1398 1652 1421 eam
1679 1384 1885 1421 continuat.

1011 1442 1092 1479 Sed
1119 1442 1307 1480 audacius
1332 1441 1424 1479 1111111
1450 1441 1652 1478 videbatur
1683 1453 1795 1485 esse,
1828 1441 1887 1477 νὶ-

1007 1500 1109 1538 mius
1129 1511 1371 1549 expungere.
1387 1497 1492 1548 quod
1505 1498 1568 1534 vix
1584 1509 1632 1533 ex
1650 1496 1888 1534 librariorum

1010 1554 1250 1594 correctione
1285 1554 1476 1605 profluere
1511 1552 1691 1605 potuerit.
1745 1551 1888 1601 Neque

1010 1625 1102 1650 vero
1124 1612 1236 1649 aliter
1248 1615 1382 1662 potest
1400 1610 1578 1654 defendi,
1604 1610 1676 1647 uisi
1691 1612 1731 1646 ut
1745 1609 1888 1646 nimius

1010 1668 1192 1707 absolute
1213 1669 1381 1720 positum
1405 1671 1559 1705 statuas
1579 1679 1648 1716 pro
1668 1664 1886 1707 immodico,

1009 1725 1164 1763 modum
1179 1728 1402 1776 superante,
1417 1737 1492 1773 qna
1505 1722 1788 1773 significatione
1801 1733 1887 1757 sae-

1009 1782 1098 1832 pius
1136 1781 1292 1831 legitur,
1330 1780 1462 1818 addito
1502 1779 1592 1816 licet
1627 1778 1886 1820 substantivo,

1007 1851 1084 1888 quo
1112 1850 1188 1887 qua
1213 1838 1249 1874 in
1275 1849 1317 1874 re
1342 1837 1482 1874 nimius
1507 1835 1596 1885 quis
1616 1835 1667 1871 sit
1686 1833 1884 1870 indicatur.

1007 1894 1054 1932 cl'.
1089 1892 1173 1931 lntt.
1204 1894 1255 1931 ad
1286 1892 1371 1930 Liv.
1407 1891 1450 1930 ΙΙ.
1484 1896 1520 1931 2.
1553 1891 1585 1940 §.
1612 1894 1648 1930 2.
1680 1889 1810 1927 Burm.
1837 1889 1886 1927 ad

1008 1949 1112 1987 vett.
1140 1948 1183 1987 ll.
1211 1954 1275 1990 32.
1303 1949 1332 1998 ς.
1363 1954 1380 1988 1
1426 1948 1543 1986 Gron.
1569 1947 1619 1984 ad
1635 1945 1887 1995 Sen.Agam.

1007 2010 1071 2045 8¹4.
1094 2005 1151 2044 lta
1163 2005 1403 2056 Thrasyllus
1427 2005 1572 2043 nimius
1596 2003 1659 2040 hic
1683 2001 1886 2052 signifieat,

1009 2064 1041 2099 si
1059 2062 1172 2100 tectio
1186 2075 1277 2100 vera
1293 2065 1372 2106 est,
1399 2074 1506 2105 eum,
1533 2059 1646 2110 quiin
1662 2056 1885 2109 plangendo

1009 2123 1047 2156 et
1061 2118 1264 2156 clamando
1278 2118 1434 2156 modum
1450 2131 1524 2154 non
1538 2119 1663 2161 tenet,
1689 2115 1886 2165 impotens

1007 2173 1232 2213 moestitiae
1279 2177 1360 2220 est3
1407 2177 1448 2212 at
1489 2174 1616 2211 minus
1658 2184 1745 2209 cum
1782 2170 1887 2208 Oud.

1009 2231 1165 2269 offendo
1181 2233 1215 2269 in
1232 2244 1328 2269 voce
1341 2231 1526 2275 nimium,
1551 2241 1653 2280 quae
1667 2227 1726 2265 sic
1740 2227 1887 2265 abesse

1009 2292 1170 2339 poterat.
1196 2287 1317 2331 Oud..
1344 2286 1551 2325 lectionem
1577 2284 1690 2323 codd.
1716 2283 1823 2321 Bet-t.
1850 2286 1888 2320 et

1011 2344 1140 2382 ‹l'OrV.
1168 2345 1349 2383 clamore
1373 2342 1629 2381 considerans
1659 2340 1887 2391 suspicatus

1010 2404 1090 2445 est,
1116 2401 1263 2440 nimius
1287 2400 1468 2440 clamore
1500 2399 1621 2436 videri
1652 2395 1886 2446 glossariam

1011 2456 1309 2507 explicationem
1324 2469 1419 2494 esse
1433 2469 1572 2493 vocum
1591 2454 1756 2492 nimium
1767 2451 1887 2502 plan-

1009 2527 1126 2566 yere,
1170 2513 1233 2550 vel
1268 2512 1555 2551 emendandum
1592 2522 1687 2547 esse
1723 2508 1887 2546 nimium

1010 2571 1134 2608 nimio
1155 2570 1355 2615 clamare,
1379 2573 1422 2607 ut
1440 2567 1538 2606 Met.
1553 2565 1616 2604 111.
1637 2580 1673 2617 p.
1694 2567 1787 2604 229.
1814 2562 1887 2600 liic

1010 2639 1100 2663 vero
1127 2626 1238 2664 locus
1257 2625 1348 2664 mihi
1367 2626 1596 2676 argumento
1609 2621 1761 2659 videtur
1779 2631 1886 2662 esse,

1010 2682 1217 2720 lectionem
1241 2683 1388 2721 nimius
1412 2682 1577 2719 nimi-mn
1596 2681 1702 2716 recte
1721 2676 1886 2720 hubere3

1010 2739 1059 2777 ibi
1075 2740 1175 2777 enim
1187 2738 1325 2789 legitur
1339 2737 1576 2789 opulentiae
1588 2734 1736 2772 nimiae
1750 2731 1846 2769 nimi
1851 2744 1887 2769 0.

1014 2795 1200 2834 Cha-mre
1215 2808 1305 2832 vero
1325 2793 1464 2843 glossa
1484 2796 1546 2829 est
1561 2790 1807 2832 librariorum,
1823 2787 1903 2836 qui-

1009 2851 1085 2889 hos
1104 2852 1309 2889 intinitivos
1329 2851 1436 2888 iuxta
1453 2862 1500 2886 se
1519 2847 1674 2899 positos
1696 2845 1793 2882 serre
1814 2856 1885 2880 uon

1011 2911 1201 2958 poterant.
1232 2905 1509 2955 Bernhardyo,
1536 2903 1583 2941 V.
1599 2902 1670 2945 D..
1696 2913 1811 2951 quein
1838 2912 1886 2936 eo

1013 2964 1062 3000 de
1090 2965 1176 3001 loco
1202 2963 1396 3003 consului,
1428 2960 1573 2999 nimius
1599 2958 1756 2995 dubium
1781 2955 1888 2992 vide-

1012 3021 1141 3063 batur,
1165 3020 1270 3057 unde
1284 3018 1443 3069 egregie
1463 3014 1682 3053 emendavit
1701 3010 1887 3062 naeniis]

1069 3077 1220 3115 addito
1255 3076 1415 3114 nomine
1451 3071 1629 3124 lecyabrc'.
1700 3067 1888 3106 Pricaeus

1011 3133 1296 3178 animadvertit,
1328 3135 1435 3169 stare
1465 3129 1527 3167 1110
1558 3141 1632 3165 non
1665 3138 1788 3177 posse
1819 3137 1887 3162 no-

1941 769 1957 800 (v

1962 770 1979 800 ’.Ἴ
