2221 3667
204 265 270 299 456

294 145 377 188 534

562 146 606 185 L.
638 145 860 187 APULEII
890 143 1293 186 MADAURENSIS
1322 145 1869 188 METAMORPHOSEON

297 270 475 310 greSSUS.
528 258 605 297 Sed
643 259 702 298 rei
739 258 960 298 noscendae
997 269 1115 310 carpo
1153 257 1346 296 ordinem.
1383 256 1390 312 Ι
1421 256 1514 297 Fuit
1551 258 1703 310 quidam
1730 260 1862 300 multis
1888 259 2026 300 officiis
2051 259 2093 299 in

295 313 387 352 aula
413 311 601 353 Caesaris
627 314 757 355 clarus
783 321 898 366 atque
925 312 1181 366 conspicuus⁷
1208 312 1282 366 ipsi
1309 312 1425 352 etiam
1453 314 1573 367 probe
1599 321 1812 367 spectatus.
1854 315 1972 355 Hunc
1995 316 2094 356 insi-

295 369 484 409 mulatum
511 371 767 423 quorumdam
793 377 881 409 astu
905 368 1071 422 proiecit
1101 375 1304 409 extorrem
1336 369 1522 410 saeviens
1551 370 1714 411 invidia.
1765 369 1843 412 Sed
1875 386 1980 412 uxor
2009 371 2093 412 eius

294 515 475 545 aggressos
488 509 525 537 F.
542 511 571 537 1.
586 511 622 537 G.
638 511 667 537 1.
682 508 730 541 (et
744 510 774 536 2.
791 514 811 535 a
823 515 864 536 m.
878 501 976 535 sssed
991 513 1010 535 a
1023 515 1063 536 m.
1079 515 1109 542 p.
1123 510 1218 536 habet
1233 507 1444 545 aggressus.)
1483 510 1662 545 aggrestus
1674 508 1801 538 Vicent.
1819 509 1899 538 viiio
1917 517 2096 544 operarum.

294 552 366 590 ipse
384 561 439 588 pro
457 553 524 590 ipse·
541 561 641 588 prave
660 554 780 587 legitur
798 553 833 580 in
851 553 901 580 ed.
921 552 1007 581 Prie.
1026 560 1197 588 operarum
1217 561 1334 582 errore.

294 597 502 626 exteriorem
517 600 551 627 G.
569 600 583 627 1
591 621 597 627 .

290 713 577 760 praetereunte
589 720 674 745 meo
682 709 1169 758 patre,praetereuntium

295 765 500 809 incoram,
544 767 868 815 praetereuntem
915 763 957 802 in
996 769 1167 809 oratum,

291 824 620 872 praetereuntem
647 833 770 865 oram,
798 819 959 870 Soping.
985 825 1167 871 praeter-

297 881 452 915 euntem
493 876 728 925 inopinato,
772 875 932 914 Modius
974 877 1010 914 in
1047 890 1166 927 marg.

298 932 390 969 edit.
407 931 513 969 (οἶν.
529 931 686 969 adiecit:
714 931 886 970 sortasse
906 938 1172 983 praetereun-

298 989 397 1025 tium
422 988 607 1025 incoram
632 991 671 1025 et
694 989 1014 1027 inconsiderato.
1063 989 1171 1027 Nihil

296 1047 423 1081 tamen
439 1043 598 1082 affirmo.
618 1042 719 1082 Oud.
743 1058 833 1082 vero
855 1045 987 1095 placet
1005 1046 1172 1083 maxime

299 1098 360 1136 rel
387 1113 499 1138 oram
524 1099 655 1148 (Mise.
683 1100 851 1140 Observ.
868 1101 916 1140 V.
946 1107 979 1142 1.
1005 1115 1042 1153 p.
1063 1104 1170 1152 131.)

296 1155 357 1193 vel
396 1156 527 1206 potius
552 1156 715 1195 wassei
750 1159 857 1203 oria,
895 1159 985 1209 quia
1016 1157 1172 1197 Plotina

296 1212 491 1263 appulerit
514 1214 609 1250 mari
635 1217 675 1252 et
692 1214 893 1252 tabernam
914 1214 1027 1252 littori
1047 1216 1171 1266 proxi-

295 1281 399 1306 mam
424 1269 650 1308 ineubuerit.
701 1270 784 1308 Sed
808 1274 936 1308 tamen
967 1272 1055 1323 ipse
1082 1285 1171 1310 eon-

295 1324 434 1370 fitetur‚
460 1324 548 1363 huic
574 1327 836 1365 emendationi
852 1328 1008 1365 obstare
1022 1328 1170 1366 litteras

297 1395 318 1421 e
343 1385 383 1419 et
409 1386 450 1419 to
475 1382 511 1419 in
537 1381 660 1428 Mss„
698 1397 858 1433 quarum
896 1385 991 1422 ratio
1029 1385 1065 1421 in
1097 1385 1172 1422 liae

297 1437 569 1475 emendatione
584 1439 689 1476 nulla
701 1439 903 1479 habeatur.
922 1439 1021 1478 Dein
1036 1441 1172 1478 mirum

297 1507 405 1538 esse,
430 1492 855 1541 Haemumhicdicere,
880 1510 927 1534 se
940 1510 1174 1547 aggressum

298 1563 392 1588 esse
418 1555 707 1601 procuratorem
733 1557 1064 1603 praetereuntem,
1102 1568 1174 1591 nee

297 1606 526 1644 meminisse
563 1609 712 1653 uxoris,
757 1622 872 1659 quain
909 1613 1038 1648 tamen
1083 1610 1173 1648 dein

296 1664 504 1715 praecipue
542 1667 581 1701 et
617 1664 698 1701 sere
728 1665 855 1703 solani
886 1667 1171 1704 memoraverit.

296 1718 398 1757 Hinc
423 1720 645 1770 suspicatur
669 1720 879 1771 legendum
911 1736 1022 1760 esse:
1053 1737 1173 1774 prae-

296 1779 515 1814 tereuntem
546 1790 634 1815 cum
667 1783 854 1816 consorte
884 1780 968 1816 tort*
1000 1779 1060 1816 vel
1085 1782 1174 1831 for-

296 1832 411 1870 tuito.
461 1831 531 1868 Vir
561 1832 702 1870 doctus
735 1833 785 1870 ad
809 1847 929 1884 marg.
956 1835 1017 1873 ed.
1045 1834 1172 1879 Colv„

296 1899 413 1938 quani
426 1886 529 1925 Oud.
543 1889 788 1939 possidebat,
803 1891 981 1928 coniecit:
1003 1897 1175 1943 praeter

294 1944 398 1982 viam
436 1943 488 1982 de
524 1958 610 1983 meo
641 1946 768 1990 irato,
807 1947 913 1996 quod
943 1949 1005 1985 vix
1036 1951 1171 1999 potest

294 1999 469 2051 intelligi.
499 1999 835 2052 [inconsiderato
868 2003 1022 2053 legisse
1055 2004 1168 2043 inter-

294 2060 445 2108 pretem
468 2056 788 2108 francogallicum
803 2059 888 2097 eius
903 2061 1031 2099 versio
1048 2065 1168 2099 testa-

292 2117 369 2151 tur:
400 2112 506 2150 Mais
532 2113 600 2164 j'ai
633 2114 754 2164 perdu
786 2129 832 2153 en
859 2130 937 2167 peu
963 2117 1012 2155 de.
1037 2121 1166 2169 temps

293 2173 382 2207 tous
407 2182 493 2206 mes
518 2170 660 2208 braves
686 2184 953 2222 compagnons
980 2177 1019 2212 et
1044 2174 1104 2211 les
1130 2176 1175 2212 ri-

295 2225 464 2263 chesses
479 2225 706 2273 immenses,
728 2229 831 2279 quej
842 2229 962 2268 ‘avais
977 2234 1172 2277 amasees,

293 2295 392 2331 pour
430 2282 538 2319 avoir
574 2285 732 2334 attaqui':
771 2286 1080 2325 temeraireinent
1122 2303 1171 2326 un

293 2337 468 2384 homme3
505 2338 659 2377 Rodius
692 2341 872 2379 coniecit:
911 2344 954 2380 in
982 2358 1055 2382 ora
1080 2345 1175 2383 weil

292 2394 362 2433 ielc
406 2395 486 2432 den
516 2401 646 2434 ersten
684 2398 963 2437 l.·aiserliehen
1002 2401 1172 2439 Finanz-

291 2451 473 2489 minister
497 2453 550 2489 im.
582 2452 864 2505 Vorbet'qelzen
891 2470 945 2493 an
977 2457 1052 2495 der
1079 2458 1170 2496 See-

292 2506 410 2544 kiiste
434 2508 677 2560 anyefallen
701 2510 824 2548 hatte.
852 2510 1043 2560 Equidem
1069 2513 1172 2553 hune

292 2565 413 2600 totum
444 2562 574 2601 locum
604 2565 822 2604 mutilatum
854 2581 948 2605 esse
978 2573 1092 2619 puto,
1129 2575 1171 2609 ut

292 2618 328 2655 in
355 2620 571 2658 narratione
597 2621 795 2661 excidisse
821 2625 911 2673 quid
937 2626 1168 2666 existimem.

290 2674 379 2712 Iloc
404 2676 505 2713 enim
530 2690 600 2728 per
624 2691 670 2715 se
696 2678 858 2730 intelligi
886 2685 1035 2730 potest,
1062 2684 1168 2722 urbis

291 2745 429 2769 nomen
445 2731 508 2770 hic
522 2732 665 2779 latere,
692 2740 731 2773 et
745 2734 853 2786 prius
869 2750 983 2786 quam
1002 2738 1169 2778 Actiaca

292 2786 418 2825 littora
454 2790 679 2840 appulisset
714 2796 959 2842 procurator,
992 2808 1014 2832 a
1051 2795 1166 2834 latro-

291 2844 404 2881 nibus
429 2845 555 2882 semel
589 2847 665 2884 iam
697 2861 791 2886 esse
815 2850 989 2899 petitum.
1038 2851 1166 2890 Huius

290 2912 380 2936 vero
406 2902 460 2938 rei
487 2903 522 2939 in
547 2916 662 2954 seqq.
696 2904 803 2943 nulla
828 2906 971 2943 mentio
997 2906 1046 2944 fit.
1095 2909 1166 2946 vir

290 2954 429 2993 doctus
478 2957 678 3009 Ungems,
726 2961 862 3000 maluit
911 2961 988 3012 legi
1025 2963 1167 3010 Θνίοο,

291 3022 392 3059 quae
411 3016 540 3052 tamen
559 3016 654 3054 urbs
669 3017 717 3055 ab
731 3017 896 3056 Actiaco
912 3018 1038 3057 littore
1053 3021 1167 3059 nimis

290 3071 439 3106 remota
475 3074 553 3117 est,
590 3072 654 3110 vel
680 3074 897 3113 Buttroto.
934 3075 990 3113 At
1008 3089 1167 3129 semper

291 3121 499 3164 difficultas
518 3132 659 3175 restat,
687 3143 788 3180 quae
808 3131 844 3169 in
865 3131 996 3171 dativo
1016 3133 1078 3171 vel
1100 3134 1165 3172 ab·

1382 556 1460 582 asto
1479 554 1516 582 F.
1529 555 1560 583 3.
1596 551 1724 582 haustu
1743 555 1824 583 θυι).
1843 555 1880 584 Ρ.
1915 552 2044 583 hausta
2057 556 2097 584 D.

1228 708 1343 746 lativo
1358 708 1476 753 inest,
1498 722 1614 759 quum
1625 710 1855 761 praeterire
1866 707 2034 748 construi
2049 710 2102 748 ita

1226 769 1408 814 nequeat,
1423 778 1495 803 nec
1508 765 1664 810 tollitur,
1685 765 1719 802 si
1740 766 1780 803 in
1796 766 1924 805 Ortoo
1939 766 2100 815 legatur.

1226 820 1339 859 Hunc
1353 821 1464 870 igitur
1480 821 1603 860 locum
1619 823 1714 859 inter
1722 825 1922 873 corruptos
1931 821 2101 874 reliqui]

1282 878 1419 916 multis
1446 879 1609 930 officiis.
1660 876 1779 929 [Elm.
1806 879 1841 916 in
1857 877 1981 916 indiee
1995 877 2102 917 latin,

1232 934 1402 985 explicat
1427 935 1571 986 officia
1591 933 1779 972 officiales
1801 935 1886 973 sive
1904 935 2102 972 ministros

1231 990 1348 1040 regis,
1365 989 1430 1038 (ef.
1440 990 1565 1029 ssach.
1577 990 1857 1029 adOvi‹l.Met.
1867 990 1958 1030 XV.
1969 994 2061 1031 692.
2071 989 2102 1043 ,)

1231 1047 1353 1084 citans
1385 1045 1567 1085 passion.
1596 1051 1657 1087 18.
1695 1047 1930 1097 Martyrum:
1973 1052 2102 1086 totam

1229 1103 1366 1142 urbem
1372 1108 1627 1154 percurrunt
1640 1104 1826 1155 officia
1838 1116 2103 1154 praeconum,

1231 1172 1465 1210 quamquain
1481 1160 1699 1197 accuratius
1716 1173 1788 1197 non
1803 1160 1957 1206 indicat,
1973 1172 2105 1211 quem-

1230 1229 1319 1254 nam
1336 1215 1462 1254 locum
1477 1216 1650 1254 innuerit.
1682 1215 1866 1254 Bosscha
1879 1219 1990 1267 putat
2003 1216 2105 1254 hunc

1231 1286 1324 1310 esse
1340 1271 1482 1318 locum,
1509 1276 1548 1310 et
1561 1273 1612 1310 ita
1626 1276 1732 1310 recte
1746 1272 1936 1324 intelligit,
1962 1273 2105 1325 officia

1229 1328 1292 1366 hic
1312 1343 1386 1366 non
1412 1342 1459 1366 ea
1483 1329 1764 1380 significatione
1789 1329 1876 1368 dici.
1911 1328 2105 1379 Equidem

1229 1388 1359 1422 tamen
1403 1385 1515 1423 aliter
1558 1385 1878 1430 existimaverim,
1923 1385 2023 1423 Eun.
2067 1386 2105 1423 in

1228 1445 1360 1479 mente
1373 1441 1562 1480 habuisse
1588 1441 1716 1480 locum
1743 1442 1792 1479 de
1803 1442 1936 1480 Mund.
1956 1455 1993 1492 p.
2009 1445 2104 1482 347.

1238 1497 1339 1537 Ante
1371 1501 1488 1550 fores
1523 1500 1601 1537 viri
1633 1500 1766 1550 fortes
1807 1500 2108 1550 stipatoresque

1232 1554 1437 1607 reyalc'um
1458 1555 1627 1593 laterum
1646 1555 1812 1593 tutelam
1826 1554 2026 1606 perriyili
2040 1568 2108 1593 eu·

1232 1611 1371 1650 stedia
1400 1625 1476 1663 per
1508 1612 1612 1650 vices
1642 1612 1811 1650 sortium
1841 1611 2105 1650 sustinebant.

1234 1668 1368 1706 Erant
1399 1669 1503 1706 inter
1534 1681 1600 1705 eos
1631 1671 1671 1705 et
1706 1667 1868 1706 diversa
1904 1667 2108 1719 officia,

1233 1723 1352 1774 idque
1370 1723 1531 1773 colligo,
1558 1724 1647 1774 quia
1660 1724 1772 1775 reffl's
1790 1724 1989 1770 ministros
2003 1722 2107 1761 Oud.

1234 1780 1421 1830 explicat,
1459 1783 1592 1818 nostro
1619 1792 1710 1817 vero
1743 1779 1922 1830 leguntur
1962 1779 2106 1819 Caesa-

1232 1837 1298 1874 ris.
1349 1836 1432 1874 Sed
1468 1835 1532 1873 hie
1569 1848 1726 1886 quoque
1764 1836 1921 1887 propria
1956 1849 2031 1874 sua
2066 1836 2104 1874 vi

1234 1894 1379 1945 officia
1404 1893 1576 1943 positum
1609 1906 1703 1930 esse
1732 1896 1912 1944 apparet:
1947 1892 2108 1944 Officia

1228 1952 1361 1987 nostro
1377 1948 1399 1986 l.
1411 1949 1582 1986 honores
1595 1950 1891 1999 etmagistratus
1905 1948 2108 1999 significat,

1229 2006 1371 2056 quibus
1396 2005 1712 2043 administramlis
1739 2005 1867 2043 clarus
1894 2005 1961 2043 ille
1986 2008 2106 2055 atque

1228 2063 1464 2113 conspicuus
1481 2061 1615 2100 fuerat.
1629 2061 1676 2100 cs.
1686 2061 1735 2099 de
1747 2061 1888 2112 Dogm.
1898 2060 2052 2100 Platon.
2062 2060 2106 2100 ll.

1227 2132 1263 2170 p.
1285 2122 1380 2158 230.
1409 2118 1479 2157 Ad
1503 2118 1582 2157 hoe
1608 2118 1735 2157 bonus
1761 2119 1933 2170 quisque
1956 2123 2110 2157 natura

1235 2180 1275 2214 et
1296 2175 1502 2214 industria
1526 2175 1571 2212 in
1596 2174 1820 2214 honoribus
1844 2179 1883 2213 et
1907 2175 2109 2227 officiis

1230 2235 1515 2283 praeferatur,
1527 2232 1693 2282 pessimi
1707 2231 1813 2269 cives
1834 2230 1924 2270 luce
1937 2234 2110 2270 careant

1233 2289 1462 2340 diynitatt's.
1513 2288 1653 2325 Senec.
1690 2287 1818 2339 Vesp.
1855 2291 1920 2327 21.
1958 2287 2110 2326 deinde

1225 2344 1424 2396 perlectis
1472 2344 1657 2396 epistolc‘s
1712 2344 2109 2396 officiorumque

1233 2402 1409 2440 omnium
1435 2401 1646 2439 breviariis
1671 2400 1693 2438 i.
1720 2414 1753 2438 e.
1779 2398 2108 2451 magistratuum]

1290 2462 1394 2497 astu.
1444 2456 1508 2509 [In
1540 2456 1626 2495 cod.
1664 2457 1810 2508 optimo
1848 2456 1880 2494 F
1885 2457 2024 2494 lorent.
2069 2458 2108 2496 3.

1230 2511 1372 2564 legitur
1396 2519 1504 2559 asto,
1531 2512 1633 2564 quod
1656 2513 1763 2551 nulla
1780 2512 1857 2551 alia
1873 2513 2023 2551 ratione
2042 2512 2110 2550 de-

1230 2569 1337 2608 sendi
1376 2583 1502 2621 posse
1537 2573 1650 2621 puto,
1689 2569 1763 2607 nisi
1798 2573 1840 2607 ut
1875 2583 1945 2620 pro
1971 2572 2107 2607 neutro

1228 2626 1409 2664 adiectivi
1428 2631 1539 2665 astus
1559 2630 1734 2664 sumatur
1754 2629 1793 2663 et
1812 2624 1996 2664 callidum
2016 2624 2110 2676 quid

1228 2688 1268 2720 et
1292 2687 1465 2721 astutum
1489 2682 1692 2734 significet.
1736 2679 1849 2720 Male
1868 2683 1972 2720 enim
1991 2693 2110 2733 agere

1227 2739 1321 2776 mihi
1334 2739 1523 2785 videntur,
1544 2739 1608 2790 qui
1623 2738 1700 2777 hoc
1713 2738 1948 2776 adieetivum
1963 2751 2014 2776 ex
2028 2737 2110 2776 lati-

1227 2795 1347 2833 nitate
1384 2796 1549 2834 eiiciunt.
1616 2794 1728 2833 Bene
1766 2794 1944 2833 defendit
1975 2792 2110 2832 Doed.

1228 2851 1519 2903 Synonymjll.
1536 2865 1572 2902 p.
1583 2855 1696 2898 218..
1717 2864 1766 2889 ex
1781 2851 1868 2889 loeo
1877 2851 1987 2889 Accii
2002 2849 2110 2901 apud

1225 2907 1408 2955 Nonium,
1430 2909 1490 2947 cui
1503 2908 1592 2946 addi
1607 2911 1739 2959 potest
1754 2906 2107 2951 Glossavuleanii,

1228 2978 1280 3002 ex
1305 2978 1383 3016 qua
1406 2969 1532 3016 patet,
1559 2965 1661 3003 hanc
1684 2964 1845 3002 formam
1864 2965 1899 3001 in
1914 2977 1990 3002 usu
2003 2961 2111 3013 apud

1227 3025 1384 3059 veteres
1411 3021 1535 3060 fuisse
1561 3021 1608 3060 cf.
1634 3035 1673 3072 p.
1691 3024 1753 3060 15.
1780 3025 1954 3066 astutus,
1981 3024 2106 3064 astus,

1226 3075 1418 3130 φρόνιμος.
1468 3077 1552 3116 Sed
1577 3077 1670 3127 quia
1693 3076 1935 3127 frequentior
1961 3079 2024 3114 est
2047 3074 2105 3112 lit-

1227 3138 1393 3174 terarum
1421 3149 1445 3174 o
1471 3138 1510 3173 et
1535 3149 1563 3174 u
1588 3133 1836 3184 potissimum
1862 3133 1898 3172 in
1925 3132 2105 3172 termina-
