2221 3667
334 164 417 206 670

595 162 642 202 L.
674 162 893 202 APULEII
926 162 1326 202 MADAURENSIS
1358 163 1899 207 ΜΕΤΑΜΟΙῖΡΗΟΒΕΟλἸ

334 273 410 316 Sed
456 272 620 315 Charite
662 288 798 315 vocem
843 275 1051 315 nefandam
1097 281 1136 314 et
1177 274 1332 315 horruit
1373 282 1410 315 et
1448 276 1642 316 detestata
1678 285 1766 328 est,
1805 288 1844 320 et
1878 281 1988 321 velut
2023 282 2136 335 gravi

243 337 307 370 530
334 330 504 385 toniltru
530 330 780 384 procellaque
805 331 946 371 sideris
965 331 1028 370 vel
1054 330 1170 370 etiam
1193 334 1277 385 ipso
1303 331 1395 371 diali
1421 332 1583 373 fulmine
1609 347 1794 386 pereussa
1820 338 1970 377 corruit
1995 352 2137 392 corpus

331 393 370 428 et
401 387 646 427 obnubilavit
676 389 860 427 animam.
919 386 996 427 Sed
1028 386 1238 427 intervallo
1269 388 1540 429 revalescente
1572 390 1757 444 paulatim
1789 392 1949 445 spiritu,
1987 395 2136 434 ferinos

329 524 516 555 exhorruit
534 528 569 556 Ο.
590 524 619 556 δ’,
665 534 773 564 grave
793 529 828 555 G.
854 527 881 554 ¹.
901 527 937 554 0.

329 573 465 600 corruit
477 574 512 600 G.
524 574 552 600 1.

328 727 510 766 Chariten
531 731 569 765 et
594 725 729 764 mortui
756 726 878 763 mariti
903 725 1204 777 religiosissime

326 788 571 822 reverentem
607 781 694 819 suis
732 781 955 822 libidinibus
986 796 1204 834 aggressus

327 845 420 879 erat.
470 839 550 878 Sed
582 838 704 877 maior
727 840 812 877 eius
837 843 920 878 erat
943 840 1204 892 impudentia

326 898 349 936 i.
359 910 394 936 e.
409 896 572 935 audacia
585 899 625 932 et
637 895 922 941 inverecundia,
937 909 1039 948 quae
1052 909 1140 934 eum
1155 910 1203 935 ne

326 959 404 992 tam
419 953 482 990 diu
497 951 655 1003 quidem
671 951 853 990 libidines
868 952 967 991 serre
986 966 1109 1004 passa
1127 958 1201 999 est,

326 1023 441 1061 quam
467 1008 659 1046 resideret
683 1010 857 1059 percitae
881 1011 1024 1048 mentis
1045 1009 1148 1048 furor
1167 1014 1207 1048 et

325 1066 465 1104 luctus.
507 1064 594 1103 Hac
617 1066 905 1116 importunitate
929 1070 1047 1117 atque
1072 1068 1204 1104 inimo-

323 1122 453 1160 ‹lestia
477 1122 513 1159 in
530 1120 710 1159 Charitae
736 1122 866 1160 odium
891 1127 1009 1174 atque
1034 1123 1203 1161 detesta-

322 1180 467 1217 tionem
488 1179 655 1223 incurrit,
682 1190 784 1228 quae
808 1192 921 1230 seqq.
949 1183 1086 1230 aperte
1110 1180 1202 1218 indi·

322 1239 421 1274 cant.
449 1235 628 1273 Audacia
653 1248 745 1273 vero
771 1236 872 1274 hanc
898 1236 1045 1282 labem,
1071 1249 1201 1288 neque

320 1291 579 1343 imprudentia
621 1297 797 1331 exortam
846 1293 988 1340 fuisse,
1037 1294 1203 1346 probant

319 1349 456 1386 verba:
495 1348 736 1402 Thrasyllus
769 1363 975 1401 praeceps
1011 1350 1200 1403 alioquin

320 1411 358 1444 et
393 1405 445 1444 de
480 1406 572 1456 ipso
603 1406 764 1444 nomine
794 1408 1043 1448 temerarius.
1096 1407 1198 1445 Dein

320 1462 559 1513 impudentia
606 1462 681 1499 iam
724 1463 1019 1513 imprudentiam
1067 1463 1104 1501 in
1152 1477 1199 1502 se

319 1520 507 1565 continet3
531 1531 620 1556 nam
646 1518 721 1556 bac
746 1519 986 1571 impudentia
1016 1521 1068 1559 ita
1094 1520 1199 1558 insti-

318 1575 538 1613 mulabatur
570 1573 823 1626 Thrasyllus,
861 1580 903 1614 ut
938 1577 1200 1628 imprudenter

319 1631 553 1683 negligeret,
586 1631 728 1682 quibus
758 1633 876 1671 rebus
907 1635 1074 1672 animum
1100 1632 1199 1672 Cha-

317 1689 413 1727 ritae
439 1687 647 1726 conciliare
671 1688 747 1726 sibi
771 1694 923 1741 posset.
972 1689 1036 1728 De
1067 1690 1198 1728 confu-

317 1746 430 1783 sione
467 1745 669 1794 utriusque
706 1745 887 1784 vocabuli
935 1746 984 1784 cf.
1020 1746 1119 1785 Met.
1152 1745 1199 1787 11.

317 1815 355 1852 p.
375 1804 464 1841 123.
480 1801 544 1838 ubi
559 1800 770 1851 legendum
787 1803 1091 1854 imprudentiae
1103 1817 1199 1842 suae

318 1858 460 1897 labem.
508 1856 611 1895 Oud.
644 1862 777 1896 nostro
806 1858 890 1897 loco
916 1859 1198 1910 impudentiae

315 1915 466 1966 probat.
522 1913 584 1951 De
617 1927 714 1952 voce
746 1915 836 1954 labe
865 1914 968 1954 Oud.
1000 1919 1201 1966 comparat

315 1970 415 2010 Met.
436 1970 484 2009 V.
520 1984 558 2021 p.
585 1974 677 2011 335.
711 1976 747 2010 et
773 1986 823 2010 ne
849 1986 942 2024 quav
967 1974 1200 2011 sermonis

311 2027 581 2080 procedentis
619 2027 670 2066 la
686 2028 708 2065 b
724 2042 744 2067 e
780 2028 995 2068 consilium
1031 2029 1200 2068 tacitum

312 2084 576 2135 proderetur.
607 2083 754 2124 Minue.
785 2084 871 2123 Fel.
901 2089 965 2125 16.
993 2086 1199 2125 convicio-

315 2154 406 2179 rum
453 2140 744 2179 amarissimam
776 2141 950 2181 labem
987 2141 1201 2182 verborum

315 2197 520 2236 veracium
541 2197 708 2249 flumine
741 2198 980 2251 diluamus]

375 2254 506 2292 tacita
519 2258 689 2292 secreta.
727 2254 775 2292 ct'.
792 2255 840 2293 ad
856 2255 952 2293 Met.
971 2254 1033 2293 Vl.
1049 2270 1085 2308 p.
1102 2260 1196 2296 385.

311 2323 393 2362 per
419 2310 575 2348 tacita
598 2315 790 2350 secreta
816 2313 1023 2351 cista-rum.

375 2369 415 2404 et
449 2365 622 2405 horruit.
671 2365 835 2406 Frustra
870 2373 934 2407 est
970 2367 1092 2415 Oud.,
1132 2370 1196 2420 qui

315 2421 468 2460 Pricaei
483 2422 706 2462 coniectura
724 2425 945 2464 exhorruit
961 2439 1032 2477 pro
1053 2431 1092 2465 et
1104 2426 1196 2465 hor-

315 2479 402 2518 ruit
414 2483 633 2517 commotus
649 2484 689 2518 et
700 2481 916 2522 exhorruit
935 2482 1013 2531 legi
1032 2483 1193 2529 mavult,

317 2536 408 2586 quia
432 2535 598 2585 singulis
630 2535 713 2574 sere
742 2538 899 2589 paginis
924 2539 1194 2591 polysyndeto

316 2594 444 2630 utatur
468 2591 682 2642 Apuleius,
708 2599 749 2632 et
771 2595 1067 2636 exhorrescere
1088 2598 1195 2649 faci-

315 2661 392 2687 nus
416 2648 475 2685 sic
499 2653 686 2696 occurrat,
712 2650 802 2690 coll.
826 2651 923 2690 Met.
951 2652 1019 2690 IX.
1045 2666 1081 2704 p.
1099 2654 1193 2693 628.

316 2704 585 2744 exhorruit
612 2706 804 2760 Illgyrmex
827 2709 1059 2748 inauditum
1086 2711 1194 2762 faci-

316 2774 401 2799 nus.
423 2759 478 2798 X.
503 2775 541 2812 p.
562 2765 654 2802 685.
681 2764 922 2804 adulescens
949 2779 1194 2818 quamquam

317 2816 416 2855 tale
438 2819 608 2869 facinus
622 2821 817 2870 protinus
837 2821 1193 2862 exhorruisset.

317 2872 401 2910 Sed
425 2873 512 2924 ipse
537 2875 681 2913 excitat
693 2873 791 2915 Met.
806 2877 891 2915 Vll.
906 2891 944 2929 p.
959 2882 1053 2919 455.
1081 2881 1196 2919 cuius

317 2932 426 2986 totae
448 2932 691 2981 provinciae
715 2947 859 2973 nomen
883 2935 1193 2984 horrescmzt3

317 2984 419 3022 adde
439 2985 534 3025 Met.
555 2986 622 3026 IV.
647 3001 685 3040 p.
709 2992 805 3030 311.
828 2992 1080 3044 fluminaque
1105 2992 1196 3031 hor-

316 3047 480 3080 rescunt
503 3048 542 3081 et
566 3044 742 3097 Styyiae
766 3047 966 3087 tenebrae.

375 3098 539 3137 tonitru.
590 3100 736 3152 [Quum
761 3104 932 3142 nonnulli
959 3105 1072 3144 codd.
1094 3106 1195 3144 toni-

318 3153 577 3201 truodarent,
603 3156 764 3197 Colvius
791 3160 841 3198 ad
865 3160 966 3201 hanc
985 3160 1194 3201 lectionem

987 525 1140 554 tonitruo
1157 528 1192 555 G.
1209 529 1241 555 2.
1257 529 1293 556 L.
1309 528 1348 556 D.
1391 527 1632 565 procellasque
1651 525 1680 558 δ.
1719 527 1855 569 sederis
1869 532 1906 560 L.
1953 533 2070 560 comiti
2082 541 2138 568 pro

601 571 811 599 obumbravit
826 571 975 598 animam
989 572 1025 600 B.
1064 571 1211 599 am'nmm
1224 574 1261 601 L.
1310 572 1521 601 recalesentc
1535 576 1570 603 G.
1587 576 1616 603 1.
1654 573 1884 603 recalescente
1904 577 1941 605 F.
1960 578 1990 605 ³.
2011 578 2045 607 in
2058 585 2136 607 con-

328 622 417 647 textu
437 620 550 654 habet,
577 619 633 646 sed
655 618 687 645 in
708 617 855 651 margine
873 624 914 644 ru
933 618 1139 646 emendatum
1159 622 1218 646 est.

1262 727 1476 773 inclinavit,
1512 729 1617 779 quod
1655 735 1810 768 veteres
1845 731 1899 768 ita
1933 730 2138 770 dixissent.

1264 783 1326 822 De
1352 784 1426 823 hac
1451 784 1574 823 forma
1598 785 1646 824 cs.
1674 799 1775 837 quae
1795 786 1987 838 proferam
2012 788 2061 825 ad
2087 788 2138 827 de

1262 840 1350 879 Deo
1367 842 1515 880 Socrat.
1530 855 1567 892 p.
1587 846 1676 882 143.
1698 842 1838 881 Contra
1853 843 1968 883 codd.
1982 848 2138 884 ceteros

1262 897 1355 936 nihil
1394 898 1677 937 emendandum
1713 913 1800 937 cum
1838 898 1941 938 Oud.
1979 914 2134 940 censeo.

1261 953 1325 992 De
1362 954 1531 993 dictione
1567 956 1726 995 tonitru
1762 961 1800 994 et
1828 956 1936 995 diali
1963 957 2138 1009 fulmine

1259 1024 1458 1063 percussa
1491 1010 1538 1049 cf.
1553 1025 1655 1062 quae
1674 1011 1897 1063 largissima
1916 1025 2031 1051 manu
2051 1028 2135 1066 pro-

1265 1067 1337 1105 sert
1357 1066 1521 1118 Buleng.
1537 1068 1588 1105 de
1608 1072 1733 1107 terrae
1747 1073 1854 1107 motu
1869 1073 1908 1107 et
1923 1068 2028 1108 sulm.
2050 1069 2136 1108 Lib.

1262 1123 1313 1163 Y.
1345 1137 1375 1162 e.
1409 1128 1445 1164 3.
1476 1126 1512 1162 in
1545 1124 1687 1163 Graev.
1715 1124 1836 1164 Thes.
1861 1126 1994 1178 Antiq.
2022 1125 2066 1165 T.
2088 1127 2135 1165 V.

1262 1193 1298 1231 p.
1326 1181 1444 1233 521]

1313 1237 1588 1290 procellaque
1611 1238 1773 1278 sideri&
1804 1236 2024 1277 Beroaldus
2040 1239 2139 1278 haec

1261 1293 1439 1333 adnotat:
1475 1294 1628 1347 Afflati
1651 1295 1785 1334 sidere
1803 1294 2005 1346 eleganter
2024 1309 2136 1335 voca-

1258 1350 1352 1389 bulo
1364 1351 1538 1390 siderali
1562 1356 1829 1402 nuncupantur
1853 1356 1893 1390 et
1912 1353 2071 1390 verbum
2089 1355 2137 1391 si—

1260 1406 1926 1458 deratursignificatsidereafflatur
1941 1415 1980 1447 et
1993 1409 2137 1448 sidera-

1257 1464 1364 1501 tione
1377 1465 1573 1516 torpescit.
1597 1463 1804 1503 Dictiones
1817 1465 1893 1503 hae
1906 1469 1997 1504 sunt
2011 1464 2136 1504 Plinio

1258 1520 1499 1571 peculiares,
1537 1521 1601 1571 qui
1634 1521 1684 1559 de
1714 1521 1953 1560 sideratione
1985 1522 2136 1573 frugum

1258 1577 1394 1614 morbo
1431 1577 1565 1615 scribit
1598 1577 1619 1615 l.
1651 1575 1782 1617 XVII.
1815 1582 1879 1618 37.
1912 1582 1943 1628 ξ.
1971 1583 1997 1619 4
2027 1583 2067 1617 et
2099 1582 2138 1619 6.

1258 1633 1456 1673 Procella
1482 1638 1612 1672 autem
1634 1646 1770 1672 nomen
1790 1639 1852 1673 est
1871 1635 2135 1686 tempestatis,

1258 1690 1322 1741 qui
1358 1690 1398 1727 fit
1434 1703 1484 1728 ex
1519 1691 1731 1741 repentinis
1761 1690 1892 1729 flabris
1922 1692 2069 1731 maiore
2100 1693 2136 1730 vi

1258 1747 1454 1784 contortis.
1482 1746 1651 1798 [Eadem
1665 1748 1814 1785 ratione
1830 1748 1925 1786 dixit
1937 1748 2052 1787 Mart.
2066 1747 2137 1787 XI.

1258 1807 1325 1842 85.
1358 1803 1538 1842 Sidere
1562 1817 1762 1855 percussa
1797 1809 1854 1843 esc
1883 1804 2018 1844 subito
2049 1805 2137 1851 tibi,

1260 1859 1391 1905 Zoile,
1419 1860 1576 1911 linqua.
1626 1860 1797 1911 Saepius
1822 1861 1884 1899 isti
1909 1861 2049 1900 sidere
2074 1864 2137 1913 af-

1255 1917 1347 1969 slati
1384 1917 1626 1955 nominantur
1675 1916 1723 1955 cs.
1761 1916 1847 1956 Intt.
1884 1917 1935 1956 ad
1978 1916 2136 1958 Petron.

1260 1972 1342 2010 Sat.
1370 1986 1401 2011 c.
1428 1972 1490 2024 2.]

1317 2030 1478 2068 corruit
1502 2043 1663 2081 corpus.
1715 2028 1905 2081 [Forcell.
1936 2030 1972 2068 in
1998 2029 2134 2070 Lexic.

1258 2099 1291 2124 s.
1308 2099 1339 2122 v.
1356 2085 1554 2136 praeferre
1572 2085 1724 2123 videtur
1743 2099 1875 2124 eorum
1889 2088 2136 2132 sententiam,

1259 2144 1324 2193 qui
1340 2156 1493 2194 corpus
1506 2143 1771 2181 accusativum
1784 2155 1928 2193 graeco
1942 2157 2051 2182 more
2070 2143 2135 2182 ad-

1259 2196 1406 2237 iectum'
1421 2212 1517 2237 esse
1537 2199 1775 2245 existimant,
1800 2213 1873 2238 non
1889 2200 2136 2239 consideran-

1256 2260 1318 2294 tes
1328 2287 1339 2302 ,
1363 2255 1454 2294 huic
1468 2256 1718 2308 explicationi
1734 2256 1935 2295 adversari
1946 2269 2034 2308 sqq.
2051 2258 2135 2296 ani-

1256 2326 1360 2351 mam
1370 2313 1637 2359 obnubilavit,
1647 2312 1752 2364 quod
1766 2317 1972 2365 utrumque
1985 2314 2059 2352 sibi
2074 2326 2135 2351 ac·

1256 2369 1504 2408 curatissime
1523 2369 1769 2420 respondere
1788 2370 2035 2422 perspicuum
2063 2376 2134 2408 est.

1260 2425 1464 2465 Corruere
1483 2439 1600 2477 quum
1621 2427 1748 2465 activa
1767 2426 1841 2464 iam
1857 2427 1961 2477 apud
1976 2425 2134 2466 Lucret.

1255 2482 1305 2520 V.
1332 2485 1426 2522 369.
1460 2482 1743 2533 significatione
1774 2484 1974 2521 evertendi
2006 2487 2046 2522 et
2069 2482 2135 2521 de-

1255 2538 1360 2576 lendi
1386 2538 1548 2589 legatur,
1574 2539 1770 2591 Apuleius
1795 2552 1865 2590 pro
1890 2553 1999 2577 more
2024 2541 2060 2578 in
2086 2553 2134 2578 eo

1254 2597 1422 2634 recessit
1445 2608 1467 2634 a
1499 2596 1608 2634 vocis
1637 2595 1872 2648 significatu,
1899 2596 2005 2647 quod
2037 2595 2135 2634 Cha-

1253 2653 1352 2690 ritae
1381 2653 1527 2698 tribuit,
1560 2653 1663 2703 quod
1691 2665 1766 2690 vox
1793 2651 1964 2692 nefanda
1992 2652 2137 2692 effecit.

1254 2708 1409 2747 Novam
1424 2708 1523 2748 hanc
1537 2722 1630 2747 esse
1644 2709 1852 2747 dictionem
1874 2708 2024 2760 largior.
2051 2709 2134 2747 Sed

1254 2765 1396 2804 eadem
1430 2766 1582 2804 ratione
1621 2766 1715 2804 dixit
1750 2764 1869 2816 Apul.
1905 2765 2005 2805 Met.
2029 2764 2135 2805 Vlll.

1254 2826 1403 2875 p.543.
1430 2822 1671 2876 Thrasyllus
1696 2823 1844 2861 dolore
1868 2824 2006 2861 nescio
2031 2835 2135 2862 cra-

1250 2879 1419 2931 pulam
1444 2893 1535 2918 cum
1559 2892 1698 2918 somno
1723 2878 1966 2931 discutit]

1313 2936 1570 2975 obnubilavit
1597 2937 1786 2975 animam.
1834 2934 1947 2972 Hanc
1977 2947 2135 2985 quoque

1255 2991 1463 3031 dictionem
1493 2991 1780 3030 Hellenismum
1811 3003 1907 3028 esse
1931 2991 2039 3029 multi
2064 3005 2137 3043 pu—

1255 3052 1355 3094 tant,
1382 3062 1484 3099 quos
1499 3047 1667 3087 Forcell.
1683 3048 1718 3085 in
1734 3046 1861 3085 lexico
1876 3060 1908 3086 s.
1923 3060 1958 3086 v.
1972 3051 2135 3086 secutus

1256 3110 1329 3144 est.
1378 3105 1462 3144 Sed
1498 3105 1640 3143 eadem
1675 3104 1824 3142 ratione
1860 3104 2133 3154 explicandum

1256 3166 1337 3208 est,
1364 3175 1440 3212 qua
1466 3162 1623 3200 corruit
1650 3174 1813 3211 corpus.
1867 3159 2133 3200 Obnubilavit
