2221 3667
331 146 414 193 376
583 147 630 193 L.
660 148 879 194 APULEn
906 150 1304 195 MADAURENSIS
1333 150 1875 196 METAMORPHOSEON

332 268 370 303 at
399 261 462 304 ille
486 262 650 306 vulnere
674 265 859 307 lucernae
883 266 1017 307 dolens
1042 265 1082 305 in
1106 264 1190 319 ipso
1215 264 1385 307 thalamo
1410 267 1545 309 matris
1571 268 1702 309 iacens
1727 267 1963 323 ingemebat.
2000 267 2116 310 Tunc

332 318 417 360 avis
443 320 602 373 peralba
626 321 691 362 illa
712 322 854 373 Gavia,
883 336 981 376 quae
1007 335 1123 375 super
1143 322 1281 362 fluctus
1308 323 1479 364 marinos
1506 325 1631 378 pinnis
1659 332 1787 375 natat,
1816 325 2006 379 demergit
2028 338 2118 366 sese

332 389 497 430 propere
533 377 580 417 ad
613 376 763 419 Oceani
798 379 1029 434 profundum
1067 378 1268 431 gremium.
1322 377 1380 418 Ibi
1417 382 1655 421 commodum
1690 380 1884 422 Venerem
1922 382 2117 422 lavantem

335 439 612 488 natantemque
650 442 808 490 propter
842 434 1058 484 adsistens,
1097 433 1244 475 indicat
1278 436 1456 476 adustum
1495 437 1611 477 tilium
1650 437 1755 489 eius,
1796 437 1906 491 gravi
1943 437 2118 479 vulneris

335 563 375 589 at
392 561 499 591 delent
511 561 641 598 Sciopp.
655 564 742 592 Grut.
759 564 854 597 Susp.
867 563 954 591 vm.
965 563 996 591 2.
1011 563 1121 591 WVow.
1134 562 1219 593 Prie.
1233 564 1314 593 Elm.
1328 564 1448 594 Florid.
1496 564 1553 593 illo
1575 573 1740 601 perperam
1752 567 1834 595 Elm.
1848 566 1951 595 Scriv.

1996 565 2121 603 gravia

333 607 449 636 Venel.
462 608 493 636 2.
522 606 649 645 gaudia
662 616 691 643 p.
727 607 876 634 marinos
890 608 973 635 delet
986 604 1014 635 ὃ.
1046 608 1165 644 pennis
1179 610 1215 637 G.
1231 610 1259 637 1.
1274 616 1293 638 a
1306 617 1346 638 m.
1362 617 1391 644 p.
1405 607 1433 638 ὃ.
1464 618 1568 647 prope
1582 613 1615 640 0,
1653 611 1790 638 occeani*
1801 613 1836 640 G.
1852 613 1880 640 1.
1909 609 2075 639 Oceanum
2090 619 2121 646 p.

331 649 549 689 proffimdum
565 655 600 682 G.
618 655 646 682 1.

698 650 820 679 Veneri
831 650 1182 690 lacantinaeancique
1196 655 1232 682 G.
1249 655 1277 682 1.
1292 655 1322 682 2.
1337 656 1372 683 P.
1387 654 1408 684 t'.
1423 657 1461 684 R.
1474 657 1513 686 D.
1528 653 1574 694 (X,
1600 657 1656 684 sed
1670 657 1702 684 in
1716 658 1751 685 G.
1768 658 1795 685 1.
1811 660 1857 685 est
1872 655 2034 684 nat-tuna·
2045 656 2121 684 etin

334 698 374 727 1).
409 697 666 734 naturantz‘que.
699 695 826 724 Venere
839 700 927 726 extat
941 697 973 726 in
986 699 1069 726 Elm.
1084 699 1131 726 ed.
1145 698 1274 728 vitiose.
1319 702 1502 738 natamque
1516 709 1546 737 p.
1590 708 1653 737 per
1665 699 1832 729 adsistens
1847 702 1868 731 f.
1883 699 1910 731 ὃ.
1958 701 2123 729 assisten-

337 744 385 770 tes
398 743 437 771 D.

338 841 490 892 gantius
529 842 578 879 ita
614 840 758 880 sonari.
804 839 904 879 Hinc
940 845 1051 892 puto,
1090 841 1205 881 codd.

337 897 549 935 auctoritati
591 895 665 935 bac
706 896 740 934 in
781 909 823 934 re
859 897 1205 950 obtemperandum

338 965 448 998 esse,
479 951 583 1002 quod
613 955 717 990 certa
748 966 899 999 norma,
937 966 987 992 ex
1019 968 1094 1006 qua
1125 958 1206 993 tota

336 1021 402 1046 res
438 1008 566 1060 possit
609 1008 820 1055 diiudicari,
863 1008 1020 1049 inveniri
1063 1011 1205 1061 nequit.

338 1064 443 1103 idem
480 1064 609 1102 incidit
643 1064 679 1103 in
710 1065 921 1118 scripturas
952 1069 1145 1107 circuitus
1169 1071 1207 1105 et

339 1122 587 1166 ct’rcumitus,
602 1134 761 1172 quarum
775 1123 952 1173 priorem,
970 1124 1004 1162 si
1020 1138 1095 1174 qua
1108 1124 1206 1162 tides

338 1180 401 1216 est
424 1176 545 1224 Mss„
569 1178 805 1230 praetulisse
831 1180 1004 1218 videntur
1027 1180 1206 1220 Romani.

336 1233 521 1273 Liberam
535 1247 628 1272 esse
648 1235 745 1273 inter
764 1237 954 1276 circuitio
968 1240 1006 1275 et
1020 1238 1207 1277 circumi-

338 1291 396 1330 tio
410 1290 576 1341 eligendi
591 1290 911 1338 facultatemstam
925 1292 1205 1333 voluitRuhnk.

338 1346 390 1386 ad
426 1346 583 1387 Terent.
618 1348 720 1387 And.
757 1347 784 1387 1.
811 1353 850 1390 2.
874 1353 938 1391 31.
974 1363 1012 1402 p.
1043 1354 1108 1391 28.
1145 1350 1206 1389 ed.

339 1402 563 1456 Schopen.]

395 1463 449 1499 at.
497 1459 628 1513 [Hanc
662 1460 906 1512 particulam,
937 1475 1051 1513 quam
1081 1463 1207 1501 invitis

342 1516 520 1556 omnibus
551 1517 665 1557 codd.
695 1518 864 1557 nonnulli
891 1520 1118 1570 interpretes
1145 1533 1208 1558 ex-

341 1576 532 1625 pungunt,
564 1586 650 1612 cum
674 1573 776 1614 Oud.
806 1576 961 1621 retinui,
993 1577 1055 1627 qui
1081 1581 1207 1615 tamen

342 1630 378 1668 in
415 1642 462 1668 eo
497 1629 648 1669 videtur
683 1644 854 1679 errasse,
893 1633 996 1683 quod
1033 1637 1075 1672 at
1105 1633 1211 1671 nulla

343 1685 418 1724 alia
441 1685 588 1725 ratione
612 1687 802 1734 tolerans,
833 1689 895 1727 vel
921 1689 1123 1729 interdum
1147 1689 1210 1727 vel

341 1755 419 1781 una
452 1755 551 1780 voce
586 1744 855 1791 interimdum,
894 1750 934 1783 ut
964 1746 1211 1790 adhucdum,

342 1799 523 1837 nondum
548 1802 587 1838 et
610 1799 751 1838 similia
776 1800 984 1852 legendum
1011 1815 1103 1840 esse
1130 1817 1211 1854 pro-

343 1855 544 1901 nuntiavit,
571 1856 765 1906 quomodo
780 1859 896 1896 etiam
913 1858 1014 1896 clare
1028 1860 1211 1911 scriptum

343 1914 404 1950 est
427 1912 463 1949 in
490 1909 538 1950 Ο.
582 1911 751 1951 Primum
777 1914 878 1952 enim
905 1915 1111 1953 notandum
1138 1919 1211 1960 est,

341 1967 741 2008 interimdumvocem
756 1983 849 2008 esse
862 1970 978 2023 plane
991 1972 1213 2017 inauditam,

343 2036 459 2075 quam
488 2027 636 2063 temere
667 2024 769 2065 Oud.
807 2026 980 2066 latinitati
1021 2028 1214 2066 intrudere

343 2093 417 2119 non
432 2080 602 2120 debebat
625 2081 673 2120 cf.
687 2081 814 2122 Hand.
828 2084 878 2123 ad
891 2083 1001 2122 Turs.
1016 2083 1061 2123 ll.
1075 2099 1109 2137 p.
1121 2088 1213 2125 330.

345 2135 458 2182 Quae
493 2137 528 2175 si
564 2137 648 2177 cod.
675 2138 723 2177 O.
760 2142 1047 2192 comprobatur,
1075 2141 1213 2179 eodem

345 2193 429 2231 sine
471 2193 588 2233 dubio
626 2208 771 2241 errore,
820 2210 896 2248 quo
935 2197 1055 2243 Oud.,
1104 2197 1214 2235 libra-

343 2249 425 2288 rius
463 2249 652 2301 deceptus
688 2257 761 2291 est.
829 2253 883 2293 At
923 2255 1024 2292 enim
1059 2255 1213 2292 retineri

344 2319 469 2358 posse
482 2311 589 2358 puto,
605 2311 643 2346 et
656 2308 703 2346 ad
718 2309 795 2346 tale
809 2310 1073 2362 exemplorum
1088 2324 1213 2362 genus

344 2362 492 2410 refero,
517 2364 580 2401 ubi
607 2365 795 2415 particula
814 2366 965 2417 ponitur
989 2367 1025 2404 in
1046 2368 1213 2419 apodosi

345 2432 409 2465 ea,
447 2432 549 2470 quae
585 2434 658 2458 non
695 2422 921 2461 contrariam
954 2423 1108 2473 quidem
1132 2437 1214 2462 rem

344 2479 521 2526 perstare
557 2476 715 2522 indicat,
751 2479 825 2517 sed
862 2493 1070 2531 personam
1101 2481 1135 2519 in
1167 2494 1214 2518 se

345 2531 465 2570 habet
506 2546 556 2570 ex
591 2532 715 2572 altera
744 2539 851 2585 parte
882 2534 993 2574 alicui
1023 2549 1216 2587 personae

348 2589 586 2639 oppositam,
618 2590 934 2643 coniungiturque
964 2606 1048 2631 cum
1080 2607 1217 2644 prono-

346 2645 513 2683 minibus
551 2659 646 2699 eqo,
684 2651 744 2692 tu,
782 2648 870 2693 ille,
907 2648 957 2686 ad
994 2662 1094 2699 quae
1131 2651 1218 2702 ipsa

347 2701 528 2752 pertinet3
565 2707 607 2741 ut
641 2703 742 2742 bene
778 2703 840 2742 liis
878 2706 1006 2743 verbis
1038 2708 1219 2757 exposuit

347 2756 474 2796 Hand.
495 2759 545 2797 ad
559 2757 768 2799 TurselLI.
790 2774 824 2811 p.
842 2764 933 2802 429.
960 2761 1218 2813 Opponuntur

349 2826 438 2852 vero
465 2814 539 2853 sibi
563 2814 726 2866 Psyche
751 2820 790 2855 et
815 2816 995 2870 Cupido]

409 2870 550 2910 Gai-ia.
577 2871 670 2924 [Est
683 2873 766 2912 avis
781 2875 957 2925 aquatica
971 2871 1218 2927 ).c2(›og‚q11ae,

351 2926 454 2976 quod
495 2928 530 2965 in
568 2930 689 2979 petris
732 2931 826 2968 mari
861 2931 1001 2969 adsitis
1040 2932 1219 2977 nidificat,

350 2995 569 3034 magnoque
593 2987 755 3037 strepitu
781 2987 817 3025 in
842 3000 947 3025 mare
972 2987 1219 3039 immergitur,

352 3037 493 3077 Veneri
531 3054 644 3081 sacra
680 3056 774 3080 esse
810 3048 1058 3095 nuncupatur.
1119 3044 1220 3091 Quia

354 3095 453 3132 enirn
478 3108 602 3147 aquas
627 3099 744 3137 maris
769 3100 982 3151 mergendo
1003 3104 1134 3152 potest
1152 3115 1218 3152 pe-

354 3154 519 3197 netrare,
545 3155 682 3194 nuncia
700 3156 835 3194 dicitur
852 3156 1038 3203 Veneris,
1063 3170 1164 3210 quae
1182 3159 1219 3198 in

1028 3212 1035 3232 l

486 741 655 771 vulnerum
670 743 706 771 G.
724 743 751 771 1.
764 742 799 770 Ο.
824 740 960 770 vulnere
973 743 1009 773 Β.
1022 744 1117 772 Vulc.
1129 744 1161 772 2.
1176 744 1224 772 ed.
1239 752 1286 779 pr.

1262 842 1452 895 profundo
1484 848 1668 883 versatur.
1716 843 1834 883 Plura
1869 845 1918 883 de
1954 845 2029 884 hac
2051 857 2124 883 ave

1262 899 1409 951 profert
1444 898 1544 939 Plin.
1581 899 1627 938 H.
1654 899 1701 939 N.
1738 900 1787 939 Χ.
1820 904 1884 941 32.
1917 905 1980 941 48.
2018 901 2125 939 idem

1263 955 1492 994 vocabulum
1502 956 1638 996 Heius,
1652 957 1686 994 in
1702 960 1776 995 not.
1788 957 1836 996 ad
1845 955 2126 997 Catull.XXV.

1265 1016 1301 1051 5.
1332 1013 1416 1050 sine
1446 1012 1525 1050 ulla
1555 1026 1696 1052 caussa
1732 1027 1934 1064 perperam
1959 1014 2127 1059 intrusit,

1265 1068 1314 1106 ibi
1352 1067 1507 1117 legens:
1545 1083 1632 1109 cnm
1678 1070 1826 1109 Gavius
1856 1070 1996 1109 Malea
2038 1083 2128 1109 aces

1265 1126 1442 1164 ostendit
1465 1139 1560 1164 arce
1583 1126 1756 1179 nantes]

1327 1182 1512 1221 Venerem
1528 1182 1723 1221 lavantem
1737 1187 2019 1236 natantemque
2030 1196 2127 1235 pro-

1260 1243 1356 1290 pter
1369 1238 1576 1277 adsistens.
1627 1238 1737 1285 Quae
1757 1240 1792 1277 in
1809 1239 2001 1278 nonnullis
2015 1238 2128 1278 codd.

1265 1294 1379 1333 lectio
1406 1298 1484 1339 est,
1523 1295 1664 1335 Veneri
1691 1296 1847 1334 lavanti
1876 1297 2129 1348 nutantique,

1265 1351 1482 1389 emendatio
1509 1356 1570 1390 est
1596 1351 1849 1398 librariorum,
1883 1353 1943 1403 qui
1971 1364 2129 1391 accusa-

1265 1409 1381 1446 tivum
1408 1408 1603 1458 explicare
1628 1423 1700 1446 uon
1733 1412 1929 1461 poterant,
1967 1412 2005 1446 et
2031 1421 2130 1459 pro-

1264 1469 1356 1516 pter
1386 1463 1656 1503 adverbialiter
1686 1469 1903 1511 sumentes,
1935 1465 2131 1504 adsistere

1266 1521 1434 1559 dativum
1475 1535 1610 1571 regere
1652 1525 1887 1572 compertum
1926 1521 2131 1560 habebant.

1268 1577 1349 1615 Sed
1365 1592 1447 1615 cum
1458 1578 1560 1616 ond.
1575 1578 1732 1616 alteram
1749 1579 1974 1630 scripturam
1983 1577 2131 1622 retinui,

1269 1635 1443 1684 quamvis
1462 1633 1578 1686 plane
1597 1634 1671 1671 alia
1691 1635 1838 1672 ratione
1857 1635 2030 1685 iungens,
2062 1633 2133 1671 llle

1269 1692 1367 1728 enim
1394 1692 1653 1729 accusativum
1680 1704 1701 1728 e
1727 1692 2013 1743 praepositione
2036 1704 2133 1743 pro-

1266 1752 1360 1799 pter
1384 1747 1555 1798 pendere
1581 1748 1794 1793 existimat,
1822 1752 1861 1786 ut
1884 1748 1991 1785 verbi
2017 1759 2134 1785 casus

1270 1804 1586 1853 subintelligatur
1624 1804 1711 1843 coll.
1744 1804 1840 1843 Met.
1873 1804 1939 1843 lv,
1970 1818 2006 1856 p.
2041 1807 2132 1844 127.

1273 1875 1390 1913 quam
1413 1866 1590 1912 propter
1614 1862 1825 1905 adsistens,
1851 1861 1915 1898 ubi
1929 1862 2018 1898 item
2034 1860 2136 1899 male

1272 1917 1452 1967 explicat.
1502 1916 1745 1967 Quamquam
1771 1918 1871 1955 enim
1893 1918 2014 1968 probe
2038 1917 2135 1962 scio,

1266 1978 1444 2025 propter
1489 1975 1815 2025 praepositionem
1863 1975 2022 2025 saepius
2068 1987 2138 2024 per

1271 2029 1531 2080 anastrophen
1562 2031 1669 2081 poni,
1701 2034 1741 2067 ut
1765 2030 1868 2082 apud
1894 2029 2016 2068 Tacit.
2036 2030 2137 2068 Ann.

1272 2084 1339 2124 IV.
1353 2089 1418 2126 48.
1434 2086 1631 2125 translata
1647 2086 1794 2125 deliine
1809 2091 1944 2126 castra
1963 2087 2138 2125 hostem

1267 2147 1478 2194 propter
1496 2143 1660 2187 relictis,
1674 2141 1781 2182 le.
1796 2147 1830 2183 9.
1847 2144 1948 2182 ciam
1962 2143 2139 2182 Illiseni

1268 2212 1364 2251 pro
1370 2203 1482 2250 pter
1506 2204 1543 2238 et
1570 2199 1702 2238 villam
1732 2200 1928 2239 Caesaris.
1955 2198 2044 2237 XV.
2070 2203 2138 2240 47.

1271 2256 1376 2294 ciam
1407 2261 1595 2307 propter.
1642 2255 1749 2307 Virg.
1787 2256 1887 2294 Aen.
1925 2254 1992 2294 IV.
2024 2259 2138 2301 320„

1271 2315 1398 2350 tamen
1414 2311 1712 2363 quodApuleius
1726 2326 1882 2363 semper
1895 2313 1946 2350 ita
1960 2310 2139 2363 loquitur,

1271 2368 1335 2406 ubi
1360 2368 1558 2407 adsistere
1583 2382 1667 2407 cum
1691 2374 1870 2421 propter
1896 2369 2139 2407 coniunctum

1271 2425 1468 2476 reperitur,
1494 2424 1767 2463 adverbialiter
1797 2426 1927 2476 potius
1952 2425 2137 2477 intelligo.

1274 2481 1320 2519 cf.
1345 2478 1441 2520 Met.
1468 2480 1568 2519 Vlll.
1595 2495 1631 2532 p.
1659 2486 1753 2521 544.
1785 2482 1976 2534 capulum
1994 2481 2140 2534 Tlepo-

1274 2539 1366 2577 temi
1375 2542 1548 2590 propter
1559 2539 1765 2577 adsistens.
1785 2536 1836 2576 X.
1849 2552 1889 2590 p.
1903 2542 1995 2578 716.
2011 2539 2142 2578 lumen

1270 2599 1449 2646 propter
1472 2595 1678 2633 adsistens.
1724 2594 1811 2632 Huc
1839 2595 1989 2633 accedit
2018 2594 2141 2632 altera

1277 2664 1437 2696 caussa,
1463 2664 1564 2701 quae
1588 2652 1739 2701 gravior
1757 2650 1848 2688 mihi
1867 2651 2016 2689 videtur
2035 2663 2141 2690 esse.

1276 2705 1352 2745 Ubi
1368 2709 1466 2745 enim
1482 2707 1678 2746 adsistere
1690 2706 2009 2757 significationem
2023 2706 2142 2745 habet

1275 2763 1498 2810 adiuvandi,
1523 2763 1626 2815 apud
1642 2763 1849 2814 Apuleium
1864 2763 2015 2801 dativus
2041 2776 2143 2801 sem-

1276 2833 1346 2872 per
1377 2821 1410 2859 ei
1443 2822 1592 2859 iunctus
1625 2823 1702 2865 est,
1727 2820 1790 2857 ubi
1818 2833 1907 2857 vero
1933 2820 2141 2866 adstandi,

1275 2891 1435 2929 semper
1458 2877 1558 2927 regit
1581 2877 1856 2919 accusativum,
1882 2879 1948 2914 aut
1971 2877 2142 2915 omissus

1277 2938 1340 2972 est
1375 2947 1492 2972 casus
1529 2946 1721 2984 personae
1757 2936 1796 2970 et
1832 2932 1921 2978 loci,
1960 2933 2018 2970 cui
2055 2932 2143 2983 quis

1276 2990 1406 3028 adstat
1418 2990 1514 3029 Met.
1528 2988 1572 3028 ll.
1587 3002 1622 3040 p.
1641 2993 1729 3029 125.
1743 2989 2005 3041 ¹q‘mbatulam
2017 3003 2144 3028 meum

1276 3047 1439 3086 adsistit
1460 3045 1649 3086 mensula.
1675 3044 1792 3096 Apol.
1819 3059 1856 3097 p.
1876 3049 1968 3085 595.
1994 3059 2142 3097 vosque

1278 3105 1409 3148 etiam,
1437 3104 1508 3156 qui
1532 3101 1756 3142 tribunal
1778 3115 1927 3141 mecum
1947 3102 2142 3141 adsisti-

1277 3160 1352 3199 tis.
1382 3159 1484 3198 Hinc
1507 3158 1750 3210 comprobari
1773 3161 1925 3209 potest,
1950 3158 2062 3197 unice
2079 3169 2142 3195 ve-
