2155 3590
575 148 766 190 LIBER
794 149 844 189 11.
904 148 1021 189 CAP
1064 146 1183 187 XIII.
1214 146 1324 186 XIV.
1779 143 1862 186 105

68 264 134 307 ille
169 264 234 305 ubi
269 264 434 318 primum
472 263 722 304 consaviatus
759 277 846 303 eum
882 263 1022 303 iuxtim
1060 275 1102 302 se
1138 266 1181 300 ut
1211 259 1361 300 assidat
1395 258 1544 308 effecit,
1584 257 1773 298 attonitus
1804 263 1865 297 est
1891 263 1950 297 121

68 321 296 376 repentinae
338 320 503 361 visionis
539 326 719 373 stupore,
759 327 799 360 et
828 318 1048 373 praesentis
1078 316 1227 371 negotii
1264 316 1363 369 quod
1402 315 1566 369 gerebat
1601 314 1744 354 oblitus
1779 312 1866 353 infit

68 379 117 418 ad
153 390 260 418 eum:
309 376 435 430 Quam
472 376 562 416 olim
601 375 777 429 equidem
816 382 1026 430 exoptatus
1068 373 1182 414 nobis
1212 371 1400 412 advenis?
1434 370 1656 424 Respondit
1690 370 1738 409 ad
1769 370 1866 410 haec
1924 368 1926 371 ’

67 435 133 475 ille
163 433 281 474 alius:
318 432 573 474 Commodum
603 445 769 485 vespera
801 432 968 472 oriente.
1031 430 1110 472 Sed
1132 429 1307 470 vicissim
1332 435 1373 468 tu
1394 441 1566 481 quoque,
1600 427 1745 477 frater,
1772 425 1867 466 mihi

68 503 262 540 memora,
297 503 410 542 quem
434 489 639 528 admodum
675 488 841 539 exinde,
879 495 923 528 ut
952 489 997 529 de
1021 486 1184 527 Euboea
1209 485 1338 526 insula
1363 484 1530 525 festinus
1556 482 1793 537 enavigasti,
1828 488 1868 522 et

67 547 187 588 maris
213 553 251 586 et
275 546 363 587 viae
389 545 606 586 confeceris
631 545 721 585 iter.

614 694 1054 742 CAPUT
1158 691 1321 740 XIV.

180 829 245 868 Ad
275 828 371 869 haec
396 826 624 881 Diophanes
655 827 720 868 ille
747 825 968 868 Chaldaeus
1000 826 1207 881 egregius,
1240 832 1371 865 mente
1403 824 1540 865 viduus
1568 822 1731 863 necdum
1757 834 1870 861 suus:

69 885 238 935 Hostes,
277 884 423 938 inquit,
463 891 502 924 et
533 897 668 924 omnes
700 883 849 924 inimici
880 884 1007 924 nostri
1037 890 1114 923 tam
1147 883 1270 922 diram
1302 882 1380 921 imo
1410 894 1507 920 vero
1531 878 1729 935 Ulyxeam
1760 891 1871 932 pere-

69 941 333 996 grinationem
358 941 545 981 incidant.
595 939 699 980 Nam
726 938 902 996 etlnavis
928 940 1027 994 ipsa,
1055 941 1095 979 in
1121 953 1196 992 qua
1220 938 1475 987 vehebamur,
1502 936 1625 977 variis
1650 934 1873 975 turbinibus

64 1071 164 1109 prius
178 1072 214 1100 G.
232 1072 260 1099 1.
274 1071 309 1099 0.
357 1069 600 1097 consumimus
620 1070 642 1098 f.
668 1069 887 1097 consabe'atus
907 1069 943 1097 F.
960 1070 990 1096 3.
1013 1070 1048 1097 G.
1063 1070 1093 1095 2.
1113 1076 1143 1102 p.
1163 1069 1202 1095 D.
1217 1063 1246 1095 ὃ.
1295 1074 1366 1094 eum
1381 1068 1492 1094 exulat
1508 1073 1528 1094 a
1540 1066 1575 1093 P.
1623 1063 1729 1092 iuxta
1742 1072 1779 1093 se
1790 1064 1828 1092 F.
1844 1065 1874 1092 1.

70 1120 106 1146 G.
124 1118 151 1145 1.
165 1117 200 1145 Ο.
214 1118 252 1145 R.
266 1117 302 1144 B.
317 1117 352 1144 P.
370 1116 405 1143 in
424 1115 588 1149 excerptis
606 1115 755 1143 Putschii
774 1119 803 1143 et
823 1121 934 1142 omnes
954 1114 1024 1141 edd.
1038 1117 1116 1141 vett.
1140 1111 1266 1139 iux-tim
1279 1113 1318 1140 D.
1333 1118 1353 1140 a·
1365 1120 1406 1140 m.
1421 1119 1450 1146 p.
1465 1112 1523 1139 sed
1543 1111 1575 1138 in
1596 1110 1745 1145 margine
1757 1116 1831 1138 am.
1846 1117 1874 1138 s.

69 1160 200 1190 statim.
247 1159 384 1188 assidat
399 1161 435 1188 F.
458 1161 486 1188 1.
507 1161 538 1188 3.
559 1159 580 1187 f.
601 1161 683 1193 quod
698 1162 796 1194 probo
810 1159 852 1187 cf.
866 1161 943 1187 Met.
956 1160 980 1186 1.
996 1166 1026 1192 p.
1041 1159 1094 1186 30.
1109 1161 1180 1191 etp.
1196 1158 1249 1185 60.
1275 1155 1431 1184 assideat
1443 1158 1479 1184 G.
1497 1157 1524 1184 1.
1538 1157 1570 1183 2.
1584 1157 1621 1185 L.
1636 1151 1716 1183 (1.1).
1730 1163 1757 1182 π
1782 1154 1875 1181 asci-

69 1206 163 1234 derel
177 1208 271 1235 habet
286 1206 306 1234 f.
328 1209 409 1234 teste
426 1205 568 1233 Roaldo.
590 1202 715 1232 assidit
727 1212 755 1238 p.
780 1206 818 1232 In
832 1208 905 1232 cett.
919 1201 1098 1230 assideret.
1146 1201 1319 1229 attonitus
1333 1205 1385 1228 est
1396 1203 1432 1229 F.
1449 1203 1477 1229 ’1.
1492 1202 1522 1228 3.
1540 1202 1574 1228 Ρ.
1588 1203 1624 1229 L.
1640 1201 1723 1233 quod
1736 1199 1876 1228 restitui.

70 1254 107 1281 In
120 1255 193 1280 cett.
206 1251 326 1286 legitur
339 1253 372 1277 et
385 1250 452 1278 nisi
465 1251 547 1283 quod
560 1248 593 1276 in
608 1257 663 1283 pro
677 1252 731 1276 est
741 1252 831 1277 extat
844 1249 878 1276 in
893 1256 920 1282 [ι.
946 1245 1008 1282 [de
1021 1250 1082 1276 hac
1097 1249 1205 1275 verbb.
1218 1249 1268 1273 est
1283 1251 1312 1274 et
1326 1250 1360 1273 ee
1373 1246 1623 1274 commutatione
1636 1245 1678 1273 cf.
1692 1246 1748 1273 Dr.
1762 1246 1804 1274 ad
1816 1244 1876 1272 Sil.

68 1298 108 1326 V.
124 1297 198 1325 157.
213 1297 330 1323 Ger-nh.
344 1295 386 1323 ad
400 1295 465 1323 Cic.
479 1296 571 1322 Lael.
585 1301 613 1328 p.
629 1296 681 1321 66.
696 1295 751 1321 Dr.
766 1294 806 1322 ad
821 1294 893 1321 Liv.
907 1294 977 1321 vll.
992 1294 1045 1320 40.
1056 1294 1087 1326 S.
1106 1291 1156 1328 1.]
1204 1294 1341 1327 repente
1355 1293 1390 1319 G.
1409 1293 1436 1319 1.
1452 1293 1482 1318 ⁸2.
1496 1292 1532 1319 P.
1548 1292 1584 1318 0.
1599 1298 1634 1318 π.
1658 1292 1805 1327 generat
1821 1297 1877 1324 pro

66 1340 208 1379 gerebat
224 1341 338 1368 Venet.
358 1341 388 1367 4.
411 1337 453 1380 ,ἦ
471 1337 547 1365 olim
563 1336 614 1364 ΑΙ.
629 1346 668 1376 q5
689 1337 728 1379 qi
742 1341 777 1367 L.
800 1339 883 1365 unde
897 1339 988 1366 Colv.
1003 1338 1140 1365 coniecit
1156 1335 1301 1374 quanda.
1349 1334 1498 1373 equidem
1513 1338 1604 1364 abest
1620 1343 1639 1364 a
1652 1337 1687 1363 Ρ.
1703 1338 1784 1363 teste
1796 1335 1877 1363 Oud.

68 1388 214 1423 exoptas
227 1386 265 1413 D.
279 1392 300 1414 a
312 1393 352 1413 m.
367 1392 398 1419 p.
446 1392 468 1410 a
481 1382 574 1410 nobis
588 1384 623 1412 P.
672 1382 719 1410 ad
730 1381 793 1410 boc
807 1384 842 1410 G.
860 1384 887 1411 1.
903 1384 941 1411 D.
990 1380 1058 1409 illis
1073 1381 1151 1409 aliis
1166 1379 1333 1409 commode
1347 1389 1376 1415 p.
1426 1379 1481 1407 ille
1494 1383 1584 1409 abest
1606 1388 1625 1408 a
1639 1382 1675 1408 G.
1690 1382 1720 1408 2.
1767 1381 1879 1408 Verba

68 1428 235 1459 commode
247 1437 352 1463 usque
366 1430 406 1458 ad
419 1429 487 1456 iter
501 1429 535 1457 in
547 1430 583 1457 B.
604 1429 841 1457 desiderantur.
890 1427 1097 1454 mimeram-a
1114 1429 1152 1456 D.
1174 1435 1192 1456 a
1207 1435 1246 1455 m.
1263 1435 1291 1461 p.
1341 1428 1380 1453 ut
1399 1429 1489 1454 abest
1512 1433 1530 1453 a
1552 1426 1589 1453 D.
1638 1423 1719 1452 aede
1739 1424 1879 1452 eubm‘ca

68 1478 105 1505 G.
120 1478 152 1505 1.
175 1474 214 1502 de
229 1472 381 1502 Euboica
401 1476 435 1503 Ο.
454 1483 491 1503 π.
517 1473 642 1501 euboea
659 1475 699 1502 D.
738 1473 873 1512 festine
892 1474 977 1500 nari
996 1470 1026 1500 ὃ.
1048 1474 1105 1502 sed
1120 1473 1154 1500 in
1169 1474 1204 1500 G.
1222 1474 1251 1500 1.
1269 1476 1430 1505 comparet
1445 1475 1518 1499 cett.
1535 1471 1624 1498 codd.
1640 1471 1754 1502 lectio,
1780 1477 1879 1504 quum

70 1523 103 1550 in
116 1521 277 1554 excerptis
291 1521 369 1548 Oud.
384 1519 599 1559 itenisesee'ne
613 1518 695 1546 naci
706 1523 872 1547 enotatum
886 1523 984 1547 esset.
1031 1521 1064 1545 et
1087 1518 1162 1546 ciue
1179 1520 1212 1544 et
1233 1516 1340 1545 maris
1362 1517 1384 1545 f.
1399 1521 1439 1545 et.
1454 1513 1573 1544 15.-ee
1588 1519 1663 1544 ante
1677 1514 1752 1543 viae
1766 1517 1880 1544 exulat

67 1574 89 1596 a
101 1568 197 1596 Vulc.
210 1567 242 1593 2.

159 1609 207 1639 ad
221 1608 285 1637 lmc
305 1610 326 1638 f.
346 1606 375 1638 δ.
425 1607 574 1646 Dn‘nphes
592 1611 630 1638 D.
678 1607 779 1637 necde
797 1616 878 1637 suus
899 1618 928 1644 p.
943 1617 1003 1636 nee
1016 1606 1127 1635 adhuc
1140 1615 1221 1636 suus
1236 1609 1271 1636 G.
1288 1609 1317 1636 1.
1332 1608 1367 1635 O.
1382 1615 1418 1636 π.
1467 1604 1586 1642 hospes
1607 1608 1641 1632 et
1655 1604 1761 1632 amnis
1774 1612 1810 1633 π.
1836 1605 1879 1633 cf.

69 1658 213 1686 Broukh.
227 1657 269 1684 ad
283 1657 377 1690 Prop.
391 1656 431 1683 Π.
448 1656 499 1683 19.
513 1657 566 1683 30.
615 1653 734 1690 dyram
761 1657 797 1683 G.
818 1652 849 1683 1.
898 1653 1018 1682 duram
1040 1656 1075 1683 Ι..
1097 1656 1131 1683 0.
1179 1652 1361 1681 ultra-eam
1372 1660 1506 1690 peregr.
1523 1652 1542 1680 s.
1591 1649 1785 1678 inciderant
1798 1652 1834 1679 G.
1849 1651 1879 1678 2.

69 1703 106 1731 Ρ.
154 1699 325 1730 inciderat
349 1700 370 1728 f.
418 1700 508 1736 ipsa„
535 1703 627 1729 abest
651 1707 671 1729 a
697 1702 732 1729 G.
749 1702 778 1728 2².
799 1702 835 1729 P.
856 1700 877 1728 f.
899 1708 929 1734 p.
949 1702 986 1728 D.
1002 1708 1021 1728 a
1040 1708 1080 1728 m.
1097 1708 1124 1733 ρ.
1173 1699 1206 1726 in
1223 1707 1290 1736 qua
1304 1706 1367 1726 non
1382 1701 1543 1732 comparet
1561 1697 1593 1725 Iu
1606 1697 1640 1725 F.
1657 1698 1688 1724 3.
1713 1696 1748 1723 in
1761 1703 1830 1733 qua
1843 1697 1880 1724 G.

72 1749 101 1776 1.
115 1749 146 1775 2.
161 1748 197 1775 Ρ.
210 1747 249 1775 D.
264 1746 285 1774 f.
301 1743 329 1775 δ’.
344 1754 381 1774 π.
406 1748 443 1774 ln
457 1750 530 1774 cett.
542 1750 591 1774 est
605 1754 683 1783 qna.
733 1744 919 1773 rehebatur
931 1754 960 1780 p.
1010 1743 1288 1772 tribulationibus
1302 1745 1338 1772 L.
1353 1745 1391 1772 R.
1407 1743 1426 1771 t'.

128 1858 284 1896 iuxtim.
300 1855 410 1895 Male
419 1857 492 1895 hoc
499 1857 591 1895 abiit
604 1858 639 1894 in
651 1856 822 1895 nonnull.
833 1856 945 1895 codd.

71 1916 106 1953 in
122 1915 255 1958 iuxta,
269 1913 376 1963 quod
388 1917 533 1952 tantum
549 1913 750 1964 glossema
770 1914 854 1951 eius
874 1916 945 1951 est.

74 1970 204 2023 [Satis
224 1970 325 2008 enim
345 1970 444 2008 haec
465 1969 587 2008 forma
606 1970 824 2008 defenditur
843 1969 943 2007 Non.

72 2040 110 2079 p.
144 2030 234 2067 127.
260 2024 381 2065 Merv„
411 2026 568 2077 Forbig.
608 2027 657 2064 ad
688 2026 843 2064 Luc-ret.
876 2024 941 2062 lv.

73 2086 166 2123 502.
204 2082 312 2120 Suet.
350 2081 434 2121 Tib.
468 2086 531 2122 33.
568 2083 633 2120 ubi
683 2082 730 2121 cf.
769 2082 871 2120 Oud.
909 2086 947 2119 et

72 2138 196 2177 Wolf.
222 2137 349 2177 Hand.
377 2138 547 2177 Tursell.
575 2137 638 2176 111.
666 2153 702 2190 p.
730 2138 845 2190 543.]

131 2195 240 2234 olim.
266 2194 326 2246 [h.
343 2194 365 2232 Ι.
392 2197 472 2234 iam
492 2196 659 2246 pridem
684 2197 763 2233 iam
789 2194 945 2233 (ludum

74 2251 252 2296 denotat,
284 2264 362 2302 qua
391 2252 586 2289 sententia
618 2266 640 2289 a
667 2250 802 2289 Tacito
829 2251 944 2299 potis·

73 2309 214 2347 simum
242 2312 449 2358 usurpatur
479 2307 526 2345 cs.
557 2307 700 2358 Battig.
725 2307 823 2345 Lex.
851 2305 942 2344 Tac.

74 2378 112 2415 p.
139 2367 231 2404 331.
258 2363 454 2402 Schwarz.
487 2364 536 2402 ad
567 2362 667 2401 Plin.
693 2362 789 2402 Pan.
816 2367 879 2403 24.
916 2367 948 2402 1.

74 2420 240 2470 Baumg.
267 2418 375 2458 Crus.
403 2419 508 2458 Clav.
537 2420 645 2458 Suet.
672 2434 707 2471 p.
731 2425 823 2460 551.
843 2419 947 2471 sau]

131 2478 253 2516 maris
290 2481 327 2515 et
365 2478 459 2515 viae.
544 2477 597 2514 'ia
635 2476 718 2514 scil.
748 2477 950 2515 terrestris

74 2533 138 2572 hic
152 2533 331 2585 opposita
356 2537 418 2570 est
444 2534 547 2571 mari
555 2562 564 2576 ,
591 2533 639 2570 de
661 2547 737 2582 quo
759 2531 947 2571 usuOud.

76 2589 122 2628 cf.
160 2588 252 2627 Hor.
290 2587 366 2627 Od.
403 2588 448 2626 II.
488 2593 523 2629 6.
561 2593 597 2628 7.
635 2588 749 2627 Ovid.
786 2587 860 2640 Ep.
899 2601 948 2625 ex

75 2644 190 2684 Pont.
215 2645 264 2683 V.
290 2650 328 2685 4.
352 2646 390 2686 2
415 2646 533 2696 Apul.
560 2646 610 2682 de
636 2645 683 2683 D.
710 2645 750 2683 S.
789 2659 826 2696 p.
857 2647 947 2684 1159.

74 2701 193 2754 Apul.
225 2701 321 2740 Met.
354 2700 437 2739 ΥΙΙ.
472 2715 508 2752 p.
541 2707 634 2742 457.
674 2701 744 2753 [cs.
772 2701 872 2739 Lob.
899 2700 950 2739 ad

76 2758 200 2809 Soph.
225 2758 336 2797 Aiac.
364 2761 455 2798 328.
482 2772 517 2809 p.
545 2762 637 2798 234.
664 2758 724 2796 ed.
751 2757 805 2810 2.]
844 2779 850 2787 =

134 2813 222 2852 CAr.
240 2813 350 2852 XIV.
387 2815 562 2854 nec-dum
586 2828 679 2853 suus
704 2815 724 2852 i.
752 2828 784 2852 e.
810 2815 951 2854 mentIs

78 2871 231 2923 impos3
268 2871 315 2908 es.
341 2870 476 2909 Heius.
509 2871 558 2910 ad
589 2869 704 2908 Ovid.
743 2869 838 2908 Met.
883 2870 950 2908 XI.

80 2928 171 2968 723.
199 2926 256 2979 [et
281 2927 330 2966 ad
357 2926 419 2965 III.
447 2931 539 2968 689.
567 2926 614 2966 cf.
641 2927 729 2965 ibid.
757 2925 859 2965 Vlll.
886 2931 950 2968 35.

77 2983 221 3022 Arnob.
246 2982 272 3021 l.
302 2988 364 3024 12.
391 2989 481 3023 tuus
505 2984 594 3036 sis.]

135 3039 266 3079 hostes
278 3041 537 3079 —incidant
562 3040 643 3091 [De
657 3052 763 3078 more
777 3043 949 3078 veterum

78 3096 238 3134 inlinicis
258 3110 305 3134 ea
324 3097 559 3149 imprecandi
579 3096 827 3141 saevissima,
847 3110 949 3147 quae

78 3152 153 3203 ipsi
179 3152 242 3191 vel
267 3154 551 3203 perpetiuntur,
577 3153 638 3190 vel
659 3152 841 3205 perpessi
867 3151 947 3192 fue·

1005 1859 1090 1895 rant
1115 1855 1163 1894 cs.
1191 1868 1291 1903 quae
1312 1853 1418 1904 larga
1444 1867 1559 1892 manu
1584 1851 1729 1904 profert
1747 1851 1879 1891 Barth.

1005 1913 1171 1950 Advers.
1197 1909 1407 1956 XXXIV..
1438 1915 1499 1950 15.
1525 1923 1562 1960 p.
1592 1908 1729 1960 1572]

1062 1967 1300 2008 turbinibus.
1326 1966 1466 2005 Rarior
1491 1970 1554 2004 est
1573 1965 1746 2004 nonnull.
1767 1965 1879 2004 codd.

1002 2027 1191 2076 scriptura
1227 2023 1578 2067 tribulationibus,
1621 2035 1737 2072 quam
1780 2034 1881 2072 quae

1006 2086 1084 2120 tam
1108 2081 1276 2118 breviter
1306 2080 1354 2118 ab
1381 2078 1483 2118 Oud.
1510 2079 1685 2117 debuerit
1714 2077 1879 2116 absolvi.

1006 2137 1128 2175 Miror
1153 2137 1255 2174 enim
1280 2137 1345 2187 qui
1365 2137 1450 2174 oriri
1470 2137 1657 2188 potuerit,
1683 2148 1802 2185 quum
1823 2134 1880 2172 lit-

1005 2198 1170 2232 terarum
1207 2193 1372 2243 vestigia
1407 2196 1487 2230 tam
1531 2192 1646 2243 longe
1683 2191 1882 2236 recedant,

1003 2254 1045 2288 ut
1068 2251 1102 2287 si
1128 2263 1198 2301 per
1222 2248 1403 2287 meliores
1430 2249 1548 2287 libros
1574 2249 1726 2294 liceret,
1753 2247 1882 2286 luben-

1004 2311 1060 2344 ter
1085 2319 1173 2344 eam
1198 2305 1465 2358 amplecterer.
1516 2306 1729 2345 Tribulum
1753 2308 1882 2343 autem

1008 2376 1040 2401 s.
1067 2363 1238 2407 tribula,
1265 2363 1369 2414 quod
1394 2362 1604 2414 petendum
1630 2365 1692 2400 est
1717 2376 1740 2400 a
1762 2363 1882 2413 τρίβο-

1009 2421 1073 2465 ὶ.ος
1117 2419 1165 2457 cf.
1201 2419 1309 2457 Anse
1346 2418 1580 2457 de·Vill‹›is.
1612 2419 1662 2457 ad
1686 2417 1812 2466 Long.
1844 2430 1880 2468 p.

1010 2480 1103 2516 220.
1141 2477 1180 2514 fit
1217 2489 1239 2513 e
1275 2476 1411 2514 tabula
1449 2475 1645 2527 lapidibus
1683 2478 1749 2513 aut
1779 2473 1878 2511 ferro

1007 2538 1209 2584 asperata,
1236 2545 1337 2582 quae
1357 2533 1540 2583 imposito
1561 2533 1693 2581 auriga
1711 2534 1777 2568 aut
1788 2544 1881 2582 pon-

1007 2589 1100 2627 dere
1124 2589 1258 2638 grandi
1283 2588 1442 2627 trahitur
1466 2588 1645 2626 iumentis
1665 2588 1816 2632 iunctis,
1840 2590 1883 2624 ut

1007 2646 1188 2684 discutiat
1202 2659 1224 2682 e
1236 2646 1345 2696 spica
1359 2658 1488 2694 grana.
1505 2644 1571 2682 Sic
1580 2642 1881 2695 explicatVarro

1007 2701 1056 2740 R.
1081 2701 1129 2740 R.
1155 2701 1181 2739 l.
1209 2706 1273 2742 52.
1304 2707 1336 2741 1.
1365 2700 1448 2739 lntt.
1474 2701 1524 2739 ad
1550 2700 1656 2750 Yirg.
1684 2699 1826 2750 Georg.
1853 2698 1881 2737 1.

1013 2761 1102 2799 164.
1129 2757 1251 2796 Orell.
1284 2758 1333 2795 ad
1359 2757 1503 2795 Arnob.
1530 2755 1573 2794 Il.
1607 2770 1638 2794 e.
1665 2759 1729 2796 23.
1764 2755 1809 2794 Τ.
1835 2754 1880 2793 II.

1010 2828 1046 2866 p.
1061 2815 1126 2856 35.
1148 2814 1364 2854 Tribulure
1389 2815 1519 2864 itaque
1545 2818 1606 2851 est
1631 2813 1784 2851 tribulo
1809 2812 1882 2851 ali-

1012 2871 1116 2924 quid
1159 2874 1322 2923 faeere:
1367 2870 1509 2908 deinde
1553 2883 1700 2915 verare
1732 2882 1883 2920 uryere

1011 2928 1115 2980 apud
1154 2928 1339 2965 Catonem
1374 2931 1412 2963 et
1438 2925 1585 2964 Colum.
1618 2925 1722 2963 unde
1758 2925 1881 2964 tribu-

1008 2985 1110 3023 latio
1148 2988 1210 3021 est
1249 2985 1411 3022 ruratio
1449 2982 1553 3034 apud
1593 2981 1752 3020 Tertull.
1794 2981 1882 3019 adv.

1007 3039 1087 3079 Iud.
1114 3054 1145 3078 c.
1165 3039 1210 3078 Il.
1236 3039 1275 3077 In
1303 3039 1463 3077 Glossis
1487 3038 1642 3077 Philox.
1670 3038 1883 3078 tribulatio

1005 3099 1148 3147 θλίψις
1161 3095 1387 3148 explicatur,
1402 3095 1506 3146 quod
1522 3108 1704 3146 graecum
1716 3094 1883 3133 vocabu-

1006 3152 1084 3191 lum
1093 3167 1339 3206 pressuram,
1361 3165 1571 3204 majorem,
1585 3151 1808 3191 molestiam
1831 3152 1884 3189 in-
