2155 3590
11 124 27 134 s

648 129 835 169 LIBER
866 129 940 168 llI.

1001 129 1126 169 (ΑΡ.
1161 128 1278 166 xm.
1789 121 1866 171 173

7 260 41 275 x
80 248 158 280 tum
190 240 305 281 venia
336 241 451 281 facile
482 240 642 281 tributa.
693 240 747 281 Et
777 242 951 282 abiectus
976 242 1016 281 in
1041 234 1183 282 lectulo
1208 254 1314 290 meo,
1343 253 1442 293 quae
1468 246 1580 294 gesta
1606 240 1764 281 fuerant
1788 241 1867 281 sin-

80 297 169 350 gula
189 304 361 339 moestus
381 297 633 347 recordabar,
662 299 788 350 quoad
807 299 961 338 tandem
983 297 1092 338 Fotis
1118 311 1219 347 mea,
1248 296 1427 336 dominae
1453 309 1547 336 suae
1573 296 1704 336 cubitu
1728 306 1868 350 procu-

79 360 186 403 rato,
215 353 415 407 sui‘longe
440 353 638 393 dissimilis
664 354 836 395 advenit.
885 354 978 395 Non
1004 354 1106 394 enim
1131 354 1233 394 laeta
1259 353 1358 393 facie
1389 366 1462 392 nec
1487 366 1668 393 sermone
1693 353 1868 393 dicacula

79 410 146 449 sed
176 409 396 450 vultuosam
428 410 597 450 frontem
630 410 738 464 rugis
770 411 1064 465 insurgentibus
1089 409 1362 450 adseverabat.
1415 407 1636 449 Contanter
1667 422 1712 449 ac
1737 409 1869 467 timide

78 526 152 554 inde
165 527 282 561 recepi.
305 528 342 556 In
355 526 489 561 reliquis
503 530 608 555 extat:
633 526 778 555 cubitum
793 527 1009 566 venz‘afaev‘le
1023 526 1152 556 tributa
1166 524 1316 555 concedo.
1353 525 1493 553 abiectis
1506 527 1542 554 L.
1573 524 1697 553 lectulo
1707 526 1869 562 prim’nP.

78 574 224 599 moestus
237 574 322 600 male
335 572 483 600 omittunt
494 574 578 600 Iunt.
594 573 622 601 1.
637 574 667 601 2.
681 574 757 601 ΑΜ.

805 572 956 609 singulae
980 574 1097 604 Venet.
1119 574 1150 602 2.

1197 570 1326 600 domino
1352 578 1412 599 sun
1430 572 1467 600 1).
1510 573 1696 607 procreato
1717 571 1739 600 f.
1786 572 1871 599 enim

79 616 206 645 omnino
219 624 281 645 non
294 618 442 652 agnoscit
454 618 491 645 F.
505 619 531 645 1.
568 624 625 644 ens
639 620 734 646 habet
750 626 804 652 pro
818 618 903 644 enim
916 619 990 647 F.3.
1005 619 1040 646 G.
1048 619 1177 647 D.B.7t.
1185 620 1222 646 Z.
1258 625 1318 645 nec
1331 623 1364 644 es
1378 624 1408 651 p.
1442 624 1507 643 non
1520 616 1590 643 eins
1603 616 1624 645 f.
1634 618 1672 644 R.
1708 624 1773 643 non
1786 617 1871 644 enim

79 662 112 689 0.
128 658 157 689 δ’.
189 664 222 689 el
235 668 386 689 sermone
394 663 474 690 Ρ.π.
510 660 667 690 dicacula
678 664 715 691 R.
727 663 747 691 f.
763 665 845 696 quod
859 664 938 691 Oud.
952 666 1075 699 probat,
1090 664 1118 691 si
1133 663 1206 697 quis
1219 669 1400 690 sermonem
1414 663 1510 694 legat.
1548 659 1708 688 doc-uculo
1718 662 1832 690 Venet.
1842 663 1871 690 ⁶2.

70 706 203 746 faciem
212 707 429 747 profrontem
438 707 460 737 f.
487 711 668 735 contanter
676 707 916 736 actitm'ct'eF.3.
927 710 962 737 G.
972 709 1009 737 1).
1019 712 1047 737 et
1057 716 1168 737 omnes
1177 709 1328 737 eddsett.
1342 709 1380 736 In
1388 707 1523 741 reliquis
1537 714 1651 735 rursus
1659 709 1872 735 cunctanter.

136 819 218 844 non
243 807 344 844 enim
359 806 468 845 laeta
486 807 614 858 facie.
653 806 726 858 [lta
746 820 831 844 cum
845 806 947 845 oud.

80 875 129 900 ex
165 860 294 900 d'OrV.
333 866 371 900 et
408 861 536 901 Oxon.
574 864 724 914 recepi,
762 863 864 913 quod
901 876 949 901 ex

80 918 308 970 compendio
335 920 544 970 scripturae
565 919 747 957 facillime
772 919 857 957 oriri
881 933 948 971 po-

78 975 166 1020 tuit,
182 971 425 1026 ¹quamquam
451 977 538 1026 ipse
563 976 746 1014 confiteor
770 979 948 1014 constan-

80 1032 172 1069 tiam
185 1044 247 1069 me
258 1030 436 1070 librorum
450 1032 589 1077 mirari,
599 1032 711 1082 quies
720 1032 778 1069 vel
790 1046 857 1071 ens
867 1032 947 1069 fere

81 1101 216 1126 omnes
248 1087 443 1126 exhibent.
491 1087 591 1126 Hinc
620 1088 763 1127 factum
795 1092 875 1134 est,
907 1091 949 1125 ut

82 1144 245 1182 diversis
289 1144 399 1182 locus
449 1145 679 1182 coniecturis
728 1148 946 1182 tentaretur.

82 1199 240 1238 Colvius
258 1200 380 1238 voluit
401 1200 532 1239 addita
551 1200 707 1251 syllaba
725 1200 840 1237 scribi
866 1213 947 1238 non

79 1258 208 1295 nitens
240 1256 347 1295 laeta
375 1258 509 1308 facim
541 1256 723 1294 Brantius
755 1270 806 1294 ea:
838 1256 947 1294 laeta

77 1311 209 1365 facies,
235 1313 294 1351 cui
317 1311 473 1350 lectioni
497 1311 645 1363 duplex
671 1312 803 1350 obstat
826 1312 946 1362 impe-

81 1369 308 1414 dimentum,
340 1369 500 1419 primum
533 1368 636 1419 quod
663 1368 798 1405 mirum
824 1372 946 1411 esset,

81 1424 277 1475 quomodo
331 1426 659 1476 praepositionem
707 1424 945 1462 tritissimum

81 1481 247 1520 omnium
274 1495 409 1519 omnes
443 1480 587 1520 librarii
624 1484 860 1519 commutare
882 1493 949 1531 po-

80 1540 264 1583 tuissent,
289 1542 369 1576 tum
395 1537 499 1587 quod
524 1537 744 1587 exlegibus
764 1550 950 1587 gramma-

82 1594 168 1632 ticis
206 1594 444 1645 praepositio
482 1608 535 1633 ex
570 1595 623 1632 ita
666 1595 796 1644 posita
844 1593 949 1631 nullo

81 1650 196 1688 modo
223 1650 379 1689 defendi
406 1651 507 1689 licet.
538 1649 661 1689 Plane
681 1650 752 1689 alia
774 1651 873 1688 enim
890 1653 952 1687 est

80 1708 174 1745 ratio
202 1706 277 1745 loci
297 1706 415 1758 Apul.
430 1706 524 1745 Met.
539 1705 584 1746 ll.
604 1720 640 1758 p.
666 1710 754 1747 169.
781 1721 833 1746 ea·
851 1720 950 1746 sum-

82 1764 154 1802 mis
167 1763 317 1803 viribus
330 1765 538 1809 irruentes,
560 1764 610 1802 ad
629 1777 745 1814 quem
766 1768 951 1814 provocat

82 1819 213 1858 Brant.
261 1819 348 1858 Hoc
385 1819 663 1870 aliquantulum
695 1820 782 1870 ipse
812 1819 950 1857 intelli-

82 1889 178 1926 gens
204 1879 375 1914 sectator
405 1877 479 1914 iste
509 1877 691 1915 novitatis
722 1877 949 1914 temerarius

84 1932 161 1983 legi
187 1932 292 1970 iubet
316 1932 483 1972 exlaeta
509 1933 612 1984 quod
643 1932 785 1971 (lictum
809 1934 878 1977 sit,
910 1935 951 1969 ut

83 1988 302 2041 eat-pallido
327 2001 389 2039 ap.
415 1989 524 2027 Suet.
546 1988 667 2039 Calig.
699 2002 730 2027 c.
756 1994 789 2028 1.
817 1989 951 2028 exari-

84 2046 177 2090 ‹Ius,
203 2045 434 2089 exalbidus,
459 2045 701 2098 expnriclus.
740 2045 789 2083 ct'.
815 2044 950 2082 Munk.

84 2101 134 2140 ad
164 2100 282 2139 Albn.
321 2101 371 2138 de
406 2100 526 2140 Deor.
563 2101 681 2151 Imag.
708 2100 735 2139 Ι.
773 2115 812 2152 p.
838 2104 951 2146 896.‚

85 2170 198 2208 quam
232 2156 500 2195 formationem
528 2161 571 2196 ut
599 2157 822 2195 inusitatam
848 2156 954 2195 Oud.

85 2213 221 2251 aeriter
243 2212 566 2265 reprehendebat.
614 2212 725 2251 Haec
756 2214 856 2251 enim
888 2213 954 2251 ad-

84 2270 234 2315 iectiva,
248 2272 429 2320 quantum
445 2270 623 2321 equidem
637 2269 852 2321 intelligere.
865 2282 955 2320 pos-

85 2339 191 2372 sum,
227 2330 307 2363 tum
332 2327 596 2364 tantummodo
622 2327 657 2363 in
684 2339 757 2364 usu
782 2325 956 2364 videntur

88 2381 230 2428 fuisse,
261 2382 325 2419 ubi
350 2382 511 2421 verbum
541 2396 626 2420 cum
657 2382 795 2420 eadem
821 2395 953 2434 praep.

86 2440 342 2490 compositum
368 2440 539 2477 occurrit.
578 2439 789 2490 Sopingius
816 2438 953 2476 melius

86 2494 251 2533 coniecit
264 2496 305 2533 in
319 2494 427 2534 laeta
438 2497 567 2547 faeie:
595 2495 753 2546 Sciopp.
770 2495 952 2546 Suspect.

85 2549 148 2589 111.
183 2554 244 2591 16.
278 2551 384 2590 elata
415 2551 479 2590 rel
508 2556 693 2590 onestata
721 2553 836 2603 faeie
865 2564 953 2589 sen-

84 2607 207 2646 tentia
229 2611 371 2658 postea
396 2611 576 2646 retracta:
603 2607 778 2646 Groslot.
803 2620 882 2646 non
907 2621 953 2646 ea

87 2664 113 2702 l.
136 2666 170 2715 f.
209 2664 295 2702 Ens
323 2664 480 2714 antique
511 2677 579 2715 pro
609 2665 783 2703 existens
812 2664 954 2702 dictum

85 2720 225 2771 probat
254 2719 376 2758 Voss.
409 2720 459 2758 de
488 2720 659 2770 Analog.
690 2719 752 2758 Ill.
789 2733 827 2771 p.
863 2723 954 2760 128.

85 2774 234 2815 Fen-rar.
244 2776 370 2815 Elect.
385 2774 410 2814 I.
429 2781 490 2816 14.
516 2790 589 2814 nec
601 2776 829 2827 improbavit
841 2775 957 2821 Oud.9

87 2835 129 2870 ut
158 2834 273 2870 etiam
304 2831 439 2871 Eckst.
470 2846 582 2871 meus
614 2832 660 2870 ad
688 2832 810 2870 Voss.
836 2832 954 2871 Arist.

88 2887 198 2927 Tom.
212 2887 254 2927 ll.
269 2902 304 2940 p.
322 2892 414 2929 873.
440 2889 570 2928 voluit.
618 2887 706 2926 Non
731 2889 951 2927 inusitatam

88 2944 212 2983 fuisse
236 2944 338 2984 hanc
362 2944 524 2983 sormam
550 2945 757 2991 Romanis,
790 2949 953 2996 apparet

88 3013 138 3038 ex
167 2999 324 3047 Quintil.
356 3000 464 3040 lnstt.
496 3001 599 3039 VIII.
632 3005 667 3041 3.
705 3000 734 3050 δ.
768 3005 851 3049 33.;
887 3001 952 3039 ubi

89 3055 266 3108 Sergium
281 3057 458 3096 Flavium
484 3059 651 3096 nominat
675 3070 780 3102 eum,
806 3057 868 3108 qui
887 3070 952 3095 vo-

89 3112 227 3150 cabula
252 3127 318 3152 ens
348 3117 386 3151 et
415 3116 583 3153 essenh'a
616 3113 802 3152 latinitate
834 3114 952 3152 ‹lona-

1007 807 1121 851 verit,
1159 819 1394 857 quamquam
1429 806 1503 857 ipsi
1540 805 1634 843 dura
1664 805 1873 843 admodum

1006 863 1193 901 videntur.
1241 861 1453 900 Praeterea
1481 875 1544 900 me
1581 861 1741 899 offendit
1778 875 1873 899 usus

1007 919 1211 970 participii,
1249 920 1313 969 qui
1345 918 1451 957 nullo
1482 918 1662 969 exemplo
1682 917 1873 956 >illustrari

1008 976 1166 1026 poterit,
1199 988 1314 1025 quum
1339 975 1430 1013 mihi
1461 988 1617 1026 semper
1640 975 1873 1013 substantivi

1006 1033 1082 1069 vim
1107 1031 1279 1069 induisse
1305 1031 1494 1077 videatur,
1521 1032 1595 1069 etsi
1612 1031 1873 1069 testimonium

1006 1088 1096 1125 mihi
1127 1088 1226 1125 satis
1258 1091 1390 1126 notum
1422 1091 1483 1125 est
1513 1086 1696 1125 Priscian.
1730 1086 1873 1125 XVIII.

1007 1158 1037 1181 c.
1065 1148 1100 1183 8.
1128 1143 1238 1181 Tum.
1266 1142 1309 1180 Il.
1336 1158 1372 1194 p.
1406 1147 1494 1183 136.
1520 1143 1675 1188 Krehl„
1702 1145 1766 1194 qui
1782 1142 1876 1181 Cae-

1006 1212 1136 1238 sarem
1161 1213 1235 1236 non
1261 1200 1468 1250 incongrue
1488 1200 1541 1237 ait
1566 1213 1634 1240 ens
1665 1199 1876 1250 protulisse

1006 1269 1029 1293 a
1054 1255 1171 1293 verbo
1196 1269 1280 1293 sum
1305 1255 1500 1305 quomodo
1526 1269 1550 1294 a
1574 1256 1690 1294 verbo
1713 1271 1878 1307 possum.

1002 1316 1162 1363 potens.
1205 1309 1256 1349 Et
1280 1311 1452 1349 fortasse
1479 1311 1686 1350 emendare
1712 1313 1763 1353 ita
1789 1313 1877 1351 licet

1007 1368 1134 1405 locum
1160 1366 1293 1417 fragm.
1320 1368 1450 1405 incerti
1476 1368 1549 1405 sed
1568 1369 1708 1406 aetatis
1727 1373 1876 1419 postre-

1004 1438 1092 1462 mae
1123 1423 1340 1474 scriptoris‚
1385 1423 1489 1474 quod
1521 1428 1633 1462 antea
1665 1423 1875 1463 Censorino

1008 1480 1244 1518 tribuebatur
1258 1479 1513 1531 eiusdemque
1528 1479 1760 1519 editionibus
1776 1495 1879 1520 sene,

1008 1550 1078 1587 per
1103 1536 1296 1574 adnexum
1321 1540 1383 1574 est
1407 1551 1439 1575 c.
1466 1540 1502 1576 3.
1530 1537 1636 1576 Iovis
1659 1538 1776 1577 stella
1791 1568 1805 1586 ³.
1821 1569 1828 1576 .
1846 1568 1853 1576 .
1869 1568 1878 1577 .

1008 1594 1204 1632 salutaris
1230 1598 1270 1631 et
1292 1597 1518 1645 temperata
1543 1598 1582 1632 et
1604 1595 1797 1634 universis
1816 1608 1878 1632 en-

1009 1650 1114 1688 tibus
1124 1662 1339 1702 prospera.
1362 1649 1481 1701 [Mss.
1497 1651 1680 1690 euntibus
1693 1650 1755 1688 vel
1771 1664 1878 1690 even-r

1009 1707 1115 1745 tibus
1141 1707 1211 1744 nisi
1237 1705 1350 1744 malis
1376 1706 1623 1759 virentibus]

1068 1819 1290 1858 rultuosam
1317 1822 1507 1870 frontem.
1569 1819 1784 1872 [Vedtaosi
1814 1835 1879 1859 no-

1009 1877 1214 1920 minantur,
1242 1875 1304 1925 qui
1320 1879 1411 1913 sunt
1430 1889 1494 1913 ore
1512 1876 1608 1914 tristi
1624 1889 1669 1913 ac
1683 1877 1879 1915 severiore

1011 1932 1058 1970 cf.
1085 1931 1160 1970 ind.
1186 1930 1285 1969 Elm.
1311 1932 1361 1970 ad
1380 1932 1498 1983 Apul.
1524 1945 1557 1970 s.
1579 1945 1612 1970 v.
1641 1931 1803 1971 Taubm.
1829 1934 1880 1972 ad

1010 1987 1202 2038 Amphitr.
1217 1988 1441 2038 Argument.
1456 2001 1491 2039 p.
1509 1992 1545 2029 6.
1565 1993 1604 2027 et
1623 1990 1685 2040 qui
1711 1984 1882 2028 omnium

1011 2044 1305 2083 accuratissime
1329 2043 1379 2082 de
1405 2057 1451 2083 eo
1478 2057 1560 2083 voc.
1581 2047 1660 2096 egit
1679 2045 1808 2084 Burm.
1830 2047 1880 2085 ad

1011 2100 1128 2152 Prop.
1155 2099 1181 2138 1.
1209 2104 1244 2140 8.
1272 2104 1336 2140 43.
1385 2100 1473 2139 Nec
1503 2101 1678 2140 dubitare
1709 2102 1881 2141 debebat

1011 2155 1144 2208 Kopp.
1169 2156 1219 2194 ad
1244 2155 1357 2195 Mart.
1374 2156 1522 2209 Capell.
1539 2158 1665 2197 locum
1679 2157 1769 2210 11.§.
1788 2164 1878 2200 127.

1012 2227 1048 2264 p.
1080 2216 1175 2253 182:
1205 2218 1416 2253 matronae
1444 2214 1583 2253 sobrio
1614 2216 1764 2255 decore
1795 2216 1879 2255 ltm-

1016 2268 1173 2308 [labiles
1196 2282 1270 2308 nec
1289 2272 1527 2323 conquisitis
1542 2273 1746 2324 fiymentz‘s
1765 2274 1880 2311 circa

1010 2327 1162 2377 faciem
1180 2325 1403 2365 vultuosam
1427 2341 1561 2367 verum
1580 2329 1756 2379 simplici
1781 2343 1879 2382 qua·

1014 2383 1109 2421 clam
1134 2383 1322 2421 comitale
1342 2386 1617 2434 praenitentes
1636 2385 1687 2422 ita
1707 2398 1800 2423 esse
1814 2398 1878 2422 ex-

1013 2438 1252 2489 plicandum,
1278 2451 1394 2490 quum
1414 2439 1480 2478 ille
1493 2453 1696 2492 perperam
1710 2455 1785 2481 nec
1800 2441 1878 2480 rul-

1012 2499 1172 2534 temsae:
1210 2509 1284 2534 προ
1320 2499 1536 2549 affectatae
1570 2497 1771 2548 intelligat.
1821 2497 1879 2536 Ita

1012 2550 1184 2590 sortasse
1217 2551 1326 2590 locus
1363 2557 1517 2604 poterat
1541 2553 1715 2599 defendi,
1748 2558 1788 2592 ut
1812 2556 1877 2605 fig-

1011 2612 1142 2646 menta
1166 2608 1215 2646 de
1241 2608 1328 2646 suco
1354 2610 1626 2660 interpreteris,
1652 2624 1728 2661 quo
1747 2610 1878 2649 vultus

1013 2666 1288 2715 exprimantur,
1314 2678 1413 2715 quos
1438 2679 1618 2718 quaeque
1643 2666 1800 2705 induere
1816 2680 1878 2705 ve-

1012 2719 1066 2759 lit.
1103 2720 1250 2759 Melius
1274 2725 1402 2760 tamen
1429 2723 1610 2773 figmenta
1633 2722 1683 2760 de
1706 2722 1878 2762 vultuum

1013 2775 1262 2816 simulatione
1286 2777 1457 2829 accipias
1483 2782 1522 2816 et
1546 2779 1676 2817 colore
1701 2779 1807 2826 ficto,
1837 2784 1880 2819 ut

1012 2833 1102 2872 inde
1122 2835 1289 2884 gravitas
1305 2834 1493 2884 quaedam
1516 2835 1672 2881 oriatur,
1694 2838 1794 2888 quae
1808 2850 1879 2875 nec

1008 2891 1180 2928 moribus
1212 2903 1283 2928 nec
1312 2895 1446 2928 natura
1475 2896 1698 2942 comparata
1728 2896 1806 2939 cst,
1839 2897 1878 2931 et

1008 2946 1112 2984 tales
1137 2946 1319 2985 mulieres
1344 2951 1586 2998 opponantur
1602 2948 1667 2995 iis,
1693 2962 1794 3000 quae
1812 2963 1876 2989 na-

1008 3002 1119 3041 turali
1156 3017 1228 3041 suo
1267 3003 1457 3053 adspectu
1492 3009 1583 3042 sunt
1622 3007 1876 3056 gravissimae

1009 3071 1082 3097 nec
1112 3058 1199 3097 suco
1230 3059 1419 3109 indigent,
1457 3063 1499 3098 ut
1528 3061 1777 3102 sobrietatem
1814 3077 1874 3102 co·

1009 3116 1259 3166 unitatemque
1283 3129 1375 3166 prae
1401 3129 1447 3154 se
1472 3116 1625 3170 serant]
