2155 3590
600 141 790 181 LIBER
818 141 889 181 Vl.
948 140 1075 181 CAP.
1105 139 1202 180 XX.
1230 138 1352 179 XXI.
1770 134 1854 178 467

76 254 158 296 eius
182 253 358 294 residens
389 253 564 302 humilis,
598 260 636 292 et
667 253 813 294 cibario
837 267 937 308 pane
962 260 1145 294 contenta
1168 251 1392 293 veneream
1417 248 1575 303 pertulit
1599 247 1850 302 legationem.

76 309 289 362 Statimque
306 316 458 349 secreto
477 309 665 362 repletam
690 310 988 364 conclusamque
1014 309 1197 364 pyxidem
1222 306 1398 360 susc-ipit,
1426 312 1466 345 et
1490 305 1629 344 offulae
1654 301 1854 357 sequentis

73 366 208 406 fraude
222 365 372 405 caninis
391 365 598 405 latratibus
616 365 807 405 obseratis
822 366 1053 418 residuaque
1068 364 1224 405 navitae
1237 362 1389 404 reddita
1411 361 1524 414 stipe,
1546 360 1661 413 longe
1675 358 1856 412 vegetior

74 422 119 462 ab
151 421 288 461 inferis
320 421 498 461 recurrit.
558 420 612 461 Et
641 422 807 475 repetita
836 429 951 474 atque
981 422 1143 461 adorata
1180 419 1340 461 candida
1371 418 1447 457 ista
1478 417 1585 465 luce,
1624 427 1855 468 quamquam

72 477 262 518 festinans
289 477 513 530 obsequium
540 477 775 527 terminare,
803 485 971 518 mentem
997 478 1149 531 capitur
1173 474 1382 517 temeraria
1402 471 1645 513 curiositate.
1672 469 1726 510 Et
1745 483 1852 519 ecc-e,

69 533 215 586 inquit,
243 533 398 587 ineptae
424 533 578 573 divinae
605 533 860 573 formositatis
887 534 1040 587 gerula,
1069 546 1167 587 quae
1192 545 1264 572 nec
1290 529 1482 570 tantillum
1509 528 1662 581 quidem
1687 526 1856 566 indidem

69 589 163 630 mihi
187 589 334 640 delibo,
361 589 424 630 vel
449 589 505 629 sic
529 589 585 629 illi
610 589 777 630 amatori
801 603 887 630 meo
913 590 1086 630 formoso
1110 588 1316 644 placitura.

619 750 1055 799 CAPUT
1148 748 1315 797 XXI.

182 881 235 924 Et
267 898 349 925 cum
383 883 484 924 dieto
514 891 670 925 reserat
699 884 899 939 pyxidem.
946 883 1033 924 Nec
1064 883 1270 937 quicquam
1295 881 1349 921 ibi
1373 893 1504 921 rerum
1537 892 1609 919 nec
1634 876 1859 918 formositas

66 1016 111 1042 ee.
132 1014 213 1047 quod
240 1017 314 1042 ante
339 1012 465 1040 cibario
492 1017 596 1050 extat,
623 1022 684 1042 non
710 1016 891 1049 agnoscunt
915 1013 950 1041 F.
979 1014 1007 1040 1.
1034 1013 1070 1040 G.
1094 1013 1132 1040 P.
1158 1013 1195 1039 D.
1220 1013 1255 1040 0.
1280 1011 1317 1039 B.
1343 1009 1366 1038 f.
1392 1018 1422 1044 p.
1448 1005 1476 1037 ὃ.
1523 1005 1659 1044 κρανία
1685 1006 1706 1035 f.
1731 1005 1862 1034 vitiose.

67 1059 235 1086 veneriam
261 1060 298 1087 G.
324 1056 352 1087 δ.
379 1067 408 1092 p.
434 1059 503 1087 edd.
528 1062 606 1087 vett.
647 1057 850 1096 Venerisque
874 1059 912 1087 D.
955 1055 1107 1093 perculit
1131 1059 1234 1090 marg.
1258 1057 1334 1084 Bas.
1353 1057 1384 1083 2.
1421 1055 1597 1087 Perperam
1616 1059 1693 1080 vero
1712 1052 1861 1079 &Voweiz

67 1107 220 1138 sequente
235 1111 307 1131 eum
321 1104 421 1139 Pric.‚
447 1103 639 1132 auctoritate
653 1105 743 1132 codd.
757 1105 792 1132 P.
807 1107 835 1132 et
851 1113 902 1139 ᾳ..
929 1103 982 1130 cui
996 1103 1155 1130 accedunt
1169 1104 1205 1129 (1¹.
1220 1104 1249 1128 et
1263 1101 1319 1137 D.‚
1346 1099 1514 1132 rescripsit
1529 1095 1689 1134 protulit.
1737 1103 1861 1122 concu-

66 1147 174 1175 lasam
188 1155 243 1181 pro
258 1147 447 1175 conclusam
462 1149 500 1177 D.
549 1148 698 1184 suscepit
710 1157 738 1183 p.
788 1146 988 1183 residuaque
1007 1147 1043 1174 F.
1057 1148 1087 1174 3.
1103 1148 1137 1174 G.
1153 1154 1183 1180 p.
1198 1143 1227 1173 δ.
1243 1144 1264 1172 f.
1279 1146 1314 1172 Ο.
1333 1144 1461 1172 Vieent.
1476 1144 1560 1171 lunt.
1578 1144 1606 1171 1.
1621 1143 1652 1169 2.
1666 1141 1742 1170 Aid.
1757 1139 1862 1169 Colin.

65 1195 101 1222 In
116 1197 186 1221 cett.
201 1195 235 1218 et
246 1191 393 1220 residua.
443 1192 536 1220 emtis
552 1193 573 1221 f.
621 1195 749 1220 multae
763 1190 792 1220 δ.
838 1191 946 1228 igitur
959 1191 1108 1227 repetita
1120 1192 1156 1218 F.
1176 1192 1200 1218 1.
1214 1193 1294 1217 teste
1306 1190 1390 1218 Elm.
1417 1189 1477 1216 Sed
1493 1187 1642 1223 repetita
1654 1185 1761 1222 igilur
1774 1187 1864 1213 extat

67 1239 98 1266 in
113 1238 286 1266 collatione
298 1238 512 1272 Lindenbrog.
523 1261 529 1265 .
548 1241 577 1265 ut
594 1238 625 1265 in
640 1239 720 1265 Edd.
733 1239 816 1266 Elui.
830 1237 935 1264 Scriv.
953 1237 1075 1264 Florid.
1099 1237 1137 1263 In
1150 1238 1223 1262 cett.
1237 1236 1273 1260 et
1284 1233 1434 1269 repetita
1447 1236 1568 1269 atque:
1584 1232 1665 1260 utin
1678 1231 1714 1259 F.
1728 1232 1758 1258 3.
1775 1231 1811 1258 G.
1824 1230 1863 1257 D.

66 1285 203 1312 Vulc.‘·‘.
229 1284 307 1311 Oud.
333 1285 455 1312 mavult
481 1285 529 1310 (ιι.
576 1281 725 1309 odoram
750 1291 780 1317 p.
818 1280 1028 1319 festinantis
1055 1282 1090 1308 P.
1105 1282 1141 1308 G.
1192 1279 1395 1306 terminaret
1406 1279 1520 1306 Venet.
1536 1278 1566 1304 4.
1592 1278 1669 1304 Bas.
1688 1277 1714 1302 1.
1741 1275 1863 1308 enlin..

67 1329 146 1362 quod
162 1332 282 1357 tantum
297 1330 462 1362 glossema
475 1331 534 1355 est.
558 1330 667 1353 neema
679 1327 818 1363 eapitur
832 1324 1018 1353 temeraria
1032 1325 1246 1352 curiositate.
1274 1325 1419 1358 Quatuor
1431 1325 1492 1350 hae
1504 1329 1605 1349 voces
1618 1320 1761 1349 omissae
1774 1322 1867 1348 erant

66 1381 86 1402 a
99 1382 126 1408 p.
141 1381 180 1401 m.
195 1374 263 1401 cod.
277 1373 312 1400 0.
360 1375 500 1400 mentem
514 1373 549 1400 F.
564 1374 594 1400 3.
619 1374 656 1400 ln
671 1372 804 1405 reliquis
818 1371 967 1399 omnibus
981 1373 1099 1397 mente.
1148 1368 1258 1404 inepte
1272 1369 1307 1396 F.
1322 1370 1352 1396 3.
1368 1369 1403 1395 G.
1418 1368 1456 1395 Ι).
1471 1367 1507 1395 Ρ.
1521 1368 1558 1394 R.
1575 1365 1596 1393 t.
1612 1367 1646 1393 0.
1670 1367 1709 1393 In
1728 1364 1865 1398 reliquis

64 1417 188 1454 inepta.
224 1418 389 1453 egu.‹1110d
403 1421 478 1446 ante
490 1415 625 1444 dirime
638 1417 671 1445 in
685 1416 854 1445 nonnullis
866 1416 960 1444 libris
975 1419 1002 1443 et
1018 1415 1167 1443 omnihus
1180 1415 1250 1442 edd.
1265 1413 1400 1448 legitur.
1427 1414 1517 1440 abes!
1532 1419 1551 1439 a
1564 1412 1599 1439 F.
1615 1411 1646 1437 8.
1661 1411 1697 1438 G.
1712 1411 1750 1437 D.
1783 1415 1823 1435 ne
1837 1405 1865 1436 δ.

63 1466 99 1492 In
114 1466 186 1491 cett.
200 1464 290 1491 codd.
305 1466 334 1491 et
349 1463 498 1490 omnibus
511 1463 582 1491 edd.
597 1469 656 1489 nec
669 1466 768 1491 extat.
795 1461 836 1489 ct.
852 1462 892 1489 ad
906 1463 982 1489 Met.
997 1461 1049 1489 IV.
1064 1468 1095 1495 p.
1112 1461 1187 1488 258.

63 1509 115 1538 vir
128 1509 238 1537 doctus
251 1508 282 1536 in
297 1515 396 1543 marg.
411 1509 459 1536 ed.
475 1508 566 1536 Colv.

153 1551 332 1591 quidquam
349 1551 410 1580 tihi
422 1560 457 1581 π.

65 1660 304 1702 delicatis
326 1664 573 1715 respondere
596 1664 787 1715 qestibus.
813 1661 930 1714 Apol.

62 1730 102 1768 p.
127 1721 220 1758 435.
252 1719 499 1759 delicatae
531 1720 778 1771 opulentiae.
833 1718 931 1757 Hinc

65 1773 114 1811 de
126 1775 348 1813 concubinis
375 1775 421 1814 cf.
441 1775 596 1814 Ruhnk.
619 1775 718 1813 Dict.
745 1775 793 1814 ad
821 1775 929 1812 Suet.

62 1829 186 1881 Vesp.
212 1834 250 1871 3.
274 1844 309 1882 p.
336 1836 428 1872 353.
454 1832 688 1872 Delicatum
711 1831 775 1869 bic
799 1831 932 1882 legen-

64 1886 153 1925 dum
179 1900 290 1933 esse,
315 1889 480 1938 probant
499 1901 611 1939 seqq.
627 1888 759 1928 cibum
775 1887 931 1927 beatam

64 1946 102 1981 et
126 1943 305 1982 residens
328 1944 522 1996 lanovilla]

115 2000 302 2050 pertulit.
337 1999 385 2038 cf.
399 2000 446 2038 ad
463 1997 558 2038 Met.
574 1999 640 2039 lV.
653 2014 690 2051 p.
706 2004 799 2040 305.
826 1999 928 2038 Oud.

63 2055 113 2093 ad
139 2054 251 2094 Caes.
276 2055 321 2094 B.
350 2056 396 2094 G.
420 2055 486 2093 lv.
513 2060 577 2096 27.
608 2057 803 2095 mandata
825 2069 929 2106 per-

60 2114 252 2162 ferrent
275 2111 364 2150 ibid.
389 2111 476 2149 Vll.
502 2116 539 2151 8.
566 2112 674 2149 Suet.
702 2110 836 2150 Claud.
864 2115 928 2151 37.

65 2166 278 2218 [Heinrich.
305 2168 355 2206 ad
379 2166 549 2206 Iuvenal.
565 2167 630 2205 w.
647 2171 738 2208 392.
766 2180 801 2217 p.
818 2167 928 2219 255]

119 2229 286 2262 secreto.
323 2223 387 2261 Ne
411 2223 561 2262 scilieet
585 2223 733 2261 videret
759 2222 929 2274 Psyche,

65 2279 157 2329 quid
181 2281 215 2317 in
248 2280 431 2331 pyxidem
463 2280 647 2318 conderet
682 2278 929 2330 Proserpina.

63 2334 165 2373 Nam
206 2336 309 2373 male
350 2337 454 2386 cepit
490 2336 639 2374 Gruter.
676 2336 930 2381 substantive,

66 2392 176 2441 quasi
208 2397 401 2431 secretum
431 2397 543 2430 esset
568 2394 655 2442 ipse
681 2392 832 2430 divinae
857 2391 931 2430 sor-

63 2449 255 2486 mositatis
267 2448 488 2487 thesaurus.
515 2447 684 2486 Misceil.
704 2447 804 2487 Nov.
819 2447 934 2500 Lips.

65 2503 154 2543 Vol.
179 2503 241 2542 Ill.
267 2503 314 2544 P.
340 2508 375 2545 3.
401 2519 440 2556 p.
465 2509 558 2545 492.

120 2565 284 2599 mentem
298 2562 474 2612 capitur.
489 2560 569 2599 lam
585 2560 830 2599 Stewechius
845 2574 932 2600 con-

65 2616 226 2654 iecerat:
243 2631 484 2669 quamquam
494 2619 693 2670 festinans
704 2618 933 2670 obsequium

68 2674 296 2719 terminare,
350 2678 482 2712 tamen
522 2679 716 2713 mentem
754 2675 932 2724 capitur,

69 2729 173 2778 quod
195 2728 377 2768 Brantius
402 2731 532 2780 inepte
558 2732 591 2768 in
620 2732 772 2774 inante,
799 2729 934 2768 wass.

67 2785 103 2822 in
118 2786 252 2824 mentis
265 2786 325 2824 vei
339 2787 601 2837 antecapitm·
614 2786 807 2824 emendat.
824 2786 936 2824 Alen-

69 2844 147 2878 tem
184 2854 272 2879 vero
310 2843 401 2892 poni
436 2843 693 2889 abundanter,
735 2846 776 2880 ut
812 2855 937 2892 saepe

69 2896 217 2945 animo,
253 2898 343 2948 quia
377 2912 441 2936 res
472 2899 522 2937 ad
553 2900 717 2937 animum
743 2899 936 2949 pertinere

69 2950 261 2999 videatur,
299 2958 405 2992 recte
440 2955 516 2992 iam
550 2959 681 2993 monet
712 2953 834 2999 Oud.,
871 2956 935 3004 qui

69 3018 119 3044 ex
141 3009 225 3046 suis
249 3009 360 3049 codd.
385 3011 562 3049 omnibus
583 3015 709 3050 mente
731 3014 769 3048 et
778 3014 934 3062 formo-

69 3063 186 3102 :itate
219 3077 270 3103 ex
301 3079 375 3106 usu
398 3066 624 3106 Latinorum
650 3066 844 3111 defendit,
869 3068 933 3117 qui

69 3117 168 3157 duos
207 3120 399 3162 ablativos
440 3123 598 3163 diversa.
639 3124 835 3162 sententia
869 3123 933 3161 uni

1236 1456 1416 1485 identidem
1435 1453 1465 1485 ὃ.
1487 1456 1509 1485 f.
1549 1455 1713 1495 formosa
1727 1453 1866 1482 coniecit

992 1660 1110 1700 verbo
1133 1661 1292 1711 iungere
1312 1658 1480 1703 soleant,
1505 1657 1567 1696 cit.
1582 1655 1666 1694 lntt.
1686 1654 1735 1693 ad
1750 1653 1865 1693 Ovid.

991 1718 1086 1757 Met.
1113 1715 1219 1755 Xlll.
1246 1720 1340 1757 216.
1365 1716 1416 1753 ad
1444 1713 1624 1764 Calpurn.
1650 1710 1734 1750 Ecl.
1756 1710 1866 1751 1.56.

991 1775 1041 1812 ad
1065 1773 1212 1812 Lucan.
1228 1771 1272 1810 Il.
1300 1776 1395 1812 213.
1422 1770 1532 1808 Suet.
1547 1769 1676 1807 Tiber.
1693 1771 1756 1808 62.
1785 1767 1867 1804 sed

991 1835 1153 1869 mentem
1168 1842 1219 1866 ex
1233 1830 1377 1879 optimo
1391 1827 1477 1866 cod.
1489 1825 1519 1863 F
1526 1825 1657 1863 lorent.
1668 1828 1704 1865 3.
1718 1824 1867 1862 retinui.

990 1885 1175 1924 Pessime
1195 1899 1286 1923 vero
1302 1882 1502 1923 stewech.
1518 1881 1695 1919 intarcire
1709 1883 1868 1918 conatur

990 1947 1139 1988 tomen,
1167 1954 1267 1992 quae
1292 1939 1483 1990 particula
1507 1937 1627 1976 multo
1649 1936 1868 1987 elegantius

987 1998 1299 2048 subintelligitur,
1327 1996 1374 2034 cf.
1400 1995 1448 2034 ad
1475 1994 1572 2032 Met.
1598 1992 1650 2031 Ill
1688 2007 1726 2045 p.
1753 1989 1846 2032 214.

1046 2056 1211 2106 ineptae
1231 2054 1396 2092 dit-inae
1409 2051 1683 2104 formositatis
1708 2048 1868 2102 gerula.

991 2109 1122 2162 [Quod
1139 2111 1244 2161 prius
1257 2110 1498 2160 scripserunt
1516 2105 1600 2144 lntt.
1620 2107 1762 2157 inepta
1777 2117 1868 2157 eqo,

992 2167 1148 2217 optimis
1175 2165 1288 2204 codd.
1313 2165 1498 2209 reiicitur,
1526 2164 1589 2213 qui
1610 2163 1747 2214 inepte
1761 2173 1868 2211 prae-

991 2224 1095 2269 bent,
1121 2223 1268 2261 omisso
1296 2221 1524 2273 pronomine
1549 2232 1639 2271 89⁰-
1678 2216 1791 2256 Hanc
1817 2215 1870 2253 le-

992 2280 1159 2318 ctionem
1182 2278 1384 2322 revocavi,
1411 2289 1512 2328 quae
1540 2274 1656 2325 longe
1682 2273 1871 2312 difficilior

993 2340 1031 2374 et
1055 2348 1174 2386 supra
1198 2339 1354 2386 captum
1382 2332 1620 2371 librariorum
1649 2330 1760 2382 erat.]

1050 2392 1201 2430 delibo.
1253 2390 1321 2443 [cf.
1348 2403 1449 2440 quae
1475 2389 1648 2440 disputat
1670 2385 1866 2426 Arntz.ad

994 2447 1093 2486 Plin.
1108 2447 1303 2499 panegyr.
1319 2450 1384 2487 38.
1399 2447 1432 2497 ς’.
1449 2450 1502 2491 1.,
1527 2444 1591 2483 ubi
1608 2447 1739 2482 noster
1759 2442 1869 2481 locus

995 2508 1320 2544 commemoratus
1347 2501 1441 2555 est]

1053 2560 1141 2599 Car.
1165 2559 1278 2598 XXI.
1329 2565 1369 2598 et
1393 2573 1482 2598 cum
1508 2558 1634 2596 dicto.
1683 2556 1771 2608 [De
1796 2554 1870 2593 hac

995 2616 1178 2664 formula,
1206 2631 1283 2668 qua
1308 2615 1401 2654 nihil
1427 2615 1605 2652 usitatius
1631 2611 1734 2664 apud
1763 2612 1870 2662 Apu-

995 2673 1113 2712 leium
1149 2673 1310 2712 inveniri
1347 2675 1498 2724 potest,
1537 2683 1693 2720 quaque
1716 2680 1868 2706 summa

999 2731 1221 2782 exprimItur
1246 2730 1401 2779 agentis
1427 2726 1628 2770 alacritas,
1655 2726 1765 2763 cuius
1790 2737 1872 2761 ver-

998 2788 1088 2825 bum
1103 2787 1179 2824 iam
1195 2787 1300 2824 tacta
1311 2787 1543 2834 sequuntur,
1565 2781 1668 2821 cons.
1681 2781 1872 2823 Bnenem.

997 2843 1047 2881 ad
1062 2841 1172 2881 Lact.
1189 2842 1255 2882 IV.
1275 2846 1336 2882 15.
1358 2842 1388 2892 9.
1405 2844 1469 2880 22.
1485 2853 1522 2891 p.
1539 2841 1632 2878 489.
1661 2838 1724 2888 qui
1739 2835 1872 2887 plures

1000 2898 1098 2938 alias
1136 2898 1316 2938 eiusdem
1353 2894 1646 2947 significationis
1686 2892 1872 2939 formulas

998 2959 1208 2993 enumerat.
1235 2953 1284 2992 cf.
1309 2952 1407 2992 Met.
1433 2951 1459 2990 I.
1488 2965 1524 3002 p.
1547 2953 1611 2991 29.
1635 2954 1700 2990 55.
1720 2953 1786 2991 57.
1809 2951 1872 2989 60.

1000 3015 1064 3052 68.
1091 3015 1154 3052 70.
1186 3009 1235 3049 11.
1259 3023 1295 3060 p.
1324 3013 1388 3050 95.
1419 3012 1510 3049 114.
1541 3011 1631 3047 124.
1661 3009 1751 3046 149.
1782 3007 1872 3045 159.

998 3066 1064 3112 111.
1089 3081 1126 3119 p.
1143 3070 1233 3107 197.
1252 3069 1344 3106 199.
1372 3063 1599 3115 V1.p.421.
1625 3061 1872 3112 V11.p.5oo.

996 3121 1100 3162 Vlu.
1125 3136 1162 3175 p.
1190 3125 1285 3163 560.
1334 3119 1405 3160 IX.
1430 3134 1469 3172 p.
1497 3123 1589 3160 604.
1637 3117 1689 3158 X.
1714 3132 1753 3171 p.
1780 3121 1873 3158 710.

1503 3186 1592 3228 30*
