2221 3667
263 376 326 408 605

353 150 436 191 762

610 151 656 190 1..
688 151 906 191 APULEll
935 150 1335 193 MADAURENSIS
1366 153 1904 199 METAMORPHOSEON

351 260 416 300 ille
441 261 604 301 maritus
629 275 795 302 accensa
820 263 997 303 lucerna:
1025 262 1212 314 Discede,
1240 265 1385 318 inquit,
1415 266 1559 318 sralcr,
1587 274 1625 307 et
1650 268 1796 308 otiosus
1822 272 1980 321 adsiste,
2010 272 2131 310 donec

352 316 470 369 probe
495 324 745 370 procuratum
778 319 880 359 istud
914 320 979 360 tibi
1014 328 1321 373 repraesentem.
1370 320 1425 362 Et
1455 337 1540 362 cum
1574 323 1674 363 (licto
1707 326 1872 366 nudatus
1897 327 1979 380 ipsc
2005 328 2132 367 delato

350 372 495 412 lumine
520 373 689 414 scabiem
714 382 907 416 vetustam
933 376 1109 416 cariosae
1135 383 1260 417 testae
1281 376 1288 432 1
1309 377 1450 432 occipit
1473 380 1720 434 exsculpere.
1764 381 1820 421 At
1842 396 1937 422 vero
1963 384 2129 433 adulter,

350 508 461 539 adiste
475 520 530 546 pro
544 510 671 540 adsiste
684 514 721 542 D.
764 516 984 550 pertnralmu
999 511 1028 543 δ.
1077 515 1176 543 istum
1191 513 1219 544 ὃ.

1267 514 1416 544 nudatas
1430 518 1467 546 D.
1504 524 1575 545 esse
1590 526 1643 552 pro
1657 517 1726 555 ipse
1740 520 1775 547 P.
1799 519 1870 555 ipso
1885 516 1913 547 δ’.
1927 520 1948 548 f.
1984 520 2131 549 scabiem

349 558 397 584 ed.
411 565 457 591 pr.
471 560 546 587 Mea
560 559 691 587 collatio
707 560 785 588 nihil
799 561 955 588 emendat.
993 559 1104 588 scabie
1118 562 1230 590 Vener.
1246 562 1275 590 4.
1313 562 1445 590 cart'ose
1460 565 1495 591 G.
1512 564 1541 592 1.
1579 566 1667 591 resen
1680 567 1716 592 G.
1735 565 1760 591 1.
1798 565 1935 591 cariosa
1951 567 2039 592 testa
2052 568 2087 595 F.
2102 568 2131 594 1.

348 600 528 638 e.z·culpere
542 612 567 632 s.
583 603 780 640 ers-culpare
793 605 827 633 F.
846 606 873 633 1.
887 607 917 634 3.
933 607 968 634 G.
979 607 1008 634 1.
1022 607 1052 634 2.
1065 607 1103 635 D.
1120 607 1154 634 Β.
1170 614 1200 641 p.
1214 603 1243 636 ὃ.
1257 608 1294 636 L.
1309 610 1338 636 et
1352 607 1423 636 alii.
1445 608 1638 637 Colv.Vulc.
1651 610 1734 638 Elm.
1748 612 1846 638 Merc.
1856 611 2000 639 u'ower.
2013 612 2134 640 Florid.

348 648 384 676 In
397 651 469 677 ceu.
482 647 662 685 exculpere
674 658 700 678 s.
714 648 922 686 exsculpere.

349 766 454 807 Oud.
479 770 673 819 proponit,
700 772 815 823 vafer
838 774 982 808 tantum
1010 771 1045 808 in
1071 771 1213 810 malam

350 828 496 876 partem
529 825 620 872 dici,
658 839 773 876 quum
808 827 937 879 potius
967 827 1134 866 medium
1164 829 1214 867 sit

350 881 591 919 vocabulum.
641 881 687 920 cf.
713 881 837 922 Plum.
863 883 913 922 ad
936 881 1048 922 Pers.
1075 885 1160 924 Sat.
1184 883 1212 923 I.

354 941 446 979 116.
471 937 588 988 Apud
615 937 691 977 Cic.
717 938 805 978 Nat.
831 939 949 979 Deor.
982 940 1008 979 Ι.
1045 945 1115 987 15ς
1152 945 1215 979 est

349 993 539 1044 prudens,
572 994 757 1042 callidus,
794 996 955 1043 sollers,
980 997 1210 1036 artificiosus

350 1049 398 1088 cf.
423 1048 512 1088 Isid.
540 1050 673 1089 Gloss
700 1064 736 1102 p.
753 1056 845 1093 697.
870 1053 1008 1099 cahra,
1032 1054 1210 1098 vabrum,

350 1106 540 1152 callidas,
554 1109 808 1160 artificiosus,
822 1110 886 1148 ubi
901 1113 1034 1162 vafra,
1050 1113 1211 1163 vafrum

350 1161 557 1212 legendum
584 1177 677 1202 esse
701 1165 840 1216 cuique
863 1170 982 1218 patet.
1013 1166 1212 1205 Nihilomi-

348 1232 421 1256 nus
446 1219 482 1258 h.
509 1220 533 1259 Ι.
569 1234 654 1258 cum
685 1221 849 1260 Heinsio
881 1236 954 1260 non
987 1224 1210 1275 receperim,

348 1276 438 1325 quia
463 1276 576 1314 lectio
603 1277 715 1316 codd.
742 1279 886 1330 optima
910 1278 1005 1331 est]

400 1338 680 1384 procuratam.
707 1334 893 1374 Heinsius
917 1335 967 1373 ad
993 1335 1120 1374 Ovidii
1135 1335 1157 1374 l.
1172 1335 1208 1374 (l.

347 1388 599 1434 emendabat,
620 1396 941 1444 pcrpuryatam,
965 1396 1006 1430 ut
1026 1393 1060 1430 in
1080 1392 1208 1442 Longi

347 1444 542 1484 pastoral.
567 1445 614 1484 L.
640 1445 685 1484 11.
711 1448 785 1485 init.
812 1446 831 1486 ὁ
859 1446 897 1486 δὲ
923 1446 1064 1493 mimi&
1089 1447 1210 1496 ἐξεκά-

347 1506 500 1554 θαιρεν·
550 1499 569 1541 ὁ
596 1500 635 1541 δὲ·
660 1500 832 1555 ἀρ’ῥῖχους
856 1502 1006 1543 ε”πλεκεν
1032 1519 1106 1543 non
1133 1503 1211 1544 ἐπε-

348 1559 498 1605 aie-'mesia
535 1559 615 1597 Sed
639 1560 749 1597 nimis
770 1560 848 1598 abit
869 1561 1005 1600 aMss.
1021 1562 1209 1611 vestigiis.

350 1614 444 1652 Cum
489 1628 578 1653 vero
615 1616 700 1655 cod.
737 1616 911 1656 (l'Orvill.
952 1622 1211 1670 pertaralam

348 1671 546 1723 praebeat,
572 1671 672 1710 Oud.
699 1673 880 1712 emendat
904 1687 989 1711 cum
1016 1674 1133 1713 Voss.
1161 1673 1210 1712 ad

349 1727 485 1765 Catuli.
500 1741 533 1767 c.
547 1733 610 1768 45.
625 1734 870 1776 rccuratam,
897 1730 1001 1781 quod
1015 1744 1107 1768 esse
1121 1730 1211 1768 (licit

344 1789 649 1836 perpuryatmn
679 1784 768 1824 coll.
798 1785 887 1824 dict.
917 1786 967 1824 ad
996 1785 1209 1825 mecvm.

346 1854 384 1891 p.
400 1844 491 1880 557.
518 1854 778 1893 corporaque.
797 1841 955 1881 laniata,
978 1843 1120 1882 sedulo
1144 1857 1209 1881 re-

348 1910 533 1936 curare.
562 1896 737 1948 [Mirtum
753 1899 947 1949 quomodo
968 1899 1020 1936 ita
1032 1899 1210 1938 aberrare

345 1953 537 2004 potuerint
561 1954 800 2005 interpretes.
849 1955 988 1994 Probe
1007 1970 1209 2007 procura-

345 2014 428 2048 tam
456 2008 643 2047 Pricaeus
675 2011 818 2062 optime
848 2011 1013 2050 illustrat
1043 2025 1092 2050 ex
1123 2012 1208 2050 loco

343 2063 473 2105 Plaut.
497 2065 745 2104 Menaecbm.
771 2066 836 2107 Ill.
861 2072 899 2108 2.
926 2072 963 2109 2.
989 2069 1141 2108 Potine
1163 2073 1211 2108 ut

345 2124 544 2174 quiescas,
580 2124 614 2162 si
650 2137 729 2175 eqo
764 2124 837 2163 tibi
872 2125 979 2164 hanc
1016 2125 1205 2177 (pallam)

343 2178 468 2218 lzodt‘e
497 2180 631 2231 probe
668 2180 803 2231 lepide
833 2182 1117 2220 concinnatam
1148 2196 1207 2220 re-

339 2237 474 2287 feram
499 2236 677 2287 temperi.
725 2237 937 2277 Rea-arare
966 2252 1040 2276 non
1071 2238 1206 2289 probo,

344 2291 433 2342 quia
456 2292 490 2329 in
516 2293 715 2344 pristinum
739 2297 883 2332 statum
907 2294 1036 2333 reduci
1063 2294 1207 2332 dolium

342 2350 421 2385 tam
440 2347 518 2386 vile
537 2348 680 2399 diuque
694 2350 898 2396 abiectum,
922 2351 1104 2390 sordibus
1117 2350 1208 2389 licet

342 2405 486 2451 erasis,
501 2419 574 2443 non
589 2409 754 2457 poterat.
777 2407 1017 2446 procurare
1031 2408 1080 2446 de
1095 2407 1204 2446 fabro

341 2460 494 2507 dicitur,
520 2462 582 2512 qui
607 2476 736 2501 curam
762 2467 1096 2515 quantamcunque
1115 2462 1205 2503 dolo

340 2518 540 2569 purgando
554 2518 809 2557 adhibiturum
822 2533 867 2558 se
883 2533 977 2558 esse
990 2520 1203 2572 promittit]

385 2575 567 2613 scabiem.
588 2575 651 2613 De
666 2575 740 2614 hoc
755 2575 840 2614 loco
855 2577 906 2614 ita
919 2576 1203 2616 disseritOud.:

340 2628 392 2667 Et
416 2631 595 2682 princeps
621 2631 740 2670 babet
761 2633 952 2672 scabiam.
977 2632 1018 2672 In
1045 2633 1203 2672 Glossis

342 2685 470 2737 Cyrill.
502 2701 540 2738 p.
572 2692 664 2729 665.
695 2686 810 2741 ψωρὰ
844 2690 1002 2736 scabia,
1038 2690 1203 2729 scabies.

338 2741 379 2780 ln
405 2741 450 2781 P.
476 2744 668 2783 warnesr.
683 2744 729 2784 L.
744 2745 810 2784 lv.
825 2746 875 2783 ‹le
890 2745 936 2784 G.
949 2745 1078 2797 Long.
1094 2760 1124 2784 c.
1139 2751 1204 2786 47.

338 2799 481 2839 clades
511 2802 799 2842 scabearam.
848 2802 931 2840 Sed
955 2803 1029 2841 alii
1053 2803 1204 2842 scabie-

337 2869 436 2895 ram.
463 2855 596 2896 isidor.
629 2857 760 2909 Origg.
787 2857 836 2897 X.
874 2863 964 2899 162.
995 2859 1205 2910 Leprosns

338 2926 364 2950 a
394 2914 541 2963 μναῖαι
575 2915 699 2953 nimio
735 2916 950 2961 scabiae,
992 2920 1034 2953 ut
1069 2919 1132 2954 est
1168 2916 1202 2953 in

338 2970 604 3007 vetustissimo
623 2968 701 3009 Ms.
722 2970 833 3009 Leid.
862 2971 942 3023 [ubi
967 2985 1042 3023 ego
1068 2972 1202 3012 scabie

338 3037 361 3060 e
385 3025 469 3062 cod.
496 3026 626 3064 Guels.
652 3031 688 3068 2.
720 3028 743 3066 i.
764 3041 797 3065 e.
828 3028 979 3067 scabiei
1010 3028 1199 3081 legerim]

341 3079 390 3118 cs.
413 3081 462 3118 ad
487 3096 523 3133 p.
550 3087 642 3124 596.
668 3084 799 3123 rames
824 3088 862 3122 et
886 3085 1016 3124 rabia.
1055 3085 1201 3123 Verum

340 3149 411 3173 non
437 3137 569 3185 xideo,
597 3140 659 3190 qui
679 3139 741 3179 bic
762 3140 888 3180 locum
907 3141 1035 3192 possit
1054 3140 1201 3180 habere

1271 772 1444 819 scabies,
1477 787 1577 825 quae
1608 777 1669 813 est
1693 775 1842 813 nonnisi
1867 776 2023 814 morbus
2047 790 2133 827 pru-

1271 830 1484 879 riginosus,
1522 830 1648 881 qualis
1685 835 1746 868 est
1783 830 1966 881 frequens
1996 833 2133 871 ovibus

1271 890 1311 924 et
1346 887 1506 924 canibus
1542 891 1582 924 et
1616 886 1845 926 hominibus.
1897 887 1984 926 Nec
2019 888 2134 927 facile

1271 943 1508 994 persuadent
1536 944 1602 980 viri
1630 943 1750 989 (loeti,
1788 943 1946 994 intelligi
1976 946 2134 994 faecem

1268 999 1520 1044 induratam,
1547 1001 1657 1049 quasi
1673 1001 1861 1051 pustulas
1879 1014 1931 1039 ex
1942 1002 2035 1050 fera
2050 1015 2135 1040 sca·

1270 1055 1330 1093 bie
1344 1055 1430 1093 oriri
1444 1055 1692 1100 solitas‚-sive
1706 1056 1830 1107 ipsam
1845 1056 2131 1107 aspritudinem.

1267 1111 1372 1149 vide
1386 1111 1608 1150 Schultens.
1623 1112 1673 1150 ad
1695 1112 1775 1151 lobi
1790 1112 1833 1151 ll.
1849 1117 1885 1153 8.
1911 1112 2028 1164 Apul.
2043 1112 2133 1151 Flo-

1270 1168 1338 1206 rid.
1354 1181 1390 1219 p.
1407 1172 1470 1208 59.
1486 1170 1729 1220 serpentium
1742 1169 1939 1215 scabrem,
1964 1169 2027 1207 ubi
2042 1183 2131 1207 non-

1269 1224 1361 1262 nulli
1388 1237 1409 1261 e
1435 1224 1534 1263 Mss.
1569 1225 1700 1275 legunt
1733 1225 1922 1271 scabiem,
1959 1229 1997 1264 at
2031 1225 2132 1263 male

1268 1295 1353 1319 cum
1379 1281 1456 1318 illic
1480 1282 1740 1331 intelligantur
1764 1281 1949 1332 pediculi,
1980 1281 2042 1332 qui
2069 1282 2131 1319 vel

1267 1335 1523 1388 pherecydae
1554 1342 1680 1375 cutem
1710 1338 1944 1381 scabebant,
1980 1337 2041 1375 vel
2080 1339 2131 1376 ob

1268 1407 1428 1445 quorum
1448 1394 1668 1432 arrosiones
1688 1407 1734 1431 se
1754 1394 1952 1432 scabebat.
1984 1394 2131 1432 Verum

1266 1449 1342 1488 hoc
1378 1449 1463 1488 loco
1502 1451 1659 1501 egregie
1696 1452 1916 1488 conveniret
1953 1451 2132 1489 scabrem

1268 1520 1300 1545 s.
1327 1506 1613 1557 aspritudinem.
1663 1506 1718 1544 lta
1743 1506 2021 1545 confunduntur
2045 1520 2131 1546 sca-

1269 1563 1391 1602 biedo
1423 1567 1462 1600 et
1492 1563 1689 1601 scabredo
1719 1563 1822 1614 apud
1853 1563 1902 1600 (lu
1937 1562 2054 1613 Cang.
2094 1562 2129 1600 in

1269 1619 1401 1657 Gloss.
1419 1618 1504 1657 Lat.
1518 1618 1690 1657 efivoss.
1704 1619 1737 1656 in
1754 1618 1881 1669 Etym.
1899 1632 1930 1657 s.
1949 1632 1982 1658 v.
1996 1619 2131 1664 scabo,

1266 1675 1368 1713 unde
1383 1679 1420 1712 et
1434 1675 1589 1713 verbum
1604 1675 1790 1714 scabrcre
1803 1675 1905 1725 apud
1919 1673 2131 1713 Pacuvium

1267 1732 1302 1769 in
1322 1730 1421 1769 Non.
1448 1731 1669 1782 quinquies:
1696 1731 1971 1770 Poeuitadine
1994 1745 2080 1784 squ
2090 1746 2131 1770 a·

1268 1788 1336 1827 les
1381 1787 1661 1840 scabresqae
1696 1787 1850 1827 inculta
1886 1788 2132 1827 vastitudine

1268 1843 1321 1896 [p.
1352 1847 1439 1884 168.
1465 1857 1497 1881 S.
1517 1857 1550 1882 v.
1577 1844 1727 1883 scabre.
1753 1857 1790 1894 p.
1820 1847 1907 1884 169.
1934 1857 1965 1882 s,
1985 1856 2019 1882 v.
2045 1857 2130 1882 sca-

1269 1901 1364 1939 bres.
1390 1913 1426 1951 p.
1445 1904 1534 1940 185.
1560 1914 1591 1938 s.
1609 1913 1640 1938 v,
1666 1901 1853 1939 caslilz'es.
1878 1913 1915 1951 p.
1930 1901 2022 1940 226.
2047 1913 2079 1938 s.
2094 1913 2129 1938 v.

1265 1956 1445 2009 squalor.
1471 1960 1509 1994 et
1533 1971 1569 2008 p.
1586 1960 1681 1996 243.
1702 1969 1735 1995 s.
1752 1970 1786 1995 v,
1812 1956 2004 1995 alumnos.
2032 1956 2115 1994 Sca

1267 2014 1367 2052 be'em
1382 2026 1470 2051 vero
1486 2012 1641 2050 defendi
1654 2016 1785 2064 potest
1799 2026 1848 2050 ex
1861 2012 1966 2063 Virg.
1984 2011 2129 2062 Georg.

1256 2068 1310 2123 Π.
1338 2073 1430 2111 220.
1467 2069 1556 2109 Nec
1590 2069 1755 2109 scabie
1789 2073 1826 2108 et
1859 2069 1966 2108 salsa
2001 2068 2130 2108 laedit

1265 2126 1455 2178 rolaqine
1470 2129 1629 2179 ferram
1648 2125 1697 2163 (le
1712 2125 1845 2171 rebus,
1872 2138 1972 2176 quae
1985 2124 2128 2163 ‹liutius

1265 2196 1376 2221 ausu
1390 2182 1610 2234 quotidiano
1624 2186 1796 2220 remotae
1815 2182 2004 2220 iacebant.
2029 2179 2129 2219 Tum

1264 2239 1314 2277 ad
1339 2240 1510 2277 morbum
1536 2239 1662 2290 ipsum
1687 2237 1816 2276 referri
1842 2241 1986 2289 potest,
2012 2250 2127 2288 quem

1266 2299 1417 2334 constat
1453 2309 1503 2333 ex
1536 2294 1698 2333 summis
1728 2293 1964 2346 saepissime
1989 2297 2029 2331 et
2063 2307 2128 2331 ne-

1264 2351 1390 2390 fandis
1421 2351 1601 2391 sordibus
1631 2351 1787 2398 exoriri3
1824 2351 1863 2389 id
1894 2350 1998 2401 quod
2027 2350 2128 2388 bene

1265 2412 1396 2447 nostro
1423 2408 1510 2447 loco
1537 2407 1740 2459 convenit]

1321 2465 1503 2504 cariosae
1527 2469 1661 2503 testae.
1714 2464 1884 2503 Cariosa
1914 2467 2013 2502 testa
2037 2461 2128 2501 Lin-

1263 2521 1496 2571 (lenbrogius
1510 2520 1656 2559 notavit
1669 2520 1703 2557 in
1718 2520 1831 2559 codd.
1845 2518 2014 2557 Florent.
2035 2519 2126 2569 legi,

1263 2582 1301 2616 et
1314 2579 1424 2616 unice
1437 2577 1581 2629 placuit
1594 2575 1775 2623 Pricaeo,
1800 2580 1842 2614 ut
1853 2575 2001 2615 scilieet
2016 2575 2126 2614 suerit

1262 2635 1570 2679 instrumentum,
1609 2646 1684 2683 quo
1722 2633 1862 2671 sordes
1899 2631 2125 2675 deradebah

1260 2694 1376 2741 atque
1391 2690 1485 2728 illud
1500 2691 1625 2741 ipsum
1638 2689 1873 2729 scabrosum
1881 2692 1919 2726 et
1932 2701 2125 2738 asperum,

1262 2751 1303 2786 ut
1327 2751 1432 2785 tanto
1464 2745 1603 2785 melius
1635 2746 1808 2784 scabiem
1839 2745 1930 2783 dolii
1964 2744 2125 2782 destrin-

1262 2807 1381 2855 geret.
1431 2804 1571 2844 Testae
1607 2803 1708 2840 enim
1744 2803 1808 2840 vix
1833 2801 1960 2840 locum
1980 2800 2126 2838 habere

1262 2874 1382 2913 posse
1407 2858 1572 2898 Pricaeo
1598 2858 1764 2902 videtur,
1802 2871 1848 2896 ae
1872 2857 2016 2895 (lolium
2048 2871 2124 2895 non

1257 2916 1403 2970 fictile,
1435 2916 1538 2966 quod
1568 2914 1696 2953 luven.
1722 2913 1829 2951 XIV.
1861 2918 1956 2954 311.
1988 2918 2125 2952 testam

1259 2977 1390 3019 vocat,
1426 2972 1499 3010 sed
1538 2971 1705 3022 ligneum
1742 2970 1883 3014 fuisse,
1921 2970 2009 3021 quia
2044 2973 2124 3007 tam

1259 3029 1378 3069 altum
1397 3028 1527 3074 suerit,
1552 3032 1593 3067 ut
1610 3031 1714 3066 totus
1728 3028 1783 3064 vir
1801 3026 1835 3063 in
1851 3026 1946 3064 illud
1960 3025 2123 3064 descen-

1259 3086 1375 3131 derit,
1408 3090 1446 3124 et
1475 3088 1603 3124 tamen
1635 3097 1708 3122 non
1740 3083 1894 3121 maioris
1926 3081 2124 3134 ponderis,

1260 3156 1374 3194 quam
1389 3142 1492 3193 quod
1505 3141 1604 3180 idem
1614 3140 1667 3178 vir
1680 3138 1780 3178 collo
1795 3152 1931 3191 gerere
1943 3138 2124 3191 potuerit,
