2155 3590
694 161 883 203 LIBER
910 163 961 204 X.
1022 162 1144 203 CAP.
1175 162 1248 204 XI.
1778 157 1858 201 901

81 273 197 315 saluti
227 274 422 314 hominum
454 274 682 315 medicinam
713 275 927 329 quaesitam
960 289 1046 316 esse
1078 274 1318 323 didicissem,
1350 287 1514 323 v,erens
1548 287 1597 314 ne
1622 272 1655 312 si
1681 273 1861 312 daturum

81 343 141 370 me
177 343 403 383 negassem,
441 330 715 385 intempestiva
754 332 910 385 repulsa
932 331 1036 371 viam
1067 330 1207 371 sceleri
1241 329 1598 379 subministrarem,
1638 335 1677 369 et
1706 328 1753 368 ab
1784 328 1860 368 alio

80 386 259 440 quopiam
291 385 529 427 exitiabilem
559 395 752 428 mercatus
784 388 844 428 hic
874 388 1090 442 potionem,
1123 386 1189 427 vel
1215 392 1450 439 postremum
1483 385 1611 439 gladio
1635 385 1699 424 vel
1723 396 1862 437 quovis

79 442 156 482 telo
181 443 291 482 nefas
314 442 536 482 inchoatum
564 443 783 497 perficeret,
809 444 895 483 dedi
917 457 1128 493 venenum,
1156 442 1222 482 sed
1247 442 1517 491 somniferum,
1545 441 1860 494 mandragoram,

80 497 174 538 illud
203 498 427 552 gravedinis
459 506 678 554 compertae
710 500 900 540 famosum
931 506 969 540 et
999 499 1115 539 morti
1146 497 1331 538 simillimi
1366 497 1518 552 soporis
1555 497 1713 537 efficax.
1773 494 1860 537 Nec

78 636 188 666 saluti
208 645 272 667 non
296 643 456 672 comparet
481 639 513 666 in
537 636 566 668 δ.
620 646 691 667 esse
715 639 905 676 quaes-flam
931 638 952 667 f.
999 637 1154 666 d1·‹le·c1·sse
1173 639 1221 666 ed.
1245 646 1289 671 pr.
1309 637 1435 665 Vicent.
1454 637 1568 664 Venet.
1586 638 1617 664 2.
1653 634 1812 663 dedissem
1836 636 1860 664 f.

77 685 207 711 veteres
223 687 364 712 veterem
389 684 557 712 lectionem
579 693 651 713 esse
670 686 778 713 Brant.
797 686 944 718 adnotat,
970 685 1053 712 unde
1077 685 1148 719 ipse
1174 683 1301 710 teritus
1324 683 1524 710 emendabat.
1549 679 1605 714 [At
1634 683 1763 708 veteres
1787 681 1860 709 sine

76 728 171 757 dubio
185 732 233 756 est
247 730 479 764 typothetarum
493 737 579 757 error
591 738 647 764 pro
661 736 805 764 vermes,
824 731 911 764 quod
926 730 973 756 ed.
988 737 1033 763 pr.
1042 729 1070 756 1
1073 729 1168 757 ieent.
1183 732 1210 756 et
1225 728 1253 755 ἲ
1256 731 1337 756 enet.
1353 728 1582 761 2.praebea111‚
1591 732 1610 753 a
1624 726 1780 753 Beroamo
1795 726 1859 753 iam

77 777 264 802 correctum.
311 772 522 809 intempestz't·
526 783 578 800 um
594 773 762 810 repulsam
778 772 1078 822 B.1dtempeslir
1081 781 1104 799 a
1116 774 1146 802 V
1148 776 1229 801 enet.
1245 774 1371 800 2.1unt.
1381 773 1408 799 1.
1418 773 1448 799 2.
1461 771 1537 799 AM
1585 777 1658 796 mea
1672 768 1792 796 sceleri
1803 778 1858 804 pro

77 817 164 845 viam
178 818 214 848 P.
228 820 267 847 D.
291 817 347 853 [ex
361 820 607 847 commutatione
621 819 878 853 compendiorum
893 818 951 846 ur'c’r
972 822 1001 847 et
1014 803 1096 853 maJ.
1143 826 1231 845 mam
1252 824 1313 844 non
1333 820 1494 850 comparet
1515 816 1547 843 in
1569 815 1590 842 f.
1639 814 1680 841 ab
1693 813 1807 851 aliquo
1821 816 1858 843 P.

75 870 204 899 coptam
231 862 283 898 (ut
302 863 389 892 infra
409 871 505 891 cocus
525 872 580 898 pro
598 864 741 901 coquus]
761 866 796 892 G
812 866 840 893 2.
856 866 893 892 D.
907 865 943 892 P.
975 862 1107 899 capium
1129 864 1207 897 (non
1227 861 1400 898 canutam)
1422 863 1457 889 G.
1474 862 1502 889 1.
1539 859 1580 886 ab
1600 858 1668 886 alio
1687 859 1807 895 captat
1823 860 1858 887 Ο.

75 907 183 936 nescis
202 916 257 943 pro
275 907 376 943 nefas
396 908 417 937 f.
464 907 657 936 incohatum
677 911 713 937 G.
734 910 762 937 1.
784 910 818 938 P.
865 917 949 945 non,
974 910 1055 942 quod
1075 912 1149 936 ante
1169 915 1324 934 venenum
1346 907 1493 935 nonnulli
1512 906 1600 933 codd.
1621 909 1649 933 et
1665 912 1773 932 omnes
1788 905 1858 932 edd.

75 955 204 989 habent,
224 961 288 982 non
302 958 460 987 comparet
476 954 509 982 iu
523 955 557 983 F.
568 956 596 982 1.
607 955 636 982 3.
652 956 686 982 G.
698 956 764 982 1.2.
775 956 808 982 0.
824 954 862 989 (a
871 953 969 988 mip.)
983 953 1021 981 D.
1038 953 1058 981 f.
1073 950 1101 980 δ.
1117 953 1150 981 P.
1165 952 1281 987 (etiam
1295 953 1328 980 in
1341 951 1503 985 excerptis
1518 951 1557 979 ad
1572 956 1671 984 marg.
1685 950 1734 978 ed.
1750 948 1858 984 Colxx]

74 996 335 1035 mandragoram
350 999 384 1027 F.
402 1000 429 1026 l.
444 1000 473 1026 3.
488 1001 523 1028 G.
541 1002 568 1027 1.
582 1001 611 1028 2.
626 1000 660 1027 P.
687 998 803 1033 [etiam
818 999 851 1027 in
864 999 1026 1032 excerptis
1039 999 1080 1026 ad
1093 1005 1192 1033 marg.
1206 998 1253 1025 ed.
1268 996 1379 1032 Colv.)
1394 998 1428 1024 0.
1442 996 1480 1024 D.
1496 997 1534 1024 R.
1548 994 1569 1022 f.
1585 1003 1616 1028 φ.
1630 1002 1666 1022 π.
1680 991 1709 1022 ὃ.
1735 996 1771 1022 1η
1785 997 1858 1022 cett.

73 1041 333 1080 mandragorae.
380 1042 465 1070 illud
482 1045 517 1072 F.
538 1046 567 1073 3.
589 1046 624 1072 G.
645 1045 673 1072 1.
694 1046 724 1072 2.
743 1045 779 1072 P.
798 1045 832 1072 0.
852 1045 889 1072 D.
910 1045 946 1072 R.
968 1044 987 1072 Γ.
1008 1052 1040 1076 φ.
1060 1040 1090 1070 δ.
1103 1051 1140 1071 π.
1158 1044 1239 1070 lunt.
1255 1043 1283 1070 2.
1299 1042 1368 1070 edd.
1383 1042 1489 1069 iudea
1503 1041 1594 1069 Colv.
1617 1041 1654 1067 In
1668 1042 1740 1068 cett.
1754 1037 1858 1065 illum.

73 1086 182 1124 istud,
207 1090 290 1123 quod
304 1089 336 1116 in
352 1090 386 1117 G.
402 1090 436 1117 P.
449 1089 485 1118 0.
499 1086 528 1116 δ.
544 1098 618 1118 esse
631 1090 761 1117 adnotat
777 1089 872 1121 oud..
899 1093 984 1117 certe
998 1088 1031 1116 in
1046 1089 1080 1116 G.
1098 1089 1126 1115 1.
1142 1089 1171 1116 2.
1187 1095 1248 1116 non
1263 1087 1389 1121 inveni,
1416 1087 1499 1114 unde
1514 1085 1679 1119 probabile
1692 1084 1733 1119 tit,
1760 1085 1857 1112 etiam

73 1134 107 1162 in
121 1134 155 1162 P.
171 1137 199 1162 et
213 1135 248 1162 0.
262 1134 307 1162 ita
322 1141 382 1161 non
397 1134 471 1167 legi.
508 1135 629 1162 Eadem
644 1134 767 1161 ratione
782 1134 804 1161 ii
818 1133 962 1167 codices,
988 1133 1043 1166 qui
1056 1131 1140 1159 illud
1153 1135 1316 1167 praebent,
1332 1131 1482 1160 exhibent
1497 1128 1644 1166 efficax,
1670 1130 1725 1162 qui
1741 1127 1832 1155 illam
1845 1135 1856 1154 .·

71 1176 267 1214 efficacem;
293 1186 411 1212 eosque
424 1183 603 1212 sequuntur
617 1179 685 1206 edd.
730 1176 925 1213 gravedinis
950 1178 992 1206 cf.
1014 1180 1088 1206 Met.
1108 1179 1147 1206 X.
1167 1186 1197 1213 p.
1213 1178 1290 1206 729.
1313 1174 1540 1214 gravedine
1565 1173 1774 1202 somnulenta
1789 1174 1855 1201 iam

71 1222 251 1252 demersus.
297 1226 405 1250 morte
418 1225 453 1252 L.
468 1228 496 1252 et
511 1224 580 1252 edd.
594 1229 668 1252 ante
683 1223 770 1252 conv.

71 1343 114 1381 T.
128 1342 173 1382 ll.
187 1357 224 1394 p.
238 1343 333 1384 459.
356 1342 535 1382 Lindem.
559 1343 654 1382 Mai.
679 1344 726 1381 ad
749 1343 930 1381 Fronton.

69 1399 192 1450 Epist.
224 1399 275 1437 ad
307 1399 444 1438 Anton.
477 1399 502 1437 l.
530 1404 565 1439 5.
599 1413 635 1450 p.
665 1404 753 1440 155.
803 1399 929 1437 Doed.

72 1456 286 1507 Synonym.
314 1454 358 1493 T.
372 1454 438 1493 Vl.
464 1468 501 1506 p.
532 1456 638 1507 168]

124 1512 222 1551 decli
236 1525 431 1550 cenenum.
470 1511 544 1557 Qui
565 1512 796 1563 elegantiam
816 1512 929 1550 huius

71 1567 145 1606 loci
168 1581 243 1605 non
269 1568 474 1618 capiebant
497 1568 740 1619 interpretes,
765 1568 929 1605 intrude-

66 1625 158 1662 bant
170 1637 251 1662 non.
271 1628 360 1662 ante
379 1637 580 1663 venenum.
606 1626 662 1662 At
680 1624 931 1673 mandragora

68 1694 254 1720 venenum
285 1680 438 1730 quidem
465 1685 542 1724 est,
568 1681 640 1718 scd
667 1680 929 1724 somniferam,

67 1750 140 1774 non
156 1735 399 1774 mortiferum.
451 1735 506 1774 lta
521 1737 694 1775 medicus
708 1738 849 1775 Antiae
865 1737 929 1774 dat

66 1792 167 1843 apud
182 1791 363 1844 Xenopll.
376 1791 711 1845 E1›}1es.lll.p.46.
726 1808 747 1843 q
757 1792 926 1842 ιὲρμιικων

65 1845 277 1898 θανάσιμον
296 1847 379 1900 οῖ’-χ,
402 1846 610 1887 ὑπνωτικὸν
629 1852 679 1888 δέ.
707 1849 927 1900 [Γθηεηηηι

65 1917 200 1942 vocem
227 1918 320 1942 esse
346 1905 510 1943 mediam
535 1909 651 1956 atque
672 1907 706 1943 in
727 1909 927 1954 utramque

61 1964 209 2011 partem
234 1962 373 2011 accipi,
400 1961 534 2011 probat
558 1961 791 2012 praeceteris
804 1960 927 1999 Gaius

63 2016 153 2066 Dig.
180 2020 251 2062 50,
279 2020 348 2060 16,
375 2020 474 2056 236:
506 2017 589 2062 Qui
613 2031 797 2056 cenenum
823 2017 927 2054 dicit

63 2073 243 2112 adiicere
273 2073 405 2116 dehet,
430 2073 577 2112 malum
609 2087 660 2111 an
693 2073 837 2111 bonum
862 2074 923 2117 sit,

63 2142 153 2167 nam
172 2133 211 2166 et
227 2128 516 2167 medicamenta
538 2142 683 2167 venena
703 2133 804 2170 sunt.
827 2130 922 2180 qnia

61 2198 109 2223 eo
122 2185 282 2222 nomine
297 2197 408 2222 omne
422 2185 663 2230 continetur,
680 2184 793 2237 qnod
806 2184 921 2222 adlei-

62 2241 184 2280 bitum
205 2241 287 2278 eins
301 2244 503 2283 mdnram,
526 2241 596 2279 σαί
611 2241 837 2279 adhibitum
852 2245 919 2284 est..

59 2301 200 2341 mutat,
210 2310 298 2335 cunz
313 2295 359 2333 id
375 2296 487 2358 quod
501 2310 572 2334 nos
581 2310 766 2334 renonum
767 2296 920 2347 appel

62 2352 205 2398 lamus,
224 2351 373 2391 Graeca?
393 2349 592 2401 ᾳάραακοι-
612 2353 764 2391 dicunt.
800 2352 920 2390 Vene-

58 2421 151 2447 num
175 2407 279 2446 istud
310 2407 629 2446 medicuuentum
660 2407 919 2459 soporiferum

58 2465 227 2502 nominat
251 2463 461 2515 Apuleius,
487 2465 588 2514 quod
617 2464 779 2501 eandem
805 2476 920 2514 quam

59 2533 247 2558 venenum
267 2519 410 2557 malum
430 2522 504 2558 vim
526 2520 669 2557 habere
688 2518 919 2571 videbatur]

112 2576 451 2627 mandragoram,
477 2576 584 2614 illud
607 2576 776 2627 ¹arm-ed.
791 2578 920 2627 ——sa-

57 2633 428 2684 mosum—efficax.
453 2631 525 2683 [lta
536 2631 740 2683 legendum
756 2636 794 2669 et
807 2632 920 2669 inter-

56 2688 300 2738 pungendum
328 2701 377 2725 ex
397 2689 552 2740 optimis
572 2688 684 2726 codd.
705 2701 797 2725 esse
816 2687 919 2733 duxi,

57 2743 243 2782 lectiones
268 2743 381 2782 codd.
400 2745 720 2797 mandrayoram
745 2744 918 2782 illum...

55 2801 263 2852 efficacem
299 2800 361 2837 vel
392 2801 701 2852 mandra-aomo
736 2799 844 2837 illud
857 2829 865 2837 .
881 2827 889 2835 .
904 2829 914 2838 .

55 2857 212 2907 efficax
224 2869 293 2906 pro
307 2856 664 2908 interpolationibus
681 2855 913 2895 librariorum

53 2911 215 2949 habens.
295 2911 398 2950 Nam
441 2912 634 2963 quomodo
669 2912 913 2950 accusativus

55 2967 374 3020 mandrayoram
406 2972 445 3006 et
474 2968 582 3008 illm]
613 2969 710 3006 inter
737 2981 784 3005 se
815 2980 914 3004 corn-

52 3023 144 3074 poni
185 3023 338 3074 possit,
383 3025 405 3062 ii
443 3037 492 3063 ne
529 3025 714 3076 suspicati
759 3022 914 3074 quidem

53 3082 154 3117 sunt.
225 3079 556 3133 Mandrayoram
585 3093 677 3118 vero
709 3083 770 3116 est
795 3092 913 3130 appo-

51 3133 140 3172 sitio
187 3135 236 3173 ad
283 3147 419 3174 vocem
466 3150 655 3175 vencnum
697 3135 912 3187 pertinens,

990 1344 1096 1382 illud
1130 1357 1222 1382 vero
1260 1355 1438 1395 quaeque
1474 1345 1686 1392 sequuntur
1720 1340 1853 1379 referri

989 1400 1108 1438 debet
1143 1400 1191 1437 ad
1230 1413 1434 1443 venenum,
1473 1411 1571 1449 quae
1608 1397 1853 1436 construendi

988 1457 1082 1493 ratio
1110 1468 1342 1506 quamquam
1368 1454 1510 1504 aliquid
1537 1453 1763 1491 offensionis
1783 1453 1851 1490 ha-

988 1513 1073 1553 bet,
1105 1516 1232 1550 tamen
1265 1510 1404 1549 salsam
1437 1523 1530 1548 esse
1561 1523 1647 1547 eam
1678 1522 1772 1548 cave
1805 1522 1852 1546 ne

989 1568 1105 1606 dicas.
1156 1567 1274 1605 Erant
1299 1568 1360 1617 qui
1381 1567 1640 1616 somniferam
1660 1565 1851 1604 mandra-

987 1638 1133 1677 (Joram
1165 1625 1393 1672 coniungere
1426 1622 1588 1666 vellent,
1625 1621 1729 1672 quod
1764 1634 1851 1658 mea

988 1680 1142 1731 quidem
1178 1681 1370 1717 sententia
1413 1683 1570 1729 propter
1610 1690 1723 1729 seqq.
1768 1690 1848 1714 ver-

988 1738 1121 1775 borum
1157 1736 1341 1773 rationem
1378 1735 1456 1772 fieri
1489 1735 1628 1784 nequit.
1685 1734 1760 1771 Vix
1795 1737 1848 1771 ta-

987 1806 1071 1830 men
1104 1791 1288 1829 credibile
1313 1796 1392 1837 est,
1434 1790 1628 1841 quomodo
1654 1788 1774 1833 Ou‹l.‚
1811 1790 1846 1826 in

986 1848 1134 1899 glossis
1177 1848 1457 1898 investigandis
1502 1850 1580 1884 tam
1624 1850 1759 1884 cautus
1800 1858 1847 1883 ac

985 1904 1215 1955 providens,
1252 1907 1388 1954 putare
1424 1903 1605 1954 potuerit,
1654 1902 1844 1940 mandra-

983 1974 1129 2013 floram
1159 1959 1222 1997 vel
1260 1960 1563 2011 mandragorae
1598 1972 1620 1996 a
1660 1958 1844 2007 margine,

983 2019 1040 2054 cui
1066 2016 1230 2054 diversis
1256 2015 1333 2053 illis
1359 2016 1515 2053 casibus
1541 2028 1563 2052 a
1586 2015 1703 2052 variis
1736 2013 1846 2051 fuerit

982 2072 1119 2117 adlita.
1146 2073 1180 2110 in
1207 2076 1352 2110 textum
1378 2071 1597 2121 irrepsisse.
1646 2069 1721 2116 Qut
1751 2070 1845 2108 talia

982 2128 1145 2179 profert,
1170 2126 1488 2165 consuetudinem
1508 2127 1656 2177 ignorat
1675 2125 1843 2164 librario·

979 2198 1076 2229 rum,
1104 2186 1166 2235 qui
1190 2185 1385 2221 tritissima
1405 2195 1582 2234 quaeque
1600 2182 1757 2233 margini
1779 2181 1843 2219 ad-

977 2241 1166 2286 scribunt,
1193 2253 1320 2290 neque
1344 2253 1436 2277 vero
1462 2243 1539 2277 tam
1559 2242 1705 2276 remota
1725 2242 1842 2288 atque

979 2297 1103 2334 docta.
1163 2296 1303 2334 Aliena
1339 2296 1437 2333 euim
1475 2298 1565 2332 sunt
1601 2307 1700 2344 quae
1738 2293 1842 2332 Oud.

978 2352 1124 2405 proseit
1138 2352 1318 2403 exempla
1332 2351 1512 2390 MetXll.
1528 2364 1563 2402 p.
1579 2353 1669 2391 469.
1685 2350 1840 2400 sopori-

974 2411 1108 2460 ferum
1124 2408 1333 2461 quoddam
1345 2421 1530 2447 cenenum
1546 2412 1584 2444 et
1592 2405 1692 2443 Vlll.
1702 2419 1737 2456 p.
1749 2409 1839 2445 539.

980 2465 1093 2517 quod
1138 2466 1414 2516 soporiferum
1460 2463 1650 2514 yerebam
1697 2463 1838 2500 re‘nwn.

977 2520 1016 2558 ln
1048 2521 1172 2571 priore
1204 2522 1302 2558 enim
1332 2519 1513 2570 exemplo
1540 2532 1587 2557 ne
1611 2519 1733 2568 potuit
1761 2518 1840 2567 qui-

978 2577 1065 2614 dem
1080 2577 1169 2615 addi
1184 2576 1319 2614 veneni
1333 2588 1491 2621 nomen,
1518 2575 1606 2625 quia
1629 2573 1839 2625 quoddam

978 2633 1170 2678 adiicitur,
1195 2634 1229 2671 in
1244 2632 1367 2671 altero
1382 2631 1511 2682 quidni
1531 2630 1719 2668 addiderit
1734 2630 1839 2679 Apu-

978 2687 1095 2734 leius,
1128 2689 1343 2733 nescimus,
1376 2700 1447 2725 nec
1472 2687 1677 2725 adderetur
1701 2698 1837 2722 neces-

972 2744 1115 2782 sarium
1140 2748 1232 2782 erat.
1282 2743 1367 2782 Hoc
1392 2757 1482 2781 vero
1509 2743 1594 2781 loco
1614 2754 1750 2779 nomen
1772 2749 1840 2791 po-'

973 2800 1105 2838 suisse
1130 2800 1270 2838 veneni
1295 2799 1507 2850 Apuleium
1530 2798 1668 2848 probat
1700 2810 1837 2847 prono-

972 2869 1059 2894 men
1074 2856 1193 2896 z‘llnd.
1241 2856 1556 2906 stIandrayvrae
1571 2854 1649 2890 vim
1662 2852 1838 2902 indigitat

973 2911 1118 2949 Colum.
1144 2911 1196 2951 X.
1225 2915 1304 2957 19.,
1335 2911 1399 2949 ubi
1430 2910 1477 2948 cl'.
1504 2909 1588 2947 lntt.
1615 2907 1739 2953 Elin„
1771 2908 1833 2959 qui

971 2967 1236 3017 Lindenbrog.
1260 2967 1399 3005 scrinia
1424 2965 1661 3016 compilavit,
1692 2965 1846 3003 excitat-

970 3022 1149 3062 Eustath.
1161 3023 1195 3060 in
1205 3021 1389 3061 Rasum.
1401 3021 1542 3059 Homil.
1552 3024 1587 3060 5.
1603 3019 1832 3058 Hexaemer.

972 3079 1043 3118 Ex
1067 3079 1401 3130 vtzttntlrayora
1425 3077 1692 3126 somnifera
1712 3075 1832 3115 medi-

971 3135 1129 3174 camina
1140 3138 1451 3186 componuntur,
1459 3131 1706 3185 yravz'ssimz's
1719 3143 1830 3171 mem-
