2221 3667
809 990 1648 1049 LIBERIX.

936 1241 1380 1290 CAPUT
1484 1243 1526 1291 Ι.

245 1380 311 1416 502
447 1369 515 1413 Sic
541 1371 607 1413 ille
632 1373 896 1426 nequissimus
923 1374 1106 1415 carnifex
1131 1382 1270 1415 contra
1294 1389 1356 1416 me
1377 1389 1516 1416 manus
1537 1375 1675 1430 impias
1699 1374 1943 1416 obarmabat.
1982 1375 2039 1416 At
2057 1389 2132 1429 ego

209 1438 312 1483 [217]
343 1425 638 1483 {praecipitante
652 1430 856 1470 consilium
872 1430 1032 1484 periculi
1050 1431 1147 1471 tanti
1163 1433 1384 1486 praesentia
1400 1446 1472 1472 nec
1485 1439 1694 1485 expectata
1709 1432 1857 1472 diutina
1872 1433 2129 1486 cogitatione,

332 1484 530 1525 lanienam
554 1485 820 1526 imminentem
848 1487 940 1540 fuga
965 1487 1093 1527 vitare
1118 1487 1254 1538 statui⁷
1282 1488 1552 1542 protinusque,
1580 1488 1738 1528 vinculo
1765 1503 1839 1542 quo
1861 1490 2010 1529 fueram
2038 1488 2132 1528 deli-

336 1547 451 1594 gatus
476 1541 662 1596 abrupto,
697 1556 816 1583 cursu
846 1557 907 1583 mc
933 1544 1104 1598 proripio
1129 1544 1222 1584 totis
1248 1545 1408 1598 pedibus
1440 1546 1487 1584 ad
1519 1545 1679 1584 tutelam
1712 1545 1851 1585 salutis
1877 1545 2028 1585 crebris
2054 1544 2133 1584 cal-

335 1597 443 1637 cibus
468 1598 672 1639 velitatus:
697 1599 878 1652 illicoque
904 1613 986 1649 me,
1015 1600 1155 1653 raptim
1184 1607 1413 1641 transcursa
1446 1601 1624 1654 proxima
1658 1601 1831 1655 porticu,
1866 1601 2059 1651 triclinio⁷
2092 1601 2130 1641 in

335 1668 412 1707 quo
454 1655 633 1695 dominus
675 1655 828 1696 aedium
865 1656 1118 1709 sacrificales,¹
1141 1657 1275 1711 epulas
1312 1670 1399 1697 cum
1436 1657 1708 1698 sacerdotibus
1750 1658 1845 1698 deae
1892 1657 2132 1708 coenitabat,

424 1773 524 1798 cotra
538 1773 573 1800 G.
589 1773 619 1801 1.
667 1770 876 1799 abarmnbat
888 1773 1002 1802 Venel.
1016 1774 1047 1802 2.
1073 1772 1233 1800 oburmat
1247 1770 1275 1802 δ’.
1325 1772 1465 1802 consilio
1479 1775 1514 1803 F.
1529 1776 1560 1803 3.
1587 1773 1648 1809 [ex
1660 1773 1877 1810 correctione)
1903 1776 1939 1804 G.
1957 1776 1986 1803 1.
2001 1776 2032 1804 2.
2046 1776 2082 1803 0.
2095 1776 2135 1803 D.

333 1818 370 1845 1..
393 1817 430 1844 In
445 1819 518 1845 cett.
533 1815 719 1844 consilium.
768 1817 1017 1853 mmipericulz'
1028 1819 1159 1847 inverso
1172 1819 1285 1847 ordine
1299 1815 1329 1847 δ.
1377 1818 1542 1847 lanimem
1558 1828 1589 1854 p.
1625 1819 1792 1847 lamenam
1812 1823 1848 1848 G.
1862 1822 1892 1849 2.
1908 1821 1947 1849 D.
1968 1828 2024 1855 pro
2038 1828 2136 1849 more.

334 1860 479 1898 abrupto
501 1863 537 1892 G.
559 1861 588 1890 1.
609 1863 667 1890 sed
685 1861 703 1889 h
723 1870 744 1891 a
761 1870 800 1891 m.
821 1871 848 1891 s.
867 1866 903 1891 ut
920 1863 1060 1892 videtur.
1096 1866 1242 1901 arrupto
1257 1865 1327 1893 edd.
1347 1868 1424 1893 vett.
1438 1865 1527 1894 Colv.
1540 1866 1635 1895 vulo.
1649 1867 1680 1894 2.
1717 1864 1858 1902 obrupto
1873 1875 1906 1899 φ.
1943 1868 2091 1902 arruptn
2106 1873 2137 1900 p.

334 1905 495 1943 abrumpo
508 1909 547 1935 D.
562 1909 722 1936 stewech.
738 1910 874 1944 arupto.
917 1907 1094 1945 proprt'pr’o
1109 1911 1144 1937 G.
1156 1911 1184 1938 1.
1200 1917 1220 1938 a
1233 1917 1274 1938 m.
1289 1918 1318 1945 p.
1339 1917 1447 1946 propo
1466 1911 1538 1938 loco
1556 1908 1619 1938 τοῦ
1637 1910 1793 1947 proripio
1802 1912 1841 1941 D.
1887 1909 2012 1939 salutis
2020 1911 2056 1939 F.
2070 1912 2138 1939 1.3.

335 1954 372 1980 G.
389 1953 417 1980 1.
433 1954 464 1981 2.
479 1954 513 1981 0.
528 1954 565 1980 D.
580 1954 615 1981 P.
630 1951 663 1989 β.
679 1956 723 1981 Μ.
738 1953 759 1982 f.
773 1955 810 1982 L.
824 1960 860 1982 π.
875 1949 904 1982 ὃ.
919 1956 1004 1982 lunt.
1018 1956 1048 1982 2.
1064 1956 1148 1983 Elm.
1162 1956 1303 1984 Scriver.
1328 1957 1363 1984 ln
1377 1959 1451 1984 cert.
1470 1954 1650 1985 salubrem.
1681 1956 1683 1958 '
1700 1954 1841 1983 tutelam
1861 1955 2010 1984 salubris
2030 1954 2131 1983 calci-

334 1996 394 2024 bus
406 2005 434 2032 p.
483 1996 662 2026 vellicatus
681 1999 786 2027 Paris.
833 1997 1019 2036 illt'quoqzce
1039 2001 1075 2028 G.
1098 2002 1126 2028 1.
1175 2008 1226 2027 me
1244 2008 1308 2029 non
1333 2004 1499 2035 comparet
1517 2001 1551 2029 in
1571 2009 1600 2035 p.
1650 2003 1831 2030 trascursa
1852 2002 1887 2030 G.
1910 2003 1939 2030 1.
1982 2001 2137 2038 pros-ima

335 2043 373 2071 G.
388 2044 417 2071 1.
442 2045 523 2072 Mss.
539 2047 571 2072 et
583 2044 664 2073 Edu.
679 2044 1058 2080 constanterprm-ima‚
1086 2045 1153 2074 nisi
1166 2046 1249 2080 quod
1262 2046 1414 2075 Floridus
1427 2047 1615 2080 vulgaverit
1629 2046 1761 2084 prima,
1787 2048 1869 2081 quod
1889 2048 1973 2075 unde
1992 2047 2140 2075 hauserit

333 2095 398 2116 nou
419 2091 565 2122 apertum
584 2092 644 2117 est.
691 2087 783 2116 eslius
804 2092 840 2118 G.
862 2090 892 2118 1.
918 2090 997 2125 (nec
1017 2091 1054 2119 G.
1074 2092 1106 2119 2.
1125 2091 1181 2125 qui
1206 2095 1374 2125 praeterea
1392 2092 1426 2120 in
1450 2092 1612 2126 excerptis
1631 2093 1710 2120 Oud.
1747 2090 1984 2127 sucat-{ficales
2011 2092 2138 2127 hahet).

337 2131 488 2161 aeditum
500 2141 532 2169 p.
568 2132 743 2162 aediumsa
757 2132 951 2171 carificales
966 2137 1002 2165 G.
1015 2137 1047 2165 2.
1061 2137 1099 2165 D.
1109 2158 1118 2175 ,
1143 2136 1199 2171 qui
1212 2137 1370 2172 posterior
1381 2139 1462 2166 haec
1476 2138 1537 2165 duo
1551 2140 1652 2166 vocab
1659 2139 1713 2166 ula
1726 2137 1758 2166 in
1774 2146 1871 2166 unum
1885 2137 2063 2173 coniungit.

396 2231 526 2271 cml.
549 2233 860 2284 praecipitante
874 2234 1098 2274 consilium.
1132 2234 1212 2287 [Ne

338 2288 546 2327 lectionem
562 2290 753 2334 consilio,
779 2291 930 2341 quaein
945 2291 1078 2329 multis
1097 2291 1213 2331 codd.

339 2345 545 2391 invenitur,
576 2347 889 2397 comprobarem,
921 2347 1122 2399 impedivit
1150 2361 1214 2387 me

338 2402 453 2448 ratio,
480 2414 596 2453 quam
619 2402 656 2440 in
683 2403 767 2441 cod.
793 2402 965 2442 Florent.
993 2408 1030 2445 3.
1055 2418 1215 2457 semper

339 2461 502 2497 secutus
527 2472 635 2504 sum,
667 2459 726 2497 cui
757 2460 902 2511 ubique
933 2460 1214 2513 obtemperavi,

341 2515 415 2553 nisi
445 2529 470 2554 a
498 2528 612 2554 manu
642 2517 869 2555 correctrice
900 2515 1014 2556 lectio
1038 2518 1215 2569 profecta

343 2575 468 2610 esset.
519 2571 635 2618 Quod
662 2585 777 2623 quum
811 2573 863 2612 ita
891 2574 961 2619 sit,
1002 2576 1217 2615 consilium

344 2629 379 2666 in
394 2632 542 2666 textum
562 2630 704 2679 recepi.
758 2629 938 2669 Consilio
951 2643 1044 2669 vero
1059 2631 1216 2670 defendi

344 2685 448 2723 bene
462 2688 611 2735 potest,
639 2684 744 2736 quod
761 2686 922 2725 verbum
931 2689 1217 2740 praecipitare

346 2754 422 2779 non
452 2741 581 2779 activa
610 2745 758 2780 tantum
793 2742 867 2780 sed
899 2748 1033 2782 neutra
1063 2757 1219 2795 quoque

346 2796 644 2848 significatione,
669 2811 743 2836 nec
757 2799 795 2836 id
811 2802 888 2837 tam
902 2812 986 2837 raro
1002 2805 1220 2852 usurpatur.

349 2853 398 2891 cf.
430 2853 497 2892 Dr.
533 2854 583 2892 ad
607 2853 692 2892 Liv.
717 2853 850 2893 XXV.
879 2860 940 2896 11.
973 2857 1003 2907 ξ.
1031 2861 1069 2898 6.
1098 2856 1221 2909 Apul.

348 2908 499 2948 Florid.
523 2924 559 2961 p.
575 2914 640 2951 43.
667 2925 756 2951 cum
780 2913 823 2950 in
842 2917 1007 2963 petram
1100 2928 1222 2965 prae-

351 2966 514 3017 cipitat,
538 2967 602 3005 ubi
627 2967 692 3005 alii
715 2968 860 3006 malunt
879 2971 1217 3023 praecipitatum]

410 3021 575 3061 tutelam
598 3024 751 3063 salutis.
777 3023 834 3063 lta
859 3038 909 3063 ex
934 3027 1091 3077 optimis
1115 3026 1219 3065 Mss.

354 3075 455 3115 dedi.
480 3078 528 3117 cf.
553 3079 651 3118 Met.
677 3079 723 3119 ll.
747 3095 785 3132 p.
814 3085 904 3122 134.
935 3083 1022 3135 ipsc
1045 3083 1221 3123 salutis

356 3145 464 3173 meae
482 3136 745 3187 praesidia
769 3138 949 3191 gestabo.
973 3138 1042 3179 Vl.
1066 3152 1104 3191 p.
1128 3143 1219 3181 437.

1265 2236 1574 2288 praesidium
1585 2249 1695 2275 meae
1707 2236 1893 2277 salutis.
1913 2234 1982 2274 XI.
1997 2238 2138 2288 p.798.

1271 2297 1310 2332 et
1343 2293 1521 2332 salutis
1564 2293 1765 2331 tutelam
1805 2294 1849 2331 in
1884 2293 1985 2331 deae
2019 2307 2140 2332 mmm

1266 2349 1418 2402 posita.
1468 2347 1544 2386 Cur
1568 2348 1682 2399 igitur
1705 2348 1860 2388 Ruhnk.
1886 2349 1922 2386 in
1947 2352 2056 2387 textu
2082 2362 2140 2388 Ja-

1273 2405 1423 2444 lubrem
1448 2406 1659 2451 retinuerit,
1685 2406 1733 2444 ab
1759 2405 1861 2445 Oud.
1889 2405 1975 2457 ipso
2001 2405 2141 2456 impro-

1271 2463 1403 2500 batum
1427 2462 1574 2512 percipi
1598 2475 1672 2500 non
1697 2466 1841 2513 potest.

1327 2519 1588 2571 sacrificales.
1635 2517 1699 2557 De
1729 2532 1837 2557 more
1866 2521 2059 2564 veterum,
2092 2517 2142 2556 de

1273 2575 1377 2613 extis
1402 2574 1657 2626 reliquiisque
1681 2573 1768 2613 aliis
1787 2575 2056 2614 sacrificiorum
2077 2573 2142 2612 do-

1272 2645 1376 2670 mum
1400 2644 1535 2669 secum
1560 2633 1772 2683 asportatis
1798 2631 2004 2677 coenandi,
2029 2629 2142 2682 pluri-

1273 2702 1361 2727 mos
1386 2691 1560 2726 veterum
1585 2687 1695 2726 locos
1720 2687 1821 2727 Elm.
1846 2688 1976 2733 affert,
2004 2688 2143 2738 quibus

1277 2743 1385 2783 lubet
1398 2744 1581 2783 adiicere:
1596 2743 1855 2784 Plaut.Poen.
1868 2743 1913 2783 ll.
1929 2748 1992 2784 44.
2007 2743 2143 2782 Horat.

1279 2801 1403 2840 Serm.
1424 2799 1470 2840 Il.
1492 2804 1528 2842 6.
1551 2804 1615 2842 66.
1642 2800 1802 2839 Tertull.
1818 2800 1868 2838 (le
1882 2801 2015 2852 Spect.
2031 2814 2065 2840 c.
2081 2803 2143 2840 13.

1277 2871 1315 2909 p.
1341 2861 1408 2898 79.
1443 2857 1482 2896 A
1517 2855 1661 2908 Rigalt.
1688 2857 1875 2896 Convivia
1909 2858 2026 2896 etiam
2054 2857 2145 2895 hinc

1277 2912 1473 2952 solemnia
1497 2914 1674 2953 confecta
1697 2915 1923 2965 amicosque
1954 2918 2144 2965 exceptos

1277 2970 1418 3017 fuisse,
1443 2970 1546 3009 idem
1572 2970 1811 3009 demonstrat
1835 2983 1885 3008 ex
1909 2968 2143 3009 Arnolel.

1281 3031 1342 3068 17.
1373 3028 1426 3066 ita
1450 3025 1652 3078 explicans
1676 3026 1806 3066 Plaut.
1836 3026 1981 3078 Amph.
2012 3025 2076 3064 ΙΙΙ.
2106 3029 2143 3066 3.

1281 3082 1531 3124 12eP0enu1.
1546 3082 1608 3123 Ill.
1623 3087 1694 3124 3.1
1714 3097 1802 3135 Sqq.
1825 3082 1908 3123 Mil.
1922 3082 1984 3121 III.
2002 3087 2035 3122 1.
2054 3086 2144 3123 117.

1280 3139 1403 3180 Stich.
1435 3139 1480 3179 ll.
1515 3143 1551 3180 1.
1582 3144 1646 3182 96.
1675 3139 1782 3191 Ῡὶῑς.
1808 3139 1908 3179 Aen.
1922 3138 2027 3180 Vlll.
2054 3141 2143 3180 183.
