2155 3590
686 155 868 195 LIBER
891 154 942 194 X.
1001 152 1126 193 CAP.
1156 150 1321 192 XXIX.

625 368 1382 420 CAPUT-XXIX.

225 503 335 544 Talis
366 504 539 544 mulieris
572 505 776 558 publicitus
815 502 1104 543 matrimonium
1141 501 1439 540 conl'arralurus
1480 497 1707 551 ingentique
1749 508 1898 549 angore

116 560 252 614 oppido
288 574 501 613 suspensus
538 561 814 614 exspectabam
851 561 949 599 diem
987 557 1182 607 muneris,
1221 554 1576 610 saepiuslquidem
1613 560 1774 593 mortem
1808 551 1899 591 mihi
1925 549 2022 590 [²53]

114 630 200 656 mea
214 616 351 657 volens
372 630 487 657 manu
503 617 768 667 consciscere,
796 616 1021 670 priusquam
1042 617 1263 654 scelerosae
1278 611 1452 651 mulieris
1467 610 1648 663 contagio
1663 609 1898 658 macularer,

204 744 455 772 matrimonium
474 754 535 773 non
556 749 600 773 est
622 745 654 773 in
674 742 702 774 δ.
750 735 1020 782 confarralurits
1033 743 1069 770 F.
1088 743 1113 770 l.
1128 743 1158 770 3.
1173 743 1209 769 G.
1224 743 1254 769 2.
1276 742 1315 769 D.
1336 741 1371 769 B.
1392 748 1420 774 p.
1440 739 1510 767 edd.
1531 741 1607 766 vett.
1627 741 1753 772 praeter
1769 738 1852 765 lunt.
1872 738 1902 764 2.

116 789 379 827 confutaturus
395 791 415 818 f.
429 795 508 819 teste
522 792 635 818 Roalu.

116 838 144 863 et
161 835 182 863 f.
197 838 278 863 leste
291 836 369 864 Oud.

115 879 190 906 Imm
204 880 288 908 haud
303 885 485 915 comparent
501 881 533 908 in
548 878 576 908 δ.

418 835 667 873 confaralurus
681 835 807 863 Vicent.
830 836 866 862 In
881 837 952 862 ceu.
966 832 1244 870 cnufareatmvaes.

626 878 708 907 ma'ln'
724 888 797 906 mea
818 878 928 906 voleus
947 885 1048 904 manu
1068 876 1275 904 consciscere
1293 876 1329 903 F.
1344 876 1373 903 3.
1390 877 1425 903 G.
1445 876 1471 902 1.
1485 876 1516 902 2.
1530 875 1564 903 Ο.
1591 868 1690 911 (teste
1703 871 1798 907 Oud.)
1819 872 1854 900 P.
1867 872 1906 899 1).

685 789 950 828 confortaturus
964 789 997 816 0.
1013 791 1041 815 et
1057 789 1092 815 G.
1108 788 1136 814 2.
1164 781 1213 824 (in
1232 785 1396 820 excerptis
1416 784 1515 819 Oud.)
1547 782 1809 821 confortaturus
1823 784 1858 809 G.
1875 783 1903 809 ι.

1292 831 1399 858 Verba
1413 837 1539 866 angore
1552 835 1654 861 usque
1668 828 1707 855 ad
1723 829 1904 862 e.z‘specta-

115 926 152 953 L.
167 924 187 953 f.
202 926 239 953 R.
254 922 282 953 ὃ.
297 926 386 954 Colv.
401 929 429 953 et
444 933 530 960 seqq.
556 925 640 960 (nisi
660 926 742 959 quod
762 926 797 953 G.
811 926 841 953 2.
861 926 955 952 habet
976 921 1093 956 voles.)
1120 924 1258 948 martem
1279 918 1362 947 mihi
1371 922 1460 947 metu
1473 917 1586 947 volens
1599 917 1806 944 consciscere
1824 917 1859 945 F.
1878 917 1906 944 1.

116 972 238 996 metum
252 973 390 997 martem
406 969 487 997 misai
500 970 610 997 colens
625 970 832 997 consciscere
845 970 881 998 B.
896 969 928 996 in
946 968 1108 1001 excerptis
1122 967 1238 1002 modii,
1264 967 1347 994 Elin.
1362 973 1402 994 ex
1416 973 1451 994 eo
1467 964 1614 999 protulit:
1639 961 1722 989 mila·
1739 964 1827 989 metu
1847 969 1906 988 vo-

116 1013 186 1042 lens
199 1018 340 1042 nturlem.
353 1015 568 1042 conset-8097?-

116 1061 213 1089 etiam
227 1062 261 1089 0.
275 1063 370 1089 habet
386 1065 464 1089 [este
479 1062 631 1090 Σὴθ-560.
679 1060 846 1087 cous-isere
858 1060 894 1088 G.
914 1061 940 1087 l.

119 1183 230 1207 omne
256 1170 405 1208 facinus
431 1183 612 1220 negasse,
639 1169 755 1219 idque
774 1168 982 1219 Apuleium

615 1018 703 1042 metu
721 1017 860 1041 mut-tem
880 1011 962 1040 milii
978 1011 1090 1040 volens
1109 1011 1315 1039 consciscere
1332 1019 1363 1046 p.
1378 1015 1407 1040 et
1422 1011 1492 1039 edd.
1506 1014 1582 1038 vett.
1595 1012 1668 1037 ante
1683 1008 1770 1037 c01v.

987 1056 1177 1085 macularet
1192 1058 1227 1085 G.
1246 1057 1272 1084 1.

1818 1015 1847 1033 m
1851 1015 1867 1032 e
1872 1009 1906 1033 tu

1040 1168 1092 1206 ita
1117 1166 1233 1218 plane
1259 1167 1484 1204 contrarium
1506 1164 1635 1202 verbis
1656 1176 1768 1214 seqq.
1788 1175 1908 1201 manu

119 1227 314 1271 omisisse,
338 1230 380 1264 ut
402 1240 472 1277 per
491 1239 537 1262 se
556 1226 654 1264 satis
673 1225 981 1268 existimandum,
1035 1225 1223 1276 privatus
1248 1222 1407 1275 exprimi
1434 1222 1629 1274 putabant.
1678 1219 1778 1258 Hinc
1802 1222 1906 1256 metu

119 1286 185 1320 aut
209 1282 368 1320 muliere
393 1282 561 1320 inaudita
586 1296 724 1319 servos
754 1281 882 1318 statim
910 1284 982 1318 tor-

119 1339 257 1376 mentis
271 1338 470 1375 subiectos
486 1351 591 1382 esse,
613 1352 659 1375 ne
675 1337 855 1387 praemiis
876 1350 896 1375 a
917 1337 983 1373 do-

118 1395 219 1434 mina
238 1392 431 1432 scelerata
451 1394 636 1444 corrumpi
658 1397 833 1444 possent,
856 1406 903 1429 ne
925 1406 986 1428 ve-

118 1451 268 1488 ritatem
284 1449 590 1494 dissimularent,
611 1448 840 1499 praesertim
856 1462 985 1498 quum,

119 1508 153 1545 si
168 1506 257 1544 talia
271 1510 542 1557 perpetrasset
557 1506 709 1550 semina,
719 1518 882 1556 praeses
896 1518 986 1556 spe-

120 1576 204 1601 rare
224 1577 296 1601 non
317 1566 468 1613 posset,
483 1576 567 1600 eam
588 1575 687 1613 quae
706 1565 821 1612 gesta
840 1565 986 1606 essent,

120 1620 271 1658 sincere
296 1618 564 1657 confessuram
592 1618 720 1670 esse]

179 1674 264 1713 Cu».
279 1673 428 1713 XXIX.
468 1678 793 1725 confarratnrccs.
827 1671 986 1724 [Mirum

122 1737 200 1777 est,
227 1731 331 1782 quod
357 1744 494 1769 omnes
520 1730 600 1768 fere
625 1730 738 1768 codd.
769 1729 832 1766 vel
860 1742 986 1766 corru-

121 1788 300 1840 ptissime
313 1786 414 1825 hanc
428 1787 631 1825 lectionem
647 1790 711 1825 aut
726 1786 910 1835 praebent
922 1788 988 1822 aut

122 1858 171 1882 ex
193 1844 370 1894 vestigiis
391 1843 599 1881 litterarum
620 1848 755 1892 aperte
777 1841 988 1892 indigitant.

122 1901 185 1939 De
200 1902 340 1952 nuptiis
357 1913 454 1950 quas
471 1899 599 1937 dicunt
618 1898 892 1949 confarreatis
912 1897 988 1934 iam

122 1957 265 1995 dictum
291 1960 353 1994 est
376 1956 425 1994 ad
440 1956 535 1994 Met.
554 1955 598 1993 Υ.
622 1969 657 2006 p.
674 1958 786 1998 370..
811 1954 858 1991 ad
875 1967 988 2004 quem

123 2013 250 2051 locum
265 2012 364 2050 vide.
395 2011 444 2050 [It
457 2025 548 2049 vero
566 2016 697 2049 contra
716 2014 804 2048 cett.
821 2009 986 2061 interpp.

122 2069 338 2107 sententias
370 2071 688 2119 confarratarus
721 2081 793 2104 non
821 2070 986 2118 confar-

122 2130 309 2164 reaturus
337 2124 564 2168 scriberem,
595 2123 712 2161 movit
741 2136 802 2160 me
824 2122 986 2172 Dionys.

122 2181 247 2220 Halic.
274 2180 318 2219 11.
350 2182 411 2220 15.
436 2181 664 2225 auctoritas,
697 2179 759 2229 qni
791 2180 988 2230 φιιῤῥακία

122 2238 196 2276 has
220 2237 426 2287 religiosas
451 2236 713 2275 Romanorum
743 2236 896 2286 nuptias
922 2249 986 2272 no-

121 2294 241 2332 minat
254 2291 312 2332 ἐπὶ
327 2293 391 2343 τῆς
404 2295 597 2339 κοινωνίας
608 2296 675 2330 τοῦ
696 2291 859 2342 (φαρρὸς,
884 2291 986 2329 unde

123 2353 427 2388 consentaneum
464 2350 519 2394 lit,
553 2349 764 2399 sarracia,
804 2349 989 2398 sarratc‘o

122 2406 234 2445 simil.
260 2406 473 2457 scripsisse
499 2404 712 2450 Romanos,
740 2403 988 2454 quemadmo-

123 2463 214 2507 dum
237 2465 426 2514 furratas
445 2461 480 2499 in
507 2475 577 2499 usu
605 2465 667 2498 est
691 2461 794 2511 apud
822 2459 989 2498 luvenal.

121 2517 191 2557 Xl.
221 2521 311 2559 109.
337 2517 449 2556 Pers.
465 2517 529 2555 lV.
546 2521 609 2557 30.
637 2517 686 2555 cl'.
706 2517 791 2555 lutt.
812 2516 861 2555 ad
880 2515 988 2555 Fest.

124 2589 157 2614 v.
180 2577 367 2626 farreum
382 2588 417 2625 p.
434 2578 497 2615 (57.
520 2577 559 2611 et
579 2577 671 2613 407.
693 2577 787 2613 4⁴28.
811 2572 989 2611 Lindem.

123 2631 207 2669 lntt.
233 2630 283 2669 ad
309 2630 432 2668 Tacit.
459 2629 601 2668 Annal.
628 2629 694 2668 lv.
724 2633 785 2669 16.
820 2628 992 2668 Brisson.

124 2688 174 2726 (16
205 2687 283 2726 Rit.
313 2686 432 2738 Nupt.
465 2687 500 2723 in
536 2687 674 2725 Graev.
708 2683 828 2722 Thes.
860 2686 992 2736 Antiq.

126 2743 171 2782 Τ.
188 2742 289 2781 Vlll.
315 2757 353 2795 p.
384 2747 501 2783 1018.
530 2742 665 2780 Gloss.
693 2740 843 2779 Philox.
870 2756 906 2793 p.
927 2746 992 2782 47.

125 2800 414 2850 confarrealus
433 2795 672 2851 συμβιώσιςως
689 2796 794 2850 χάριν
816 2796 991 2850 §vltis-[9]

178 2860 345 2895 mortem
370 2856 466 2895 milti
491 2869 575 2893 mea
600 2854 737 2893 volens
760 2868 881 2894 ηιαιιιι
900 2868 993 2893 con·

126 2912 308 2951 sciscere.
369 2911 552 2949 Varietas
590 2909 786 2956 lectionis,
824 2923 900 2960 qua
936 2910 998 2949 hic

128 2968 242 3006 locus
267 2967 423 3006 miritice
447 2967 707 3019 perturbatur,
738 2965 914 3017 prosecta
943 2967 997 3003 vi-

128 3023 240 3061 detur
271 3036 365 3062 esse
398 3037 447 3062 ex
478 3023 715 3061 dubitatione
747 3022 997 3068 librariorum,

130 3080 193 3131 qui
219 3093 372 3119 manum
398 3095 471 3119 non
498 3080 642 3118 habere
661 3078 823 3117 Lucium
849 3079 998 3116 asinum

129 3140 308 3176 accurate
338 3150 407 3190 pro
438 3137 592 3190 ingenio
618 3135 924 3188 perspiciebant,
962 3138 999 3173 et

1043 1280 1296 1324 fabricabant,
1323 1292 1436 1328 quem
1462 1282 1588 1316 tamen
1614 1276 1675 1315 hic
1697 1276 1822 1313 locum
1840 1274 1908 1312 ha-

1040 1337 1133 1373 bere
1156 1350 1228 1373 non
1250 1348 1389 1387 posse,
1415 1334 1515 1372 Oud.
1537 1337 1641 1372 recte
1655 1332 1909 1374 demonstrat,

1045 1394 1135 1442 quia
1149 1393 1184 1429 in
1199 1405 1309 1441 seqq.
1326 1391 1480 1428 demum
1494 1390 1543 1427 de
1557 1403 1603 1428 eo
1618 1393 1752 1439 agatur
1766 1401 1802 1438 p.
1818 1389 1909 1427 749.

1045 1448 1101 1487 At
1124 1462 1204 1499 051⁰
1226 1452 1393 1498 praeter
1414 1446 1618 1498 pudorem
1641 1444 1818 1483 obeundi
1836 1458 1911 1495 pu-

1046 1505 1150 1543 blice
1182 1503 1438 1549 concubitus,
1472 1507 1638 1554 praeter
1675 1500 1911 1552 contayium

1044 1561 1234 1599 scelestae
1260 1559 1530 1612 pollutaeque
1558 1559 1754 1608 feminae,
1791 1559 1912 1595 metet

1045 1617 1163 1655 etiam
1201 1617 1366 1654 mortis
1403 1615 1622 1654 cruciabar
1659 1613 1831 1652 maxime

1048 1672 1165 1725 Eryo
1191 1673 1324 1724 iyitur
1349 1686 1430 1710 uon
1457 1671 1508 1709 (Ie
1530 1671 1695 1721 pudore
1719 1670 1817 1715 iam,
1842 1667 1914 1707 sed

1045 1729 1097 1767 de
1109 1729 1238 1768 salute
1251 1730 1342 1780 ipsa
1353 1728 1570 1772 sollicitas,
1596 1726 1698 1764 unde
1712 1724 1913 1763 ridiculum

1045 1789 1171 1830 esset,
1208 1786 1240 1822 si
1266 1798 1353 1822 eum
1387 1783 1448 1821 hic
1478 1785 1552 1822 iam
1585 1784 1912 1820 commemoraret.

1047 1841 1149 1880 Oud.
1174 1841 1286 1891 igitur
1311 1844 1435 1892 putat,
1461 1844 1500 1877 et
1525 1844 1627 1879 metu
1643 1842 1680 1876 et
1694 1852 1780 1877 mea
1793 1852 1914 1876 viarm

1047 1913 1070 1936 a
1106 1897 1338 1948 glossatoris
1370 1910 1483 1934 manu
1525 1895 1666 1934 adsuta
1708 1899 1746 1932 et
1781 1894 1915 1945 spuria

1047 1967 1161 1997 esse,
1210 1953 1378 2004 ideoque
1419 1953 1640 2003 suspicatur
1690 1950 1915 2002 legendum:

1047 2015 1211 2048 mortem
1245 2010 1344 2047 mihi
1378 2008 1622 2048 mehercules
1659 2007 1791 2046 colens
1823 2021 1915 2045 con-

1045 2067 1226 2105 sciscere.
1258 2065 1564 2103 Contractionem
1580 2065 1678 2102 enim
1695 2063 1802 2102 vocis
1815 2062 1914 2101 mele.

1046 2122 1107 2160 hic
1132 2137 1203 2160 non
1230 2126 1470 2174 perceptam,
1504 2121 1564 2158 vel
1598 2135 1671 2158 non
1699 2121 1798 2158 bene
1823 2119 1915 2157 scri-

1046 2183 1151 2229 ptam
1184 2183 1249 2217 aut.
1280 2179 1420 2217 lectam
1446 2177 1652 2228 peperisse
1682 2191 1771 2215 mea
1808 2175 1913 2213 nullo

1045 2249 1187 2280 sensu,
1219 2235 1383 2285 hincque
1415 2234 1514 2273 alios
1544 2239 1648 2273 meta
1673 2232 1914 2283 reposuisse,

1044 2291 1144 2329 alios
1159 2306 1279 2330 ηιιυιιι
1292 2291 1506 2329 addidisse.
1535 2290 1638 2341 [Hac
1658 2289 1916 2341 explicatione

1049 2348 1098 2386 nil
1125 2348 1282 2398 cogitari
1310 2351 1441 2399 potest
1466 2346 1670 2385 infelicius.
1699 2345 1754 2383 lta
1780 2358 1916 2382 omnes

1049 2405 1202 2442 oumino
1240 2408 1413 2442 veterum
1454 2403 1526 2441 loci
1562 2403 1764 2454 depravati
1801 2401 1917 2438 facile

1048 2466 1214 2511 possunt
1233 2461 1392 2499 restitui.
1426 2459 1510 2511 Ego
1525 2473 1609 2499 mea
1625 2474 1744 2498 ηιαηιι
1758 2459 1916 2495 retineo.

1049 2517 1246 2555 Solemnis
1268 2518 1367 2555 enim
1389 2521 1451 2554 est
1472 2516 1630 2554 locutio:
1656 2520 1819 2554 mortem
1842 2514 1918 2552 sibi

1046 2588 1167 2612 maun
1193 2575 1459 2619 consciscere,
1485 2572 1547 2610 vel
1575 2572 1625 2610 ‹le
1657 2573 1720 2617 iis,
1753 2571 1815 2621 qui
1842 2584 1916 2608 non

1051 2644 1190 2674 mama,
1221 2630 1291 2667 sed
1319 2630 1394 2667 alia
1419 2629 1567 2668 ratione
1601 2642 1724 2678 eaque
1750 2627 1919 2664 violenta.

1050 2690 1214 2723 mortem
1245 2687 1318 2723 sibi
1354 2685 1427 2736 ipsi
1459 2689 1612 2736 parant,
1649 2689 1690 2722 ut
1727 2683 1918 2733 Apuleius

1050 2741 1099 2780 ad
1115 2744 1280 2779 nativam
1295 2743 1379 2779 eius
1392 2742 1707 2791 significationem
1725 2741 1922 2791 cogitasse

1050 2799 1272 2848 neutiquam
1309 2798 1504 2850 putandus
1541 2798 1602 2836 sit.
1664 2797 1752 2835 Alio
1791 2795 1920 2841 modo,

1051 2854 1124 2892 nisi
1148 2854 1362 2905 suspendio
1388 2858 1427 2892 et
1450 2853 1581 2903 gladio
1608 2853 1681 2892 hoc
1706 2852 1782 2890 lieri
1805 2865 1919 2903 quum

1056 2924 1129 2948 non
1166 2915 1324 2961 posset,
1367 2910 1457 2960 quia
1492 2910 1670 2947 custodia
1700 2907 1840 2946 domini
1874 2920 1921 2946 ne

1055 2966 1168 3003 undis
1183 2980 1228 3003 se
1242 2967 1522 3015 submergeret,
1547 2965 1834 3016 prohibebatur,
1861 2977 1921 3001 ve-

1056 3036 1196 3060 nenum
1227 3023 1361 3059 asinus
1392 3017 1616 3073 comparare
1647 3021 1721 3059 sibi
1753 3035 1825 3059 non
1851 3034 1920 3073 po-

1056 3078 1142 3124 tnit,
1170 3079 1412 3128 querebatur,
1439 3077 1543 3128 qnod
1569 3077 1732 3116 deesset
1749 3077 1821 3115 sibi
1843 3090 1921 3115 ma-

1056 3148 1147 3183 nns,
1180 3148 1255 3187 qua
1286 3134 1421 3175 leniter
1453 3138 1492 3172 et
1523 3134 1596 3173 cito
1627 3133 1706 3173 vita
1731 3132 1923 3173 excedere
