2155 3590
691 134 880 174 LIBER
903 135 953 174 Χ.
1003 133 1130 174 ΟΑΡ.
1155 134 1254 174 XII.
1780 129 1862 172 903

88 246 134 286 de
159 245 281 295 curia,
309 245 354 285 de
379 245 625 299 optimatibus
651 259 763 286 nemo
789 259 835 286 ac
859 259 907 285 ne
932 246 1012 285 de
1002 260 1084 310 ipso
1110 245 1259 299 quidem
1286 245 1423 299 populo
1449 245 1666 298 quisquam,
1694 242 1757 296 qui
1783 256 1863 281 non

86 301 177 342 illuc
191 301 344 341 curiose
358 301 606 341 confluxerit.
655 301 760 342 Ecce
779 308 890 355 pater
906 302 986 341 suis
1006 302 1087 355 ipse
1106 301 1283 341 manibus
1304 300 1532 354 cooperculo
1553 299 1677 354 capuli
1695 305 1858 347 remoto,

86 357 325 397 commodum
351 357 524 397 discusso
550 358 751 398 mortifero
769 371 930 411 sopore,
957 364 1182 410 surgentem
1201 356 1436 420 postlimini-o
1455 356 1591 395 mortis
1611 354 1863 408 deprehendit

84 413 218 463 filium,
245 420 408 466 eumque
434 413 658 466 complexus
683 413 892 461 artissime,
919 412 1086 452 verbis
1075 426 1200 466 impar
1223 412 1466 465 praesenti&
1446 412 1584 451 ‹raudio
1610 410 1790 464 producit
1813 410 1860 449 ad

84 469 279 523 populum.
339 469 470 522 Atque
507 476 548 508 ut
583 477 668 510 erat
709 470 831 510 adhuc
867 468 1052 509 feralibus
1089 468 1262 507 amiculis
1297 467 1499 507 instrictus
1536 475 1651 520 atque
1688 465 1856 516 obditus,

926 609 961 636 G.
981 609 1011 636 2.
1031 608 1066 635 Ρ.
1085 608 1123 635 D.
1142 608 1178 635 L.
1227 605 1390 643 qm‘spv'mu
1412 606 1432 633 f.
1453 602 1481 633 δ.
1503 606 1571 634 cod.
1591 606 1754 633 Petrarch.
1803 604 1863 641 qw‘

82 607 216 636 decurio
234 609 270 637 F.
293 609 322 637 1.
342 608 375 636 in
395 609 555 643 excerptis
574 611 613 638 ad
628 617 727 643 marg.
745 610 794 638 ed.
815 609 905 637 Cotv.

81 661 168 680 nunc
182 655 218 682 G.
234 655 263 682 1.
276 655 306 682 2.
333 652 394 688 (ex
414 655 670 688 compendiorum
690 654 733 682 ἧι·
753 659 781 683 et
800 653 822 681 ἦ
843 652 1122 687 commutatione.)
1168 654 1203 679 et
1215 659 1290 678 ecce
1304 653 1339 679 G.
1354 653 1383 679 2.
1399 652 1435 679 P.
1460 649 1576 686 (etiam
1597 650 1630 677 in
1643 650 1804 683 excerptis
1819 652 1859 678 ad

79 705 181 733 marg.
194 699 243 727 ed.
257 698 345 727 Colv.
359 699 468 726 Ἔγωγ.
484 698 587 733 Prie.)
635 697 808 736 coperculo
822 701 882 727 Ms.
898 698 1016 731 aliquot
1032 701 1112 725 teste
1125 697 1203 726 oud.
1227 697 1385 730 Equidem
1405 695 1513 723 inveni
1533 695 1563 722 in
1586 696 1621 722 G.
1647 695 1674 721 1.
1689 695 1718 722 2.
1740 698 1768 722 et
1788 696 1858 723 edd.

79 746 154 771 vett.
173 747 300 777 praeter
317 745 397 772 [unt.
416 745 448 772 2.
473 743 678 780 comperculo
695 746 730 773 D.
768 744 808 772 cf.
827 744 867 771 ad
888 746 962 771 Met.
979 743 1035 770 lv.
1054 750 1082 776 p.
1105 743 1179 770 277.
1229 739 1393 768 commode
1414 749 1442 774 p.
1489 744 1697 774 compressus
1718 740 1753 766 G,
1775 740 1802 766 1.
1823 740 1857 767 0,

79 786 285 823 ⁶⁰⁷¹²Pl⁶5²¹⁷ll
298 796 328 822 D·
371 792 552 823 PYM’SWIM’
571 797 599 823 p.
620 790 690 818 edd.
708 792 782 817 vett.
802 792 876 817 ante
890 788 997 823 Com,
1022 795 1060 815 ac
1080 790 1164 815 recte
1183 794 1218 814 se
1238 786 1400 814 revocavit
1416 785 1590 817 Pricaeus,
1617 783 1671 817 qui
1686 782 1859 816 aliqnando

77 831 204 860 viribus
222 833 413 862 coniecerat.
454 832 612 869 perducit
630 836 860 868 typothetarum
881 840 987 861 errore
1008 833 1040 859 in
1060 832 1108 860 ed.
1133 832 1237 859 Scriv.
1256 831 1435 859 Amstelod.
1461 833 1520 858 est.
1568 828 1754 855 abstine-ens
1774 830 1808 854 G.
1832 829 1858 855 l.

75 877 254 905 instrictus
267 878 302 906 F.
317 879 347 906 3.
367 886 395 912 p.
414 879 483 906 edd.
504 882 578 906 vett.
598 884 672 907 ante
691 879 778 906 colv.
799 878 881 906 Prir.
902 879 983 905 Elm.
1009 876 1176 904 astrictus
1195 873 1224 904 δ.
1249 876 1439 903 instructus
1458 875 1492 904 in
1506 875 1541 903 B.
1554 874 1620 908 legi
1634 873 1763 901 adnotat
1778 873 1857 900 oud.

75 923 120 951 At
132 924 204 951 coll.
217 922 316 951 Modii
329 925 422 951 habet
436 923 630 959 instrictus,
657 924 737 957 quod
752 922 951 957 probabilius
964 925 1022 950 est.
1045 923 1082 950 In
1096 925 1168 950 cett.
1184 920 1376 949 obstrictus.

77 1032 224 1085 [Burm.
248 1033 297 1071 ad
323 1031 452 1079 Quint.
475 1032 520 1071 II.
551 1039 583 1073 1.
610 1033 751 1072 Gl‘aev.
782 1033 830 1070 ad
857 1032 932 1070 Cic.

73 1088 142 1142 pro
169 1088 273 1127 Sest.
294 1093 357 1129 24.
372 1103 408 1140 p.
430 1093 495 1129 26.
521 1089 737 1140 SVopkens.
762 1088 931 1127 Miscell.

73 1144 240 1183 Observ.
268 1144 312 1184 T.
337 1144 382 1183 II.
421 1144 463 1183 Ρ.
494 1150 526 1185 1.
558 1159 592 1196 p.
620 1150 685 1186 26.
715 1144 857 1183 Deder.
883 1144 931 1182 ad

74 1200 174 1239 Dict.
213 1200 312 1239 Cret.
348 1200 393 1238 11.
435 1205 495 1241 12.
534 1201 665 1240 Gloss.
698 1214 736 1251 p.
762 1205 841 1240 277
872 1214 931 1250 sq

74 1257 317 1308 Quamquam
353 1270 444 1294 vero
482 1271 555 1294 non
595 1257 812 1307 negandum
857 1260 931 1300 est,

73 1313 227 1351 inveniri
252 1312 461 1357 ablativos,
493 1327 592 1363 quos
623 1313 752 1350 dicunt
777 1312 932 1351 absolu-

71 1375 152 1413 tos,
182 1368 246 1406 ubi
276 1368 378 1405 idem
410 1373 471 1406 est
501 1369 714 1407 subiectum
740 1368 802 1405 vel
830 1369 932 1405 obie-

71 1428 190 1468 ctum,
222 1428 327 1462 certa
350 1428 475 1462 tamen
502 1425 643 1474 ubique
668 1428 800 1475 potest
824 1423 932 1460 intel-

69 1481 136 1532 ligi
161 1494 320 1526 caussa,
346 1481 509 1530 scriptor
533 1494 598 1518 cur
622 1482 672 1518 ita
698 1481 793 1518 fece.
794 1480 846 1523 it:
880 1478 928 1517 ct.

70 1549 170 1589 quae
193 1536 405 1587 disputavit
428 1536 547 1575 quis.
568 1536 615 1574 ad
631 1536 777 1586 Reisig.
795 1535 858 1574 Gr
852 1548 927 1572 zm-

69 1596 157 1632 mat.
183 1591 268 1630 Lat.
296 1606 331 1643 p.
354 1596 432 1633 759
458 1606 546 1643 sqq.
573 1591 670 1631 Nam
699 1606 748 1630 ex
775 1591 928 1630 libidine

67 1649 327 1699 cuiuscunque
351 1649 550 1700 scriptoris
571 1648 644 1686 hoc
663 1648 803 1687 factum
824 1661 928 1692 esse,

67 1709 108 1743 ut
121 1710 233 1743 antea
247 1704 391 1755 placuit
404 1705 492 1743 viris
507 1705 645 1749 doctis,
666 1706 929 1753 cuiuscunque

68 1761 222 1813 generis
253 1761 434 1813 exempla
466 1774 589 1811 eaque
620 1775 692 1799 non
729 1775 813 1798 raro
850 1774 929 1798 cor-

67 1821 177 1868 rupta
223 1816 402 1855 libroruin
452 1818 617 1855 lectione
672 1818 930 1854 contaminata

66 1873 329 1919 miscentibuS,
355 1873 578 1925 persuaderi
599 1873 689 1910 mihi
711 1873 928 1923 nentiquam

67 1930 214 1980 poterIt.
276 1928 390 1967 Certe
432 1929 533 1980 apud
571 1929 777 1980 Apuleium
815 1928 926 1965 huius

68 1985 258 2029 licentiae,
283 1986 315 2022 si
331 1986 382 2024 ita
395 1986 574 2024 nominari
591 1989 737 2037 potest,
763 1984 926 2022 alterum

66 2041 287 2092 exemplum
325 2055 398 2079 non
436 2042 640 2086 invenitur,
691 2054 774 2078 nani
813 2053 927 2090 quem

67 2097 230 2136 afferunt
253 2096 348 2135 Met.
375 2096 440 2134 XI.
467 2110 503 2147 p.
520 2100 609 2136 699.
638 2097 747 2134 locus
772 2096 823 2133 ita
848 2109 927 2133 cor-

68 2157 202 2204 ruptus
240 2157 319 2198 est,
356 2156 396 2189 ut
433 2153 594 2190 dubitari
632 2153 680 2190 de
712 2166 758 2189 eo
792 2152 928 2202 possit.

67 2209 150 2248 Sed
179 2212 221 2247 ut
251 2208 443 2260 Apuleius
474 2208 573 2246 hunc
611 2208 826 2246 liberiorem
867 2208 930 2245 ab·

66 2265 268 2305 lativorum
281 2278 393 2303 usum
409 2279 482 2302 non
496 2266 703 2316 respuerit,
728 2264 790 2301 liic
803 2268 930 2302 tamen

66 2322 156 2373 poni
193 2321 293 2359 istos
330 2335 403 2359 non
442 2321 556 2358 licuit.
616 2321 787 2359 Placuit
820 2319 932 2369 igitur

65 2374 246 2426 ¹absolute
260 2381 322 2415 est
335 2377 496 2422 (lictum,
522 2381 561 2414 et
574 2376 620 2413 ad
638 2376 738 2413 dicta
753 2375 930 2425 factaque

65 2433 308 2481 referendum
345 2434 452 2471 senis
489 2432 647 2478 medici,
685 2445 784 2482 quae
815 2431 929 2470 modo

67 2493 316 2540 exposuerat.
353 2489 567 2537 Singularis
582 2492 643 2525 est
657 2487 808 2526 dicendi
821 2488 930 2532 ratio,

65 2545 139 2583 sed
157 2545 193 2583 in
208 2545 364 2596 Apuleii
388 2546 492 2582 liin-is
506 2545 657 2581 minime
676 2543 930 2581 sollicitanda.

66 2601 129 2639 De
154 2602 334 2640 odorare
360 2601 551 2651 variisque
577 2601 662 2638 eius
686 2599 864 2637 vocabuli
884 2600 931 2636 si-

67 2657 370 2708 gnificationibus
408 2657 552 2708 optime
588 2657 667 2706 egit
691 2655 850 2694 Brouer.
881 2655 930 2692 de

66 2716 158 2751 vett.
184 2726 231 2751 ac
255 2717 411 2751 recentt.
437 2713 598 2750 adoratt.
626 2725 657 2749 c.
675 2717 709 2751 1.
735 2713 769 2750 in
794 2711 932 2750 Polen.

68 2769 206 2821 Suppl.
232 2769 352 2807 Thes.
377 2770 536 2820 Antiqq.
563 2767 610 2807 T.
635 2767 681 2806 II.
707 2781 743 2818 p.
759 2771 838 2808 928
852 2766 930 2818 δᾳ]

67 2828 70 2831 ’
125 2826 176 2864 de
201 2827 328 2864 curin.
378 2824 495 2877 [Sunt
520 2825 581 2875 qui
609 2824 796 2870 decurio,
828 2822 934 2874 quod

67 2879 215 2931 aliquot
227 2881 340 2920 codd.
354 2881 553 2932 praebent,
561 2880 772 2918 defendere
784 2879 929 2925 malint,

66 2936 141 2974 sed
164 2941 319 2988 praeter
344 2937 448 2988 quod
472 2936 666 2975 sententia
690 2936 820 2974 obstat
845 2935 930 2980 loci,

68 3005 169 3044 quae
193 3005 262 3044 per
287 2995 444 3032 curiam
467 2998 510 3031 ut
533 2990 792 3042 intelligantur
810 2991 930 3030 (lecu-

67 3049 207 3097 rioues
248 3053 287 3087 et
325 3051 587 3101 maqistratus
627 3046 820 3098 postulat,
861 3060 932 3098 per

70 3106 281 3156 optimates
292 3117 384 3143 vero
398 3105 568 3156 reliquos
582 3110 800 3149 senatores,
814 3103 932 3141 totius

991 1031 1173 1070 enuntiati
1187 1032 1282 1070 ratio
1303 1031 1547 1075 adversatur,
1575 1029 1663 1080 quia
1684 1028 1858 1078 sequitur

991 1089 1043 1127 de
1073 1089 1332 1140 optimatibus
1355 1100 1481 1131 nemo,
1506 1086 1557 1124 de
1582 1086 1675 1137 ipso
1693 1084 1855 1136 populo

993 1144 1236 1196 quisquam]

1049 1201 1298 1251 c.omplez·us.
1339 1198 1485 1251 [Habet
1510 1198 1593 1236 cod.
1619 1196 1721 1235 Pith.
1750 1211 1853 1235 com-

985 1257 1176 1308 plenum,
1202 1256 1301 1307 quod
1323 1259 1426 1293 certo
1448 1255 1670 1305 pr·‚obaiem
1696 1253 1767 1290 nisi
1793 1266 1853 1290 ce-

990 1317 1155 1349 terorum
1182 1312 1293 1350 codd
1310 1312 1482 1348 obstaret
1501 1311 1720 1348 ¹uictoritas.
1756 1307 1853 1346 Pas-

990 1370 1074 1405 sive
1099 1368 1198 1405 enim
1224 1368 1367 1406 dictum
1394 1371 1522 1411 esset,
1547 1366 1599 1403 uti
1627 1364 1851 1416 amplexus,

993 1423 1302 1474 implexusapud
1319 1423 1486 1472 optimos
1502 1434 1679 1471 quosque
1693 1421 1852 1471 scripto-

985 1494 1049 1517 res
1088 1483 1125 1516 et
1161 1479 1263 1530 apud
1301 1480 1426 1530 ipsum
1465 1476 1672 1528 Apuleium
1714 1477 1853 1513 eadem

986 1536 1130 1574 ratione
1155 1538 1342 1585 usurpata
1366 1535 1613 1571 inveniuntur.
1646 1531 1693 1570 cf.
1715 1531 1851 1569 Eckst.

986 1592 1036 1630 ·ιά
1067 1591 1190 1630 Yoss.
1221 1590 1432 1629 Aristarch.
1467 1589 1512 1627 T.
1545 1587 1588 1626 II.
1620 1601 1657 1638 p.
1685 1590 1776 1627 749.
1814 1591 1853 1623 et

987 1662 1024 1699 p.
1040 1652 1131 1688 751.
1158 1646 1203 1684 T.
1218 1646 1280 1684 III.
1308 1661 1342 1697 p.
1359 1650 1450 1686 951.
1478 1645 1609 1683 Heius.
1624 1642 1851 1681 Adversll.

987 1719 1024 1756 p.
1051 1708 1113 1743 86.
1151 1702 1234 1741 Intt.
1261 1703 1309 1740 ad
1335 1701 1449 1740 Ovid.
1475 1700 1633 1739 Heroid.
1661 1699 1725 1737 IV.
1763 1703 1850 1739 139.

989 1760 1059 1798 Sil.
1083 1758 1210 1797 XYH.
1244 1763 1336 1798 312.
1372 1758 1474 1796 Nam
1512 1757 1779 1808 complectere
1815 1757 1849 1793 in

988 1830 1060 1854 usu
1105 1815 1226 1853 fuisse
1270 1815 1391 1852 forma
1431 1815 1579 1858 activa,
1629 1812 1741 1849 testis
1790 1815 1851 1848 est

987 1871 1087 1909 Non.
1114 1885 1149 1922 p.
1177 1874 1270 1910 472.
1296 1870 1342 1908 cf.
1373 1869 1502 1907 Eckst.
1529 1868 1577 1906 ad
1605 1868 1626 1905 l.
1643 1881 1673 1905 c.
1699 1882 1735 1920 p.
1758 1871 1850 1907 763.

986 1932 1025 1965 et
1039 1927 1202 1966 Cramer.
1217 1927 1267 1964 ad
1282 1923 1573 1964 SchollquI.
1585 1928 1676 1963 527.
1691 1937 1727 1974 p.
1739 1927 1829 1963 251.
1842 1953 1850 1966 ,

984 1984 1048 2021 nbi
1075 1983 1280 2033 legendum
1307 1996 1399 2019 csse
1424 1985 1534 2032 puto:
1564 1980 1718 2031 Iupiter
1732 1980 1850 2018 Imm-

985 2054 1072 2078 nem
1109 2039 1335 2090 (rnrplexat,
1376 2039 1481 2089 petit
1515 2036 1731 2075 indulserit
1759 2036 1848 2086 pel-

987 2097 1075 2140 lici,
1115 2100 1153 2133 et
1187 2109 1342 2133 reversa
1376 2094 1420 2132 Io
1452 2095 1491 2130 in
1527 2105 1638 2131 snam
1671 2093 1850 2144 fissuram

987 2156 1152 2202 recepta
1178 2155 1233 2189 esc
1258 2151 1361 2189 inter
1385 2148 1512 2201 deos]

1046 2207 1173 2245 rev-bis
1197 2208 1340 2257 impar.
1401 2204 1562 2242 Putarat
1586 2202 1770 2241 Pricaeus
1798 2204 1849 2241 ri-

988 2264 1100 2302 rilms
1131 2263 1191 2301 hic
1221 2261 1465 2301 scribendum
1499 2261 1546 2297 ob
1573 2259 1712 2297 Alcimi
1743 2260 1849 2297 Aviti

990 2319 1133 2357 locum:
1162 2319 1252 2357 Por
1277 2323 1333 2357 est
1358 2318 1569 2356 decrescat
1588 2316 1771 2366 facultas
1798 2317 1848 2353 ri-

987 2376 1110 2421 rt‘um,
1148 2379 1354 2414 crescente
1389 2374 1556 2411 nmleria
1587 2373 1849 2423 ffltmliormn,

988 2431 1060 2468 sed
1091 2444 1132 2469 re
1162 2430 1346 2468 maturius
1371 2442 1565 2482 perpensa
1593 2428 1682 2465 nihil
1709 2431 1849 2479 postea

989 2488 1158 2525 mutavit.

1043 2542 1245 2594 feralibus
1280 2541 1463 2581 amiculis
1494 2542 1699 2579 instriclus
1730 2544 1852 2590 alque

992 2599 1162 2638 abditus.
1212 2599 1417 2637 Obstricta
1453 2597 1543 2636 mihi
1579 2597 1727 2634 videtur
1758 2607 1851 2631 esse

990 2655 1228 2693 librariorum
1257 2654 1518 2705 interpolatio,
1544 2654 1606 2703 qui
1639 2652 1711 2689 hoc
1742 2663 1851 2688 vcta:-

988 2711 1140 2757 bulum,
1166 2723 1242 2762 quo
1257 2710 1368 2748 solus
1385 2709 1574 2761 Apuleius
1595 2722 1690 2746 usus
1706 2707 1853 2744 videtur

991 2780 1100 2813 esse,
1136 2778 1297 2817 prorsus
1331 2766 1568 2816 ignorabant.
1643 2764 1853 2802 lna-trians

989 2829 1194 2876 praeterea
1218 2822 1355 2870 legitur
1380 2820 1483 2859 Vm
1494 2835 1539 2886 p.
1557 2823 1648 2860 565.
1678 2833 1758 2870 qno
1784 2819 1854 2856 (Io-

989 2880 1075 2918 lore
1096 2877 1314 2930 pellt'catus
1337 2890 1446 2916 uxor
1465 2878 1548 2915 eius
1567 2876 1765 2918 instricta,
1790 2874 1852 2910 ubi

988 2935 1102 2974 codd.
1118 2933 1267 2984 aliquot
1280 2935 1527 2982 corrumpunt
1546 2932 1751 2970 instincta
1773 2929 1853 2968 Ob-

988 2992 1154 3029 strictus
1189 3002 1286 3026 sane
1316 2989 1494 3026 usitatius
1526 2990 1588 3024 est
1613 2985 1854 3030 szocabulum

990 3045 1040 3084 cs.
1078 3044 1204 3083 Plaut.
1243 3043 1350 3083 Cure.
1365 3043 1414 3081 V.
1441 3047 1477 3083 3.
1508 3047 1568 3082 15.
1601 3045 1667 3082 29.
1705 3041 1855 3080 collam

993 3101 1248 3153 obstrinye
1271 3099 1441 3146 leontini,
1466 3097 1638 3149 Amphit.
1659 3096 1722 3136 III.
1737 3101 1773 3138 2.
1789 3101 1855 3138 72.
