2221 3667
356 167 394 192 ιν
1033 155 1452 196 PRAEFATIO.

353 272 512 319 propter
538 265 684 319 ingenii
711 266 963 307 stoliditatem
990 281 1035 308 ac
1061 269 1191 309 indicii
1219 269 1304 310 sani
1331 270 1531 324 penuriam
1560 269 1729 310 flosculis
1756 283 1852 322 quos
1885 269 2071 323 putabant
2095 285 2147 312 ex

354 332 631 373 vetustissimis
655 334 912 388 scriptoribus
938 336 1131 390 decerptis
1158 352 1250 378 suos
1276 338 1396 377 libros
1422 338 1705 391 quodammodo
1732 345 1945 388 exornant,
1973 346 2012 378 et
2030 353 2147 391 quae-

352 414 450 452 quae
487 400 535 440 iis
574 402 729 455 placent
765 416 993 456 quocunque
1031 404 1116 444 loco
1149 405 1348 451 inserunt,
1388 405 1441 445 ita
1467 405 1683 445 orzilionem
1711 405 1930 458 elegantem
1957 407 2064 446 reddi
2090 406 2148 445 in-

349 468 455 507 sulse
493 468 719 522 opinantes,
759 469 853 510 haec
890 477 1019 511 tamen
1058 472 1268 512 temeraria
1306 472 1481 513 imitandi
1519 473 1635 513 libido
1673 473 1718 513 ad
1751 486 1885 512 omnes
1917 474 2147 525 posterioris

349 536 535 589 temporis
573 537 786 591 scriptores
820 539 1016 592 pertinere
1050 539 1274 592 neutiquam
1308 541 1477 593 putanda
1508 548 1577 581 est.
1637 540 1763 594 Quam
1795 554 1876 580 rem
1904 547 1945 580 ut
1974 555 2051 581 uno
2077 555 2148 588 ex-

348 603 473 657 emplo
512 604 796 657 demonstrem,
836 614 929 647 sunt
965 607 1030 660 qui
1068 621 1210 660 graeca
1248 608 1438 647 vocabula
1475 608 1560 648 sine
1599 609 1676 648 ulla
1713 609 1866 649 ratione
1903 622 1947 648 ac
1984 608 2147 648 consilio

346 671 515 725 Apuleio
552 673 772 724 vindicent,
811 688 924 728 quam
963 688 1096 728 parum
1130 675 1184 714 illi
1216 674 1256 714 in
1287 674 1370 715 eius
1402 676 1557 730 scriptis
1583 677 1730 717 versati
1758 676 2034 730 ingeniumque
2065 677 2148 722 eius

348 741 580 793 perscrutati
616 742 761 782 fuerint
793 756 838 782 eo
871 742 1148 791 testificantes,
1178 743 1277 795 quod
1312 757 1454 797 graeca
1488 744 1677 784 vocabula
1709 744 1916 799 Apuleium
1951 757 2147 797 nunquam

345 808 542 862 recepisse
576 816 696 863 patet,
731 810 806 850 nisi
838 824 936 863 quae
968 817 1036 850 aut
1066 810 1260 863 singulari
1293 811 1501 864 proborum
1533 813 1767 866 scriptorum
1801 827 1871 852 usu
1903 812 1942 852 in
1974 812 2146 865 linguam

346 882 436 915 ante
468 890 553 916 eum
592 876 750 918 inducta
787 884 922 925 erant,
962 885 1030 918 aut
1057 878 1214 917 omnino
1242 877 1278 917 in
1305 879 1569 931 quotidianum
1601 893 1821 920 sermonem
1860 880 1913 920 ita
1950 880 2145 930 abierant,

345 950 387 983 ut
411 943 644 985 latinitatem
672 945 811 999 adepta
836 954 980 985 essent.
1041 944 1074 984 E
1103 946 1303 986 contrario
1331 953 1459 986 tamen
1487 947 1723 1000 interpretes
1755 955 1794 988 et
1819 948 1890 1002 ipsi
1917 948 2147 988 audaciores

345 1011 464 1051 multa
496 1013 772 1066 repudiarunt,
807 1027 906 1066 quae
938 1013 1058 1053 indoli
1091 1028 1176 1053 eum
1203 1013 1394 1054 Afrorum
1429 1021 1506 1054 tum
1533 1015 1689 1068 Apuleii
1724 1015 1866 1069 optime
1892 1015 2144 1066 conveniant,

344 1093 389 1118 eo
427 1080 564 1134 quippe
596 1093 734 1120 errore
767 1081 938 1135 decepti,
980 1095 1048 1134 per
1080 1096 1191 1134 quem
1232 1082 1457 1122 novissimis
1497 1083 1733 1136 temporibus
1772 1083 1903 1136 lapsus
1941 1090 2002 1123 est
2031 1083 2145 1123 etiam

343 1146 627 1198 Ruhnkenins,
668 1148 875 1202 Apuleium
911 1149 964 1188 nil
996 1149 1081 1189 sinc
1112 1150 1293 1204 exemplo
1320 1150 1470 1191 dixisse
1496 1150 1694 1191 elocutus:
1734 1151 1834 1204 quod
1867 1151 2010 1191 dictum
2036 1151 2069 1192 si
2095 1150 2148 1192 ita

343 1222 588 1268 exponatur,
629 1223 670 1256 ut
701 1230 799 1270 quae
831 1224 968 1257 contra
1002 1217 1213 1258 verborum
1246 1218 1491 1272 analogiam,
1532 1218 1673 1258 iustam
1706 1219 1959 1260 construendi
1991 1233 2036 1259 ac
2062 1219 2148 1259 iun-

343 1283 458 1333 gendi
502 1284 717 1334 rationem,
770 1285 936 1339 denique
980 1293 1121 1325 contra
1165 1286 1322 1339 linguae
1366 1287 1511 1326 latinae
1555 1286 1755 1340 ingenium
1800 1294 1916 1341 atque
1966 1294 2145 1327 naturam

342 1359 537 1404 pugnent,
571 1352 779 1406 Apuleium
807 1353 937 1393 dicere
966 1368 1133 1407 unquam
1163 1353 1334 1408 potuisse
1362 1362 1550 1408 negetur,
1588 1354 1825 1409 probandum
1853 1361 1935 1405 est,
1964 1355 2025 1394 sin
2051 1368 2147 1394 vero

342 1420 388 1459 de
426 1434 497 1460 usn
536 1427 684 1460 tantum
725 1421 933 1461 verborum
972 1428 1010 1461 et
1048 1422 1283 1462 formatione
1316 1437 1401 1462 cum
1435 1422 1565 1462 multis
1598 1422 1821 1477 explicetur
1851 1422 1946 1462 nibil
1978 1435 2145 1476 unquam

342 1488 635 1542 pronuntiatum
662 1496 723 1528 est
753 1489 990 1543 perversius.

454 1578 564 1619 Haec
600 1593 695 1620 vero
728 1579 974 1620 coniectandi
1008 1587 1202 1634 tamquam
1235 1580 1396 1635 prurigo
1423 1595 1501 1621 non
1533 1581 1656 1622 solum
1688 1595 1756 1622 eos
1787 1581 1895 1622 viros
1927 1581 2062 1622 doctos
2087 1581 2146 1621 in-

341 1647 501 1687 ressivit
527 1647 591 1701 qui
605 1648 763 1703 Apuleii
787 1648 908 1688 libros
936 1649 1042 1688 foras
1069 1649 1344 1702 divulgarunt,
1373 1650 1440 1690 sed
1466 1663 1534 1690 eos
1555 1650 1669 1690 etiam
1693 1650 1791 1690 baud
1811 1663 1902 1690 raro
1925 1649 2145 1704 occupavit,

341 1715 406 1768 qui
443 1715 570 1755 obiter
607 1723 757 1756 tantum
795 1716 973 1767 singulos
1012 1717 1184 1757 dilliciles
1217 1718 1324 1758 locos
1357 1719 1547 1772 tetigere,
1586 1732 1747 1772 quorum
1774 1718 1926 1772 quidem
1961 1731 2146 1758 numerus

341 1783 436 1824 satis
475 1798 641 1838 magnus
680 1792 750 1825 est.
814 1784 895 1826 Vix
933 1785 1034 1825 enim
1076 1785 1158 1825 lieri
1186 1792 1334 1839 potest,
1375 1793 1417 1826 ut
1442 1800 1578 1826 omnes
1604 1786 1762 1826 omnino
1789 1800 1887 1840 quae
1919 1786 1967 1826 ad
1992 1793 2143 1827 textum

340 1851 499 1906 Apuleii
524 1853 807 1893 emendandum
836 1854 962 1893 factae
988 1861 1080 1893 sunt
1110 1854 1359 1894 coniecturae
1393 1855 1453 1894 hic
1485 1854 1565 1895 illic
1597 1853 1635 1893 in
1669 1854 1961 1895 commentariis
1992 1860 2031 1894 et
2064 1853 2144 1894 sin-

341 1920 543 1973 gularibus
583 1920 692 1961 libris
731 1922 931 1976 dispersae
969 1921 1016 1961 ab
1049 1936 1126 1961 uno
1162 1922 1315 1961 bomine
1348 1923 1526 1975 quamvis
1559 1923 1859 1976 diligentissimo
1891 1922 2144 1975 colligantur,

340 2002 412 2029 nee
444 2003 585 2044 operae
618 1989 770 2042 quidem
805 1989 971 2043 pretium
1004 1989 1102 2040 erit,
1137 1990 1321 2030 collectas
1355 2004 1490 2030 omnes
1517 1990 1638 2030 oculis
1665 1991 1929 2044 perlustrare,
1963 1990 2145 2044 quoniam

339 2070 486 2110 paucae
524 2057 767 2112 probabiles,
808 2058 1013 2112 pauciores
1052 2071 1192 2107 verae,
1239 2058 1427 2112 plurimae
1464 2058 1731 2112 ineptissimae
1768 2065 1880 2109 sunt,
1931 2072 2004 2098 nec
2040 2058 2146 2113 ipsos

341 2124 529 2165 Heinsios
557 2140 628 2166 nec
648 2124 920 2173 Burmannos,
951 2141 1114 2180 quorum
1144 2126 1414 2166 commentarii
1441 2133 1594 2166 scatent
1619 2127 1727 2180 quasi
1750 2126 1986 2167 coniecturis
2006 2126 2146 2179 quibus

338 2193 498 2247 Apuleii
530 2194 650 2234 libros
683 2195 958 2244 emendarent,
992 2208 1043 2234 ex
1071 2194 1206 2234 tiorum
1235 2194 1411 2235 virorum
1440 2208 1603 2234 numero
1630 2194 1884 2248 excipiendos
1911 2208 1998 2235 esse
2031 2194 2145 2235 facilc

339 2261 412 2300 sibi
445 2262 713 2316 persuadebit,
754 2262 818 2316 qui
857 2262 895 2302 in
929 2263 1028 2302 lianc
1061 2276 1186 2302 meam
1220 2262 1429 2302 editionem
1462 2264 1684 2303 accuratius
1716 2262 1980 2316 inquisiverit.
2020 2262 2145 2316 Quem

340 2329 493 2383 quidem
533 2329 728 2370 hominum
767 2331 969 2370 doctorum
1007 2344 1205 2379 errorem,
1252 2344 1274 2369 a
1312 2344 1386 2383 quo
1425 2345 1472 2371 ne
1505 2330 1806 2385 Oudendorpius
1844 2330 1994 2385 quidem
2032 2329 2145 2384 plane

339 2398 491 2439 alienus
523 2405 603 2449 est,
644 2412 690 2438 eo
718 2398 882 2439 consilio
916 2398 1041 2439 fusius
1076 2398 1264 2452 exposui,
1306 2405 1348 2438 nt
1373 2412 1486 2452 qnam
1514 2413 1588 2453 ego
1615 2399 1652 2438 in
1679 2398 1930 2439 emendandis
1957 2404 1996 2438 et
2020 2396 2145 2451 expli-

340 2466 473 2507 candis
500 2466 656 2521 Apuleii
683 2466 792 2506 libris
819 2467 887 2507 inii
914 2466 1016 2506 ratio
1042 2473 1171 2508 utrum
1197 2479 1292 2506 vera
1319 2466 1371 2506 sit
1395 2480 1445 2506 an
1468 2467 1564 2507 falsa
1588 2469 1754 2507 lectores
1775 2466 1986 2506 diiudicare
2007 2465 2144 2505 melius

339 2535 505 2590 possint.
580 2535 642 2574 Ab
682 2535 739 2575 his
777 2535 879 2575 enim
918 2534 1233 2574 coniecturarum
1272 2534 1601 2575 alneinationibus
1644 2548 1704 2575 me
1741 2541 1862 2574 totum
1907 2533 2145 2574 abstinuisse

339 2618 473 2658 spere,
511 2603 547 2644 id
586 2602 700 2644 unice
732 2617 877 2658 agens,
920 2609 960 2642 nt
991 2616 1086 2656 quas
1119 2617 1192 2656 ego
1225 2603 1368 2657 protuli
1400 2603 1648 2643 coniecturas
1675 2609 1741 2642 aut
1766 2616 1818 2642 ex
1849 2601 1963 2642 unius
1989 2601 2144 2655 Apuleii

339 2672 490 2722 indole,
519 2678 586 2717 aut
612 2686 663 2711 ex
691 2685 762 2711 usu
789 2671 972 2725 loquendi
998 2672 1186 2711 Afrorum
1213 2671 1430 2722 communi,
1459 2678 1527 2711 aut
1551 2685 1603 2711 ex
1629 2671 1787 2725 linguae
1814 2670 1958 2710 latinae
1984 2669 2144 2723 ingenio

340 2740 649 2795 comprobarem.
715 2739 827 2793 Quod
861 2746 902 2780 ut
933 2739 1030 2779 bene
1063 2739 1195 2794 perlici
1229 2746 1380 2793 posset,
1416 2739 1681 2779 necessarium
1717 2738 1808 2779 mihi
1839 2738 1989 2792 quidem
2016 2737 2142 2778 visum

340 2815 420 2855 est,
450 2823 527 2848 non
555 2809 680 2849 solum
708 2815 863 2848 ceteros
890 2808 952 2862 qui
982 2807 1141 2848 maioris
1169 2808 1354 2849 momenti
1380 2814 1472 2849 sunt
1495 2806 1619 2847 Afros
1644 2806 1948 2855 Tertullianum,
1978 2803 2143 2846 Fronto-

342 2891 450 2926 nem,
480 2877 722 2926 Arnobium,
752 2875 1012 2931 Cypriannm,
1047 2874 1263 2916 Minucium
1291 2875 1484 2925 Felicem,
1517 2874 1761 2918 Martianum
1790 2873 1988 2929 Capellam
2015 2873 2143 2921 studio

341 2945 468 2997 quoad
489 2945 572 2985 eius
596 2946 676 2984 [ieri
699 2944 822 2998 potuit
842 2943 1142 2998 diligentissimo
1169 2950 1469 2998 pertractarem,
1498 2944 1566 2984 sed
1588 2943 1740 2997 glossas
1760 2942 1875 2983 etiam
1898 2949 1936 2983 et
1955 2948 2143 2995 excerpta

339 3020 517 3053 veterum
550 3013 895 3066 grammaticorum
928 3012 1059 3052 omnia
1084 3026 1168 3052 cnm
1196 3012 1430 3065 fragmentis
1456 3012 1690 3066 scriptorum
1723 3010 2076 3051 vetustissimorum
2104 3017 2143 3050 et

342 3080 551 3122 comoediis
584 3079 711 3120 Plauti
742 3095 786 3120 ae
812 3080 992 3121 Terentii
1025 3094 1137 3133 quam
1171 3080 1467 3120 accuratissime
1500 3092 1802 3134 cognoscerem,
1837 3091 1951 3131 quum
1978 3077 2031 3117 ita
2057 3084 2142 3118 tan—

345 3155 419 3188 tum
449 3148 598 3204 sperari
625 3148 782 3200 liceret,
818 3150 968 3189 firmum
997 3148 1177 3189 dictionis
1205 3148 1419 3189 Africanae
1451 3148 1561 3203 quasi
1590 3147 1878 3187 fundamentum
1906 3145 1994 3200 poni
2026 3152 2141 3201 atque
