2155 3590
589 163 777 205 LIBER
805 163 901 203 VII.

962 160 1093 202 CAP.
1122 159 1220 200 XII.
1251 157 1370 197 XIII.

1797 153 1880 195 569

83 294 154 322 suo
195 278 420 320 constrictis
468 277 566 328 illis,
604 276 788 331 imposita
830 277 948 316 dorso
983 287 1070 315 meo
1105 271 1256 327 puella,
1296 269 1433 322 dirigit
1469 281 1649 322 gressum
1686 267 1733 306 ad
1770 278 1880 306 suam

83 335 262 391 patriam.

618 459 958 507 CAPU

1015 457 1058 504 T
1161 452 1341 503 XIII.

196 593 323 648 Quam
361 593 477 634 simul
513 591 774 642 accessimus,
814 597 895 631 tota
927 590 1068 630 civitas
1098 588 1147 628 ad
1170 586 1345 628 votivum
1379 589 1629 638 conspectum
1655 581 1881 622 effunditur.

79 650 330 692 Procurrunt
365 656 572 704 parentes,
611 649 774 698 affines,
803 647 991 698 clientes,
1025 644 1194 695 alumni,
1222 641 1379 693 famuli,
1411 640 1506 681 laeti
1536 639 1701 688 faciem,
1742 636 1884 691 gaudio

80 779 227 816 inposito
242 780 278 808 G.
295 780 324 808 1.
339 779 374 807 Ο.

172 832 272 862 quam
280 823 427 860 primum
442 823 646 850 accessimus
653 820 690 851 F.
701 823 729 850 1.
765 819 918 857 alumpni
929 822 966 849 G.
980 821 1011 848 1.
1035 816 1172 858 famuli
1182 815 1278 854 laeti,
1285 815 1419 856 facient
1430 811 1566 852 gaudio.
1589 813 1641 840 Ita
1654 811 1889 845 interpungunt

83 871 119 898 F.
134 871 164 898 3.
179 871 216 898 G.
229 871 260 898 2.
274 871 313 897 D.
338 871 376 897 In
388 869 505 897 ceteris
519 869 628 905 codd„
655 873 850 902 quamquam
863 866 947 894 nihil
961 867 998 894 de
1012 864 1055 893 iis
1068 864 1148 892 oud.
1165 861 1348 897 admonuit,
1375 860 1441 895 legi
1454 859 1600 894 videtur,
1624 860 1660 884 ut
1679 856 1713 884 in
1726 856 1796 883 edd.
1811 857 1888 882 ven.

81 918 212 950 praeter
229 916 313 943 Iunt.
334 915 363 942 1.
400 912 620 952 Ietifucv'em,
643 910 769 949 gaudio
788 909 937 939 delibuti.
962 910 1044 938 Eud.
1063 908 1259 938 recentiores
1278 907 1418 942 priorem
1437 906 1619 938 sequuntur
1637 900 1888 931 distinctionem.

72 959 176 999 facie
189 956 218 989 δ.
231 961 269 988 01)
284 959 438 988 omissam
451 959 614 994 virgulam
627 961 779 986 erratum.

80 1082 118 1122 p.
143 1072 236 1109 261.
274 1067 452 1107 Lindem.
487 1068 701 1120 Sepultum
731 1072 859 1106 morte
882 1079 956 1104 me·-

80 1139 224 1178 roque,
238 1128 278 1162 et
289 1123 499 1176 legendum
513 1127 576 1162 est
589 1123 693 1174 apud
707 1122 854 1162 Arnol).
864 1121 909 1160 Il.
920 1126 957 1163 6.

79 1195 149 1220 vos
173 1181 251 1220 soll
275 1179 503 1232 supientiae
522 1181 687 1220 conditi
700 1185 824 1231 atque
842 1177 958 1216 iutel-

81 1236 280 1289 liyeutiae
302 1238 345 1274 iu
369 1251 491 1282 mero,
515 1237 581 1274 ubi
607 1239 708 1273 errat
720 1234 863 1279 Orell.,
891 1235 957 1284 qui

79 1306 167 1331 cum
192 1291 295 1330 Oud.
320 1292 369 1330 ad
395 1292 492 1330 Met.
507 1291 533 1330 l.
548 1305 585 1342 p.
600 1296 638 1332 8.
665 1291 743 1342 legi
769 1289 851 1328 vult
864 1303 957 1329 cou-

80 1349 193 1387 dz'tae
206 1349 229 1387 i.
243 1362 275 1386 e.
289 1348 512 1386 reconditae
526 1348 676 1386 scilicet
690 1347 837 1392 litteris,
853 1345 958 1396 quod

79 1406 304 1454 neutiquam
318 1404 390 1442 dici
407 1408 553 1455 potest.
581 1404 653 1442 nisi
669 1404 825 1447 litteris,
841 1402 957 1441 libris

79 1461 131 1500 al.
156 1461 289 1499 addita
307 1460 396 1498 sint.
426 1460 625 1500 Conditus
639 1461 680 1498 iu
694 1473 803 1498 mero
817 1458 957 1496 eadem

78 1517 228 1556 ratione
256 1517 427 1569 positum
458 1521 540 1561 est,
571 1520 613 1554 ut
647 1516 832 1568 sepultus
862 1515 957 1553 vino

79 1578 119 1612 ct
140 1587 278 1612 somno
303 1573 354 1611 (10
378 1586 445 1619 eo,
485 1573 547 1624 qui
574 1572 610 1610 in
642 1573 689 1610 iis
720 1575 825 1610 totus
857 1571 958 1610 iacet

79 1633 200 1680 atque
225 1630 386 1668 obrutus
412 1633 485 1668 est.
528 1629 716 1669 Condere
741 1628 843 1666 enim
870 1640 957 1665 sae-

78 1686 169 1738 pius
184 1686 287 1724 idem
302 1689 381 1732 est,
408 1686 512 1737 quod
526 1686 699 1737 sepelire
724 1683 957 1723 cf.Phaedr.

77 1741 146 1781 IV.
174 1746 209 1783 5.
226 1746 289 1783 30.
318 1743 354 1782 Ο
379 1744 414 1781 εἰ
436 1746 618 1781 maneret
641 1742 847 1780 condito
872 1754 955 1779 seu-

77 1812 143 1838 sus
154 1800 286 1851 patri.
301 1798 378 1837 Cic.
394 1798 520 1849 Legg.
535 1798 581 1836 ΙΙ.
597 1802 662 1838 22.
680 1798 763 1836 Hic
777 1802 834 1837 est
844 1798 954 1836 situs.

87 1855 189 1894 Vere
197 1869 210 1900 ,·
235 1869 328 1894 uam
353 1856 422 1894 sits
446 1855 644 1894 dicmzlur
668 1855 716 1900 ii,
750 1855 821 1906 qui
847 1867 957 1893 cou-

79 1911 182 1949 diti
207 1911 328 1964 suut]

138 1967 291 2019 diriyit
302 1981 492 2019 (lv-essum.
519 1966 665 2019 [Plane
679 1965 957 2005 aliterLucian.

80 2023 183 2061 hanc
207 2025 464 2062 narrationem
489 2023 660 2073 explicat
683 2021 823 2060 Lucid.
843 2035 876 2060 0.
891 2025 956 2062 26.

81 2092 119 2130 p.
146 2082 239 2119 595.
273 2073 417 2131 ὄρθρος
448 2079 488 2117 δὲ
514 2074 558 2130 ἦν
589 2077 659 2126 ἔτι,
691 2079 755 2117 καὶ.
785 2077 959 2128 ἐξαίφνης

80 2133 287 2185 ἐφέσταται,
310 2135 463 2186 πλῆθος
492 2134 750 2187 στρατιωτῶν,
781 2135 841 2172 ἐπὶ
869 2131 959 2180 τοὺς

79 2188 240 2256 μιαροὺς
268 2190 425 2237 τούτους
454 2189 675 2242 ἀφιγμένον,
712 2191 776 2229 καὶ
812 2187 959 2236 εὐθέως

80 2262 226 2294 παντας
251 2247 449 2297 ἐδέσμουν,
479 2249 544 2286 καὶ
567 2249 628 2286 ἐπὶ
650 2243 717 2286 τὸν
740 2249 807 2298 τῆς
834 2243 959 2299 χώρας

79 2300 244 2355 ἡγεμόνα
268 2303 430 2355 ἀπῆγον·
455 2302 558 2356 ἔτι-χε
575 2304 616 2342 δὲ
636 2305 700 2342 καὶ
720 2301 740 2342 ὁ
758 2300 825 2354 τὴν
843 2301 960 2355 κόρην

79 2359 396 2418 μεμνςυστημένος
419 2355 489 2400 σὺν
514 2359 644 2406 αὐτοῖς
668 2356 815 2398 ἐλθών·
841 2356 960 2406 αὐτὸς

79 2413 153 2469 γὰρ
176 2417 221 2468 ῆν
245 2415 265 2455 ὁ
291 2418 355 2455 καὶ
378 2414 422 2455 τὸ
447 2413 682 2468 καταγώγιον
711 2415 784 2454 τῶν
808 2415 958 2466 λῃστῶν

79 2470 260 2524 μηνύσας.
298 2470 547 2526 Παραλαβὼν
573 2469 638 2512 οὖν
660 2469 727 2523 τὴν
750 2470 957 2523 παρθένον,

79 2531 143 2568 καὶ
167 2527 337 2576 καθίσας
361 2527 419 2568 ἐπ’
436 2530 517 2580 ἐμὲ,
543 2525 661 2576 οὕτως
684 2525 769 2580 ἦγεν
794 2528 955 2579 mimda]

139 2584 229 2625 CM».
252 2585 358 2624 XIII.
396 2591 483 2625 lota
505 2587 648 2626 civitas
668 2589 740 2623 etc.
779 2583 955 2636 [Lucian.

79 2655 110 2680 0.
126 2645 190 2682 26.
208 2655 246 2692 p.
260 2645 354 2683 596.
374 2646 412 2681 οἱ
428 2643 469 2681 δὲ
488 2645 659 2693 κωμῆται
679 2640 729 2688 ὠς
742 2639 840 2679 εἶδον
857 2639 959 2692 ἡμᾶς

78 2695 133 2737 ἔτι
162 2695 386 2750 πόρρωθεν,
417 2697 583 2750 ἔγνωσαν
614 2696 868 2751 εὐτυχοῦντες,
900 2695 957 2736 εὐ-

79 2753 250 2805 αγγέλιον
264 2752 392 2801 αὐτοῖς
411 2758 504 2805 ἐμοῦ
525 2756 872 2807 προογκησαμένου,
897 2754 963 2792 καὶ

79 2809 379 2863 προςδραμόντες
408 2809 620 2862 ἧσπάζοντο
645 2812 708 2849 καὶ
732 2807 822 2862 ἦγον
846 2811 959 2860 sib-m]

137 2867 302 2906 alumni.
354 2867 493 2920 [Solus
509 2871 572 2905 est
585 2866 793 2912 Pricaeus,
821 2866 885 2917 qui
899 2880 961 2905 ac-

82 2923 250 2962 curatius
275 2924 324 2962 (le
349 2924 424 2962 hac
447 2938 546 2963 voce
571 2925 661 2974 agit.
687 2923 726 2961 Is
743 2923 844 2961 enim
859 2936 962 2961 com-

80 2989 225 3028 parans
250 2979 379 3018 locum
403 2978 501 3019 Met.
526 2979 595 3018 XI.
623 2994 660 3031 p.
683 2983 782 3020 791:
812 2977 959 3030 Confe-

81 3033 171 3071 stim
185 3035 362 3088 denique
376 3038 664 3089 familiares
684 3051 735 3076 ac
752 3035 958 3081 vernulae,

83 3090 236 3142 quique
258 3092 356 3130 milli
374 3095 576 3144 proximo
601 3107 712 3132 nescu
741 3092 960 3145 sanquiuis

82 3145 371 3194 cohaerebant,
398 3150 512 3190 luctu
526 3150 719 3202 deposito
817 3160 958 3200 repen-

1017 1065 1106 1103 tino
1132 1062 1278 1101 laetati
1294 1060 1475 1114 yaudio,
1501 1058 1613 1097 varie
1628 1057 1798 1110 quisque
1811 1068 1890 1093 mu-

1016 1118 1267 1164 uei-abundi,
1305 1117 1363 1155 ml
1390 1129 1516 1155 meum
1542 1115 1745 1166 festinant
1774 1111 1891 1150 illico

1019 1176 1201 1215 divinum
1231 1173 1502 1224 reducemque
1532 1170 1583 1209 ab
1619 1169 1767 1221 inferis
1797 1181 1891 1206 cou-

1018 1236 1199 1284 spectum
1213 1232 1340 1280 putat,
1360 1227 1549 1267 vernulas
1564 1225 1630 1263 illo
1647 1226 1732 1262 loco
1746 1223 1892 1269 vocari,

1015 1288 1081 1338 qui
1106 1286 1167 1325 hic
1192 1285 1346 1325 alumni
1371 1283 1459 1322 coll.
1482 1282 1619 1321 Gloss.
1641 1280 1742 1319 Phil.
1765 1293 1804 1330 p.
1829 1283 1893 1319 14.

1017 1340 1263 1394 σι’κοτραᾳής,
1305 1338 1515 1392 Τρόφιμος,
1557 1333 1727 1390 θρεπτός
1765 1335 1895 1388 [quod

1015 1399 1143 1450 magis
1157 1398 1296 1450 probat
1310 1396 1445 1435 Gloss.
1462 1394 1595 1446 Cyrill.
1608 1408 1643 1445 p.
1655 1397 1766 1438 552„
1793 1404 1894 1441 quae

1017 1450 1246 1506 οἰκοτραφής
1259 1453 1580 1503 explicatvcrua,
1606 1463 1759 1488 ceruus.
1783 1447 1896 1486 Haec

1017 1511 1246 1563 significatio
1289 1509 1405 1547 etiam
1442 1507 1592 1558 aliquot
1629 1506 1726 1543 locis
1762 1507 1897 1555 potest

1018 1567 1251 1613 confirmari,
1276 1567 1309 1604 si
1337 1565 1423 1615 quis
1449 1566 1637 1613 sequatur
1661 1561 1830 1599 Acronis
1856 1565 1897 1597 et

1018 1624 1154 1663 Schol.
1181 1623 1297 1674 Cruq.
1323 1621 1625 1672 explicationem
1651 1617 1787 1656 Horat.
1818 1615 1896 1654 Od.

1017 1681 1081 1720 Ill.
1101 1685 1163 1721 18.
1180 1684 1217 1721 3.
1239 1680 1383 1731 parvis
1407 1691 1562 1729 aequus
1587 1675 1804 1714 alumnis.
1830 1671 1896 1711 Ill.

1016 1742 1084 1779 23.
1111 1742 1167 1782 7.,
1206 1735 1311 1787 quod
1340 1738 1470 1772 tamen
1502 1732 1642 1770 melius
1674 1731 1724 1768 de
1754 1729 1896 1768 hoedis

1016 1796 1317 1846 interpretantur
1353 1790 1402 1828 cf.
1429 1789 1505 1827 Od.
1533 1788 1560 1826 Ι.
1590 1792 1652 1828 17.
1680 1791 1716 1827 3.
1743 1789 1782 1824 et
1806 1785 1896 1824 lntt.

1015 1851 1067 1889 ad
1099 1851 1123 1889 1.
1149 1863 1182 1887 0.
1214 1848 1325 1887 Haec
1354 1847 1468 1896 igitur
1504 1845 1609 1883 notio
1640 1856 1711 1895 per
1742 1856 1788 1880 se
1819 1855 1894 1880 non

1016 1907 1150 1953 habet,
1160 1919 1237 1956 quo
1253 1903 1506 1948 offendamur,
1517 1913 1752 1952 quamquam
1767 1911 1896 1936 exem-

1016 1963 1126 2015 plum
1150 1961 1278 2000 adhuc
1298 1959 1502 2004 desidero,
1529 1958 1593 1996 ubi
1608 1970 1656 1995 ea
1669 1956 1896 1994 inveniatur.

1017 2019 1058 2058 In
1084 2019 1208 2057 altero
1240 2017 1342 2055 enim
1378 2013 1756 2064 Metamorphoseon
1795 2010 1896 2055 loco,

1016 2076 1083 2114 ubi
1110 2074 1341 2127 familiares
1371 2075 1411 2109 et
1440 2070 1633 2110 vernulae
1664 2081 1896 2107 commemo-

1016 2135 1164 2176 rantur,
1195 2128 1426 2183 familiares
1463 2129 1554 2165 sunt
1584 2127 1627 2171 ii,
1664 2126 1897 2176 quibuscum

1017 2188 1142 2227 amice
1149 2186 1298 2225 Lucius
1311 2185 1474 2229 vixerat,
1483 2196 1611 2234 neque
1624 2195 1717 2220 vero
1727 2180 1878 2234 famuli
1885 2193 1899 2225 ‚-

1018 2244 1067 2283 ct'.
1083 2244 1227 2282 Senec.
1243 2242 1368 2293 Epist.
1384 2245 1448 2281 47.
1475 2239 1607 2290 §.1·2.‚
1634 2252 1780 2278 vernae
1804 2249 1896 2274 vero

1017 2315 1094 2339 non
1120 2300 1241 2345 servi,
1268 2298 1333 2349 qui
1346 2297 1470 2336 Lucio
1497 2296 1602 2334 (lomi
1622 2298 1730 2333 erant
1755 2295 1834 2332 nati
1858 2296 1899 2331 et

1018 2357 1190 2403 educati,
1215 2355 1290 2393 sed
1302 2354 1434 2407 potius
1445 2352 1693 2405 populares,
1719 2350 1898 2388 eiusdem

1017 2414 1125 2453 urbis
1139 2411 1311 2456 incolae,
1336 2414 1378 2448 ut
1393 2410 1519 2448 fusius
1533 2409 1584 2447 ibi
1605 2407 1896 2446 demonstrabo.

1017 2470 1088 2508 Vir
1113 2470 1271 2514 doctus,
1297 2479 1412 2519 quem
1438 2480 1485 2503 eo
1512 2465 1561 2503 de
1588 2464 1674 2502 loco
1707 2461 1898 2506 consului,

1018 2530 1130 2579 putat
1167 2529 1301 2564 nostro
1338 2537 1431 2561 vero
1466 2521 1554 2560 1000
1598 2525 1676 2559 tam
1715 2521 1898 2558 accurate

1017 2582 1231 2634 Apuleium
1256 2582 1354 2619 inter
1376 2578 1556 2632 famulus
1570 2581 1609 2614 et
1622 2577 1807 2616 alunmos
1825 2575 1848 2612 i.
1865 2588 1897 2612 e.

1017 2653 1160 2678 vernas
1191 2637 1438 2682 distinxisse,
1469 2638 1510 2672 ut
1540 2633 1709 2671 seorsim
1733 2635 1899 2681 utraque

1017 2709 1117 2746 gens
1141 2693 1379 2747 proferenda
1398 2704 1494 2729 esse
1514 2691 1549 2728 ei
1564 2690 1771 2727 videretur.
1795 2686 1899 2725 Hinc

1022 2752 1192 2802 explicat
1217 2752 1420 2790 aluumos:
1449 2748 1648 2786 dominos.
1674 2743 1750 2782 Per
1763 2757 1810 2781 se
1824 2743 1901 2782 hoc

1021 2821 1156 2846 verum
1183 2811 1255 2846 est.
1295 2805 1442 2844 Testes
1468 2803 1582 2841 huius
1607 2800 1899 2852 significationis

1023 2868 1116 2903 sunt
1139 2864 1277 2903 Isidor.
1303 2861 1354 2900 X.
1383 2865 1420 2901 3.
1449 2859 1638 2898 alumnus
1667 2857 1719 2896 ab
1746 2856 1899 2895 alendo

1022 2926 1203 2966 vocatus,
1220 2920 1315 2959 llcet
1334 2922 1377 2956 et
1402 2916 1485 2969 qui
1503 2915 1600 2954 alit
1622 2918 1661 2952 et
1681 2914 1753 2965 qui
1771 2912 1901 2952 alitur

1021 2978 1256 3029 dicipolest
1276 2975 1478 3016 ulunmus,
1504 2971 1551 3009 id
1570 2975 1629 3009 est
1652 2974 1691 3008 et
1715 2969 1799 3021 qui
1822 2983 1900 3009 uu-

1021 3035 1113 3073 trit
1135 3040 1172 3072 et
1198 3033 1270 3085 qui
1294 3030 1490 3074 nutritur,
1527 3028 1601 3066 sed
1630 3025 1803 3065 melius
1835 3030 1900 3064 ta-

1019 3103 1137 3135 men,
1165 3089 1247 3141 qui
1271 3086 1447 3130 nulrit,
1473 3084 1578 3122 unde
1602 3085 1786 3135 apparet,
1811 3095 1899 3120 sae-

1020 3147 1109 3197 pius
1139 3144 1330 3184 Isidorum
1361 3154 1449 3181 eam
1480 3140 1595 3179 huius
1623 3139 1731 3178 vocis
1756 3138 1897 3189 signifi-
