2155 3590
652 134 842 177 LIBER
871 137 943 178 VI.
1005 136 1127 178 CAP.
1157 136 1278 177 XIV.
1768 136 1851 179 439

63 263 134 304 que
169 249 341 304 proclive
377 250 545 304 delapsi,
590 256 629 289 et
664 250 823 303 angusti
861 250 1008 290 canalis
1040 256 1182 290 exarto
1214 247 1384 289 contecti
1409 248 1590 298 tramite,
1629 248 1850 303 proximam

61 306 275 346 convallem
317 306 486 346 latenter
514 305 767 356 incidebant,
808 307 948 347 dextra
983 307 1173 359 laevaque
1203 305 1381 345 cautibus
1415 305 1565 345 cavatis
1595 312 1847 359 proserpunt,

60 369 99 402 et
115 362 233 414 longa
253 362 351 401 colla
366 362 536 417 porrecti
551 362 661 402 saevi
686 362 892 412 dracones,
921 362 1158 403 inconnivae
1183 361 1342 415 vigiliae
1365 360 1576 401 luminibus
1603 362 1783 411 addictis,
1811 369 1851 401 et

58 418 98 458 in
128 424 351 473 perpetuam
382 419 507 459 lucem
538 418 690 474 pupulis
721 418 1023 460 excubantibus.
1074 417 1234 473 Iamque
1266 424 1305 458 et
1334 417 1441 473 ipsae
1473 424 1599 458 semet
1622 417 1851 458 muniebant

50 564 115 595 per
133 556 222 595 qumi
234 557 384 594 proclive
403 555 431 587 δ.
480 562 606 586 exarto
626 560 661 588 F.
677 560 707 587 3.
728 560 762 588 G.
778 560 813 588 P.
833 560 867 588 Ο.
888 561 924 588 R.
946 560 966 588 f.
987 556 1015 588 δ’.
1036 568 1066 594 p.
1090 562 1127 588 In
1147 563 1220 589 cett.
1239 561 1329 589 extat
1347 561 1481 587 exerto.
1531 558 1681 585 contecta·
1697 558 1730 587 in
1750 560 1786 587 G.
1801 561 1851 587 est

54 603 185 632 nonnisi
198 610 218 632 a
230 611 271 632 m.
285 612 312 633 s,
362 604 500 631 trmm'le
514 606 623 633 exulat
639 611 658 632 a
671 606 709 632 D.
759 602 887 631 dextra
901 605 936 633 F.
952 606 982 633 3.
998 607 1034 633 G.
1046 606 1085 633 D.
1121 607 1157 634 In
1172 609 1243 635 cett.
1258 603 1414 634 dea-tera.
1452 604 1531 633 oud.
1553 604 1591 632 de
1610 606 1672 632 hac
1694 607 1850 638 perpetua

53 647 243 677 confusione
255 649 308 677 hic
322 649 384 677 loci
399 649 479 677 nihil
494 650 676 684 admonuit,
704 653 734 677 ut
751 658 768 677 e
780 649 861 677 meis
875 651 1094 678 tantummodo
1108 652 1198 679 codd.
1212 658 1264 679 res
1277 651 1424 684 pendeat.
1471 647 1613 685 lanaque
1631 650 1670 677 D.
1718 647 1848 675 cotibus

52 694 560 723 omneseddxeitvmc.2.E1m.
587 693 832 723 cantv'busGD.
847 696 878 723 Ρ.
894 693 1435 730 (i11excerpt.admarg.ed.coir.)
1450 693 1647 731 proserpm't
1656 695 1691 722 0.
1708 700 1849 729 proser-

45 737 239 774 ptumam.
260 736 450 775 prm·eet1'd'.
466 743 497 767 ut
512 746 620 773 saepe.
645 739 837 766 inconm‘ves
852 741 886 768 G.
902 740 936 768 P.
949 741 983 767 0.
998 741 1036 768 D.
1063 740 1260 768 inconcione
1272 741 1427 769 Venet.2.
1440 739 1554 768 Aldin.
1580 736 1707 766 addicis
1721 739 1848 767 P.D.0.

49 780 175 810 adt'ctr's
198 784 348 812 Beroald.
373 785 449 813 Bas.
467 785 494 812 1.
537 782 678 812 adiectis
697 781 726 812 ὃ.
775 783 904 820 capulis
926 792 982 818 pro
1004 784 1140 821 pupulis
1164 786 1199 814 F.
1219 787 1250 814 3.
1281 783 1418 821 pupulis
1442 784 1591 813 Beroald.
1617 785 1666 813 ed.
1691 792 1739 818 pr.
1763 783 1849 811 Elm.

43 827 179 864 populis
194 829 229 857 G.
247 830 286 857 D.
301 828 322 857 f.
336 830 450 857 Vener.
464 831 494 857 4.
518 828 606 869 ῇήὶι
620 830 656 859 P.
677 828 818 866 pupillis
832 831 867 858 F.
884 831 913 857 1.
927 831 962 858 Ο.
978 826 1005 858 δ.
1019 831 1103 858 lunt.
1121 832 1149 859 1.
1163 832 1193 859 2.
1213 831 1327 859 Aldin.
1343 831 1432 859 Colv.
1445 830 1587 858 Vulcan.
1600 830 1748 858 XVower.
1763 828 1849 857 Pric.

48 874 147 902 orell.
193 872 369 901 movebant
384 882 438 909 pro
451 873 642 902 muniebant
658 884 690 909 φ.
705 875 740 903 0.
755 878 858 908 Marg.
874 875 908 904 Ο.
922 876 1032 903 U‘ow.
1047 875 1156 904 scriv.
1169 876 1253 905 Pric.
1266 877 1349 904 Elm.

48 982 221 1034 mihique
244 997 290 1022 se
316 985 466 1034 probat.
492 983 532 1022 Id
559 986 688 1036 potius
714 989 776 1022 est
801 984 919 1023 homi-

46 1053 153 1085 num,
174 1053 314 1090 aquam
329 1053 351 1077 e
365 1039 471 1078 fonte
485 1040 784 1085 extrahentium,
805 1054 920 1091 quam

45 1096 168 1147 ipsius
194 1096 322 1143 sontis,
350 1097 412 1146 qui
440 1097 564 1135 editur
588 1101 701 1142 terra,
726 1111 800 1135 non
827 1098 918 1135 edu—

43 1153 149 1190 citur.
176 1152 334 1191 Scilicet
346 1154 529 1204 scriptum
546 1152 669 1192 suerat
683 1154 917 1192 librariorum

42 1221 151 1246 more
182 1209 310 1248 edicti
339 1223 407 1259 pro
433 1210 552 1254 editi,
587 1210 676 1248 hinc
699 1210 800 1247 alius
827 1209 919 1246 fecit

44 1265 194 1304 educti.
215 1265 300 1303 Sed
313 1265 457 1316 optime
471 1265 601 1303 sontes
616 1265 790 1303 dicuntur
804 1266 916 1310 editi,

43 1334 202 1372 quorum
225 1323 390 1374 genitor
412 1335 526 1358 mons
546 1325 624 1366 est,
649 1325 690 1359 ut
714 1322 749 1358 in
764 1322 915 1360 Auson.

43 1377 93 1416 de
106 1376 204 1416 Urb.
221 1391 254 1416 c.
271 1381 334 1417 13.
361 1376 424 1415 Uti
445 1381 483 1415 et
502 1378 590 1416 inde
609 1377 710 1416 ssuvii
725 1378 912 1417 eduntur.

41 1433 187 1472 Lucan.
202 1433 264 1471 111.
280 1438 373 1474 257.
401 1432 502 1472 Curt.
516 1432 581 1472 Vl.
597 1438 633 1474 4.
649 1433 678 1483 ξ.
695 1438 730 1474 5.
751 1433 806 1472 At
822 1448 912 1472 vero

42 1491 155 1528 etiam
186 1490 255 1529 edi
285 1490 461 1529 dicuntur
484 1489 639 1528 flumina
664 1492 847 1528 exeuntia
878 1491 916 1528 In

40 1559 191 1585 amnem
206 1545 268 1585 vel
284 1559 389 1585 mare
415 1546 463 1586 cf.
476 1546 606 1586 Burm.
622 1547 770 1587 adVal.
785 1546 816 1586 F
820 1547 914 1586 lace.

95 1664 254 1700 exarto.
305 1659 441 1711 [Hanc
470 1661 718 1711 scripturam,
751 1673 852 1711 quae
877 1661 914 1698 in

40 1717 198 1768 optimis
223 1716 336 1756 codd.
362 1717 571 1762 invenitur,
604 1721 643 1755 et
667 1730 691 1755 a
716 1717 913 1755 nonnullis

40 1773 204 1813 librariis
228 1785 348 1824 prave
373 1777 609 1812 commutata
633 1777 713 1819 est,
740 1787 813 1812 suo
828 1773 914 1812 loco

38 1830 316 1868 restituendam
341 1843 436 1868 esse
459 1831 602 1881 putavi.
634 1828 767 1868 Pauco
795 1830 914 1881 negli-

39 1887 192 1938 gentius
217 1887 314 1937 agit,
339 1887 403 1937 qui
416 1886 606 1924 tramitem
626 1891 829 1926 exsertam
849 1900 913 1925 ex-

38 1943 161 1996 plicat
178 1948 479 1994 exporrectum,
499 1955 674 1993 sequeus
700 1941 912 1988 Floridum‚

40 2000 104 2051 qui
127 2000 256 2037 vertit:
283 1999 456 2049 cooperti
474 2002 651 2050 porrecta
664 1999 806 2038 semita
818 2000 912 2038 arcti

40 2055 152 2094 alvei.
186 2054 270 2093 Sed
288 2055 450 2105 primum
470 2069 588 2094 unum
602 2055 714 2093 nobis
728 2059 917 2093 monstret

39 2110 280 2162 exemplum,
305 2111 371 2149 ubi
395 2116 576 2151 exsertus
600 2111 701 2150 hanc
724 2111 916 2161 significa·

38 2169 182 2206 tionem
207 2166 337 2206 habet.
362 2166 484 2205 Locis
498 2168 598 2205 enim
613 2171 654 2205 ut
666 2167 859 2206 Livxlll.
877 2171 914 2208 9.

40 2238 201 2264 manum
229 2223 364 2262 subter
395 2228 536 2276 toyam
567 2224 625 2263 acl
648 2228 822 2263 mentum
848 2239 913 2264 ex-

39 2280 244 2326 serere,ita
257 2279 384 2330 decipi
399 2293 473 2318 non
489 2279 692 2325 debemus,
702 2284 743 2318 ut
755 2280 794 2317 id
809 2281 915 2331 quod

36 2337 259 2390 porriyere
271 2349 365 2374 esse
379 2340 572 2387 putemuS.
595 2337 798 2376 Exserere
810 2349 913 2375 sem-

39 2407 110 2445 per
133 2391 325 2443 significat
338 2393 574 2438 extrahere,
597 2396 807 2445 proferre,
832 2394 911 2432 toc-

40 2450 134 2494 lere,
142 2452 182 2487 et
193 2449 247 2488 ita
259 2449 309 2487 de
323 2462 431 2496 ense,
441 2449 544 2500 quod
559 2463 581 2487 e
591 2451 729 2499 vagina
741 2448 913 2496 trahitur,

39 2506 90 2545 de
114 2505 304 2551 humeris,
330 2506 393 2557 qui
409 2506 587 2544 vestibus
613 2509 703 2544 sunt
728 2506 914 2557 cooperti,

38 2565 257 2614 usurpatur.
306 2562 405 2601 Hine
436 2562 518 2600 sere
554 2562 657 2600 idem
691 2566 772 2607 est,
809 2562 914 2612 quod

38 2619 212 2658 nudare.
270 2618 382 2658 Haec
422 2632 514 2657 vero
543 2620 654 2657 vocis
690 2618 918 2669 significatio

40 2678 173 2714 nostro
200 2675 286 2713 loco
313 2689 429 2727 quum
456 2676 610 2714 minime
635 2675 854 2720 conveniat,
879 2679 919 2714 et

40 2731 142 2770 Mss.
158 2731 291 2784 optimi
306 2733 340 2770 in
356 2730 524 2770 lectione
537 2733 675 2770 exarli
692 2732 918 2783 persistant,

42 2801 141 2840 quae
154 2801 219 2827 res
232 2789 319 2827 sine
345 2788 462 2827 dubio
487 2788 616 2839 magni
641 2788 824 2826 momenti
842 2793 917 2833 est,

41 2845 181 2884 exaro·
210 2845 264 2884 ita
294 2844 484 2890 defendo,
510 2848 551 2883 ut
582 2845 841 2896 compositum
864 2845 918 2883 sit

41 2899 221 2940 adiectivi
245 2906 359 2941 artus
382 2915 414 2940 s.
442 2907 581 2941 arctus
606 2902 628 2939 i.
651 2914 684 2939 e.
710 2900 827 2939 valde
852 2915 917 2939 an—

41 2960 194 3007 gustus,
243 2958 315 2996 Ex
346 2959 445 2996 enim
475 2957 809 3010 praepositionem
840 2958 918 2999 vim

41 3013 150 3052 vocis
166 3012 356 3066 simplicis
369 3014 584 3065 adaugere,
609 3013 786 3052 omnibus
799 3014 918 3052 notis-

42 3069 182 3108 simum
212 3075 294 3115 est,
331 3074 372 3110 et
401 3071 541 3109 eadem
572 3070 720 3109 ratione
754 3069 919 3108 formata

41 3128 132 3163 sunt
154 3124 347 3166 adiectiva
369 3132 585 3173 exacutus,
622 3130 817 3179 exoptas,
849 3139 918 3166 ex·

974 985 1181 1036 pallidus,
1208 985 1313 1036 quod
1336 983 1424 1023 sola
1444 983 1670 1024 Tertulliani
1691 985 1850 1022 auctori-

979 1045 1058 1079 tate
1070 1042 1215 1087 nititur,
1242 1042 1491 1093 expet-idus,
1517 1041 1749 1081 extecmz’dus
1761 1040 1848 1079 alia.

978 1096 1120 1135 Totum
1145 1097 1272 1136 locum
1303 1096 1357 1136 ita
1382 1102 1508 1137 verto:
1533 1098 1622 1138 und
1646 1098 1746 1136 ilber-
1771 1097 1851 1135 den

976 1153 1156 1204 Ablmnff
1199 1154 1406 1198 stitrzend,
1453 1155 1542 1194 und
1590 1153 1724 1193 durch
1771 1153 1851 1191 den

975 1209 1178 1248 sclzmalen
1194 1209 1316 1261 Pfacl
1340 1211 1444 1248 eines
1469 1224 1599 1262 erzyen
1617 1211 1760 1249 Bettes
1782 1222 1850 1261 ye-

976 1265 1108 1304 declct.
1137 1264 1262 1303 Ceteri
1287 1267 1517 1317 interpretes
1543 1266 1672 1304 locum
1697 1279 1770 1303 non
1797 1267 1849 1303 in—

973 1320 1218 1360 tellexerunt.
1278 1322 1394 1360 Rode
1431 1322 1535 1360 male
1571 1322 1849 1373 interpretatus

973 1381 1050 1415 cst:
1076 1382 1203 1417 slitrzt
1227 1392 1266 1417 es
1279 1379 1363 1433 jiilz
1389 1379 1468 1417 (len
1483 1378 1851 1431 Ab92·2c⁷1dscln·1·u-

970 1434 1091 1472 meml
1114 1434 1307 1474 let‘mmter
1330 1437 1373 1473 in
1392 1435 1480 1474 etue
1498 1448 1601 1486 engle
1620 1434 1851 1486 yrmullose

978 1489 1236 1543 Felsenkluft
1263 1492 1351 1531 und
1374 1490 1493 1530 wc‘ilzt
1515 1490 1603 1529 siclt
1627 1491 1698 1528 mii
1717 1490 1850 1542 Πηρε-

973 1551 1077 1585 sitim
1091 1546 1220 1586 dultin
1235 1548 1379 1587 durch.
1394 1545 1678 1597 Francogallus
1692 1545 1851 1584 melius:

972 1616 1019 1640 se
1045 1603 1209 1654 perdent
1239 1603 1336 1642 dans
1368 1604 1406 1642 le
1437 1604 1582 1642 sentier
1607 1603 1710 1641 d’un
1737 1602 1851 1641 canal

971 1661 1122 1698 reserre
1136 1665 1174 1698 et
1188 1673 1283 1699 sans
1298 1663 1378 1699 etre
1391 1674 1499 1700 rues,
1527 1659 1604 1697 vel
1627 1660 1661 1698 si
1682 1664 1851 1698 exortus

972 1730 1046 1755 non
1072 1716 1205 1768 placet
1229 1717 1319 1768 lege
1343 1717 1506 1758 exaltus
1529 1718 1550 1755 i.
1573 1730 1606 1755 e.
1632 1715 1851 1768 profundis-

973 1773 1115 1819 simus,
1158 1786 1276 1824 quum
1317 1774 1426 1813 altus
1462 1777 1502 1812 et
1537 1778 1651 1812 arius
1686 1773 1850 1824 saepius

974 1830 1071 1867 inter
1094 1844 1141 1868 se
1166 1834 1459 1869 commutentur.
1486 1830 1533 1868 cf.
1549 1829 1616 1868 Dr.
1636 1829 1686 1867 ad
1708 1826 1850 1867 StLVl.

976 1889 1066 1927 194.
1093 1885 1223 1924 Burni.
1250 1886 1298 1925 ad
1324 1886 1440 1925 Ovid.
1465 1886 1600 1924 Amor.
1615 1884 1660 1923 ll.
1683 1889 1718 1926 2.
1736 1884 1825 1937 39.]

1029 1943 1216 1982 cautibus
1231 1944 1384 1982 cavatis
1393 1954 1571 1994 proserp
1578 1947 1661 1981 unt.
1687 1940 1849 1994 [Quam-

972 2011 1087 2049 quam
1113 1997 1216 2037 Oud.
1244 2004 1382 2039 cautes
1405 1998 1606 2051 praetulit,
1643 2002 1681 2036 et
1704 1999 1741 2036 in
1768 2002 1851 2036 tex-

974 2059 1052 2093 tum
1075 2054 1114 2092 id
1140 2059 1339 2107 receptum
1361 2060 1435 2101 est,
1454 2055 1694 2094 adnotationi
1719 2058 1850 2093 tamen

973 2110 1181 2150 Ruhnken.
1218 2112 1395 2163 praefixit
1430 2111 1638 2150 lectionem
1677 2111 1850 2151 cotibus.

973 2166 1077 2206 Oud.
1114 2169 1341 2220 scripturam
1378 2169 1536 2208 cotibus
1571 2168 1624 2206 ita
1655 2167 1849 2206 defendit:

978 2223 1199 2263 Cotesalias
1208 2238 1335 2276 aeque
1348 2224 1522 2264 dicuntur
1535 2228 1671 2263 cautes
1686 2226 1849 2275 quaevis

973 2293 1019 2318 ac
1033 2278 1187 2332 lapides
1201 2281 1364 2320 acuendi
1380 2281 1469 2319 ferri
1483 2281 1849 2320 usuiinservientes.

975 2336 1057 2375 Sed
1071 2337 1146 2375 hoc
1160 2339 1301 2377 nonita
1321 2338 1494 2377 dixerim.
1525 2337 1642 2377 Cotes
1661 2338 1851 2388 antiquior

972 2392 1098 2431 forma
1111 2399 1174 2433 est
1187 2395 1364 2433 eiusdem
1379 2395 1486 2433 vocis
1502 2398 1652 2439 cautes,
1660 2398 1702 2433 ut
1714 2398 1853 2447 aperte

973 2449 1063 2489 dicit
1076 2449 1261 2490 Priscian.
1277 2450 1304 2490 l.
1321 2455 1356 2492 9.
1370 2465 1407 2503 p.
1423 2455 1488 2491 48.
1503 2449 1659 2489 lii-ebt:
1687 2452 1854 2491 Transit

973 2521 1027 2546 au
1052 2508 1095 2545 in
1122 2521 1146 2545 ο
1168 2508 1422 2560 productam
1446 2520 1557 2546 more
1582 2509 1775 2560 antiqua.
1807 2514 1853 2547 ut

974 2563 1082 2603 lotus
1101 2577 1187 2615 pro
1211 2564 1366 2611 lautus,
1389 2564 1596 2615 plostrum
1618 2578 1703 2615 pro
1724 2564 1851 2616 plau-

976 2624 1120 2665 strum,
1152 2625 1285 2660 cotes
1312 2635 1396 2672 pro
1422 2625 1606 2665 cautes,
1639 2621 1851 2660 aus-culam

972 2689 1052 2727 pro
1092 2677 1292 2723 osculum,
1327 2677 1735 2730 frequentissimeque
1771 2677 1852 2716 hoc

973 2732 1190 2783 faciebant
1212 2734 1384 2786 antiqui.
1413 2732 1460 2771 cf.
1475 2731 1560 2771 lntt.
1577 2732 1627 2771 ad
1643 2733 1748 2784 Yirg.
1765 2732 1850 2772 Ecl.

975 2787 1080 2827 Vlll.
1095 2792 1161 2829 43.
1189 2789 1299 2828 Serv.
1315 2789 1364 2827 ad
1384 2789 1529 2840 Georg.
1544 2788 1609 2827 ΙΙΙ.
1630 2792 1722 2829 278.
1749 2788 1850 2828 Dav.

976 2844 1026 2882 ad
1051 2843 1129 2884 Cic.
1158 2844 1320 2885 Tuscul.
1339 2844 1406 2884 lV.
1430 2850 1492 2886 14.
1520 2843 1689 2884 Cort.ad
1702 2844 1850 2886 Lucan.

974 2899 1060 2940 Vll.
1089 2901 1203 2954 139.]
1791 2905 1810 2917 ⁸

1032 2957 1216 3009 pupulis.
1243 2957 1372 3009 [Hanc
1386 2957 1549 2996 sormam
1559 2969 1610 2997 ex
1622 2959 1852 3010 optimorum

977 3011 1159 3053 librorum
1173 3027 1371 3054 consensu
1389 3014 1425 3051 in
1440 3017 1593 3057 textum¹
1608 3014 1785 3067 recipere
1803 3030 1851 3056 eo

977 3070 1103 3108 minus
1129 3069 1320 3115 dubitavi,
1353 3083 1470 3121 quum
1495 3083 1570 3109 non
1602 3070 1728 3110 solum
1759 3073 1852 3111 anti-

979 3126 1088 3178 quior
1111 3126 1186 3165 sed
1212 3127 1326 3165 etiam
1342 3126 1514 3177 Apuleio
1540 3127 1776 3178 frequentior
1798 3129 1852 3167 vi·
