2155 3590
628 116 814 158 LIBER
844 117 910 158 lv,
970 117 1097 159 CAP.
1126 117 1272 158 XXV.
1776 118 1858 161 275

73 228 308 271 renuntiavi.
357 227 541 282 Laqueus
573 236 642 270 aut
672 230 823 283 gladius
854 237 922 271 aut
951 237 1058 272 certe
1088 228 1358 285 praecipitium
1389 227 1547 284 proflcul
1578 228 1692 269 dubio
1724 243 1857 284 capes·
1884 234 1981 278 [154]

71 286 232 326 sendum
263 292 336 325 est.
387 285 451 325 Ad
482 285 577 326 haec
608 299 706 326 anus
736 286 896 338 iratior,
929 287 1059 328 dicere
1090 300 1175 327 eam
1206 285 1387 326 saeviore
1417 284 1495 324 iam
1525 284 1635 325 vultu
1656 284 1662 341 Ι
1682 286 1855 338 iubebat,
1881 293 1948 328 292

72 342 159 395 quid
185 340 348 382 malum!
375 341 512 382 fleret?
535 341 601 382 vel
623 342 714 395 quid
739 350 899 397 repente
924 342 1163 397 postliminio
1194 355 1353 397 pressae
1384 341 1526 395 quietis
1557 340 1859 384 lamentationes

70 397 294 438 licentiosas
330 397 563 438 refricaret?
608 397 829 450 Nimirum,
863 400 1009 453 inquit,
1043 406 1153 440 tanto
1190 398 1417 453 compendio
1454 404 1544 438 tuae
1580 399 1857 452 redemptionis

71 454 301 494 defraudare
331 453 493 495 iuvenes
519 468 627 494 meos
653 455 851 496 destinas?
897 455 1011 509 Quod
1036 456 1071 496 si
1094 455 1225 510 pergis
1251 454 1436 505 ulterius,
1464 454 1541 494 iam
1568 454 1662 494 faxo
1687 455 1858 495 lacrimis

70 509 171 560 istis,
198 523 294 563 quas
320 510 433 564 parvi
457 511 626 564 pendere
639 511 826 566 §.latrones
853 519 1110 564 consuerunt,
1138 510 1441 566 insuperhabitis
1467 511 1560 552 viva
1585 524 1772 552 exurare.

68 614 208 653 laqueus
222 617 334 643 autem
349 617 384 644 G.
399 617 428 645 2.
442 617 480 645 D.
494 620 596 645 ortum
609 625 651 646 ex
664 617 851 652 compendio
864 617 925 646 αιῖ.
973 619 1029 645 aio
1043 616 1127 646 haec
1141 626 1198 653 pro
1211 615 1295 646 lzaec
1314 619 1351 646 G.
1369 619 1400 645 2.
1420 618 1456 646 P.
1475 618 1513 646 D.
1534 624 1554 645 a
1572 625 1611 646 m.
1633 625 1661 651 υ.
1683 620 1861 647 correctum

68 659 115 689 ad
125 667 146 690 a
156 669 197 690 m.
211 669 238 690 s.
273 663 309 688 et
320 659 383 688 hoc
397 669 426 695 p.
462 659 509 688 ad
521 664 560 689 ot
572 659 626 689 hic
638 663 752 691 Venet.
766 664 797 690 2.
834 665 874 690 at
887 661 970 691 haec
983 664 1097 692 Venet.
1113 660 1142 691 4.
1157 664 1233 692 Bas.
1250 665 1279 692 1.
1315 661 1362 690 ad
1372 660 1426 689 hie
1438 663 1486 691 ed.
1503 670 1548 696 pr.
1574 665 1613 689 at
1626 660 1680 689 ln'c
1693 663 1818 691 Vicent.
1833 670 1859 691 c.

67 713 166 742 marg.
177 707 254 735 Bas.
269 707 298 734 1.
345 705 476 734 iratior
490 708 525 735 F.
542 709 570 735 1.
585 709 615 736 3.
630 709 666 736 G.
683 709 711 735 1.
726 709 761 736 B.
775 708 810 736 Ο.
826 709 862 736 P.
877 710 914 736 R.
930 708 950 736 f.
965 712 995 737 et
1014 709 1084 737 edd.
1105 712 1182 737 vett.
1203 712 1278 737 ante
1292 710 1368 737 Bas.
1384 709 1412 737 1.
1448 707 1581 734 fratem·
1594 709 1629 736 G.
1643 709 1673 735 2.
1688 709 1726 736 D.
1742 715 1762 736 a
1774 715 1814 736 m.
1829 716 1859 742 p.

67 752 124 781 sed
139 758 160 780 a
170 758 210 780 m.
225 759 252 779 s.
267 755 444 780 correctum
458 752 491 780 in
505 751 612 781 irata.
635 752 740 781 Ceteri
754 754 844 781 codd.
859 755 977 782 habent
991 752 1189 782 subtrahor.
1219 755 1324 788 Quare
1338 754 1460 782 dubitat
1474 754 1552 781 Oud.
1572 753 1610 781 de
1624 752 1760 781 veritate
1774 752 1860 781 scri-

66 799 179 832 pturae
193 795 381 824 subiratior
394 797 586 831 praesertim
598 797 627 826 si
641 797 794 825 saeviore
810 797 903 825 vultu
918 799 1110 833 retineatur,
1137 799 1218 832 quod
1230 799 1346 827 leniter
1358 798 1514 827 irascenti
1527 800 1578 827 vei
1592 798 1673 826 iram
1693 797 1862 826 simulanti

67 847 178 876 parum
198 842 382 870 conveniat.
431 842 599 870 severiore
617 841 712 870 vultu
726 845 762 872 B.
801 843 970 871 sereniore
989 845 1027 872 D.
1075 842 1189 871 iubeat
1209 845 1245 872 G.
1260 846 1289 872 2.
1304 845 1342 872 D.
1385 843 1530 880 pressim
1548 844 1582 872 0.
1613 849 1763 879 pressent
1779 844 1814 871 G.
1833 844 1862 872 1.

65 885 207 914 illicitas
227 894 284 921 pro
304 885 500 915 licentiosas
520 889 557 916 G.
573 889 601 916 1.
617 889 646 916 2.
666 890 703 916 D.
720 896 754 916 π.
776 890 813 917 Β.
829 889 850 916 f.
876 890 959 917 unde
982 889 1093 917 Heius.
1114 889 1250 917 coniecit
1270 887 1420 925 elicitas,
1447 886 1624 916 sollicitas.
1672 887 1863 927 refricaret

65 931 102 960 F.
118 932 146 960 1.
161 932 192 959 3.
206 932 242 960 B.
258 940 287 966 p.
303 933 379 960 etin
394 933 543 961 omnibus
559 934 628 962 edd.
643 936 718 961 vett.
743 935 778 962 ln
793 935 910 962 ceteris
924 934 1018 963 libris
1038 937 1085 962 est
1105 932 1287 970 replicaret
1303 938 1334 962 ul
1350 936 1385 962 G.
1401 935 1430 962 1.
1445 936 1474 962 ⁸2.
1488 935 1526 962 D.
1542 935 1577 962 P.
1590 935 1627 961 R.
1644 933 1664 962 f.
1679 934 1713 962 Ο.
1728 940 1764 962 π.
1780 942 1812 967 φ.
1827 932 1862 970 β.

65 974 270 1015 desruudere
289 978 395 1006 Paris.
443 976 589 1015 desinas,
608 979 644 1006 F.
665 979 695 1006 3.
719 976 779 1015 (ex
792 974 1008 1015 correctione)
1034 981 1070 1007 G.
1087 980 1114 1006 1.
1130 981 1161 1007 2.
1183 981 1220 1007 D.
1243 980 1277 1007 P.
1298 980 1332 1008 Ο.
1353 980 1408 1007 sed
1429 979 1461 1007 in
1481 980 1534 1015 B„
1561 982 1592 1006 ut
1613 980 1692 1007 Oud.
1711 979 1860 1014 adnotat,

64 1029 130 1051 non
147 1022 281 1059 legitur,
305 1023 361 1050 sed
382 1020 544 1052 destinas.
592 1025 790 1058 Quamquam
810 1024 895 1051 enim
915 1024 948 1052 in
968 1031 1068 1059 marg.
1095 1031 1158 1052 non
1178 1024 1321 1052 additum
1341 1024 1400 1060 sit,
1433 1024 1537 1052 utrius
1561 1024 1683 1052 codicis
1701 1023 1796 1052 lectio
1819 1023 1865 1051 sit

65 1064 215 1104 desinas,
235 1072 340 1096 tamen
360 1074 476 1097 manus
490 1068 637 1096 Putschii
656 1072 765 1103 aperte
784 1069 858 1097 licet
880 1068 1048 1104 cognosci,
1076 1072 1110 1096 ut
1123 1069 1162 1097 ad
1179 1070 1215 1097 P.
1234 1076 1304 1097 eam
1324 1069 1443 1097 referre
1457 1070 1586 1097 debeas.
1601 1070 1635 1097 B.
1655 1068 1754 1103 igitur
1766 1070 1866 1097 habet

65 1109 226 1139 destinas.
263 1113 327 1140 Sed
341 1113 458 1141 dubius
477 1115 583 1142 adhuc
602 1121 690 1148 sum,
718 1122 793 1142 num
813 1112 947 1142 desinas
967 1121 1008 1142 ex
1026 1114 1117 1141 codd.
1137 1113 1381 1147 praeferendum
1400 1114 1453 1141 sit.
1491 1116 1571 1142 Nam
1595 1113 1809 1142 correctiones
1828 1113 1864 1142 in

64 1157 100 1186 F.
113 1158 144 1186 3.
164 1157 281 1186 obviae
299 1157 434 1192 saepius
446 1159 608 1186 meliorem
626 1159 796 1187 lectionem
816 1159 988 1187 continent.
1026 1156 1090 1185 Sed
1101 1157 1253 1194 sipergis
1267 1158 1288 1187 f.
1315 1161 1395 1187 teste
1409 1160 1522 1187 Roald.
1535 1160 1590 1187 sed
1605 1159 1683 1188 oud.
1699 1160 1767 1187 cod.
1780 1158 1864 1186 scri-

64 1206 191 1237 pturam
205 1203 281 1231 dicit
300 1211 374 1231 esse
394 1201 475 1239 qaid
491 1202 522 1230 si
534 1203 658 1239 pergis.
702 1210 853 1240 peragas
874 1204 922 1232 ed.
944 1205 1019 1231 Bas.
1037 1205 1068 1231 ,2.
1105 1202 1276 1242 iamfato
1291 1204 1323 1231 in
1338 1204 1486 1231 omnibus
1500 1204 1592 1232 libris
1607 1207 1637 1232 et
1650 1205 1719 1232 edd.
1734 1203 1864 1239 legitur.

63 1249 99 1276 In
117 1248 198 1276 solis
219 1248 309 1276 Colv.
332 1251 359 1275 et
381 1250 516 1276 Mercer.
544 1249 615 1276 edd.
635 1249 846 1282 depravatum
866 1252 911 1275 est
933 1249 964 1276 in
984 1247 1101 1286 facto.
1146 1246 1328 1284 procidere
1354 1256 1409 1283 pro
1434 1246 1681 1284 parvipendere
1700 1250 1738 1277 D.
1786 1256 1865 1276 con-

65 1294 204 1321 tuerunt
217 1293 253 1321 F.
267 1295 297 1321 3.
312 1294 347 1320 G.
361 1293 392 1320 2.
408 1294 442 1321 Ο.
479 1300 682 1320 consuevere
694 1294 729 1321 F.
746 1295 772 1320 1.
793 1294 829 1321 Β.
849 1296 878 1321 et
899 1300 1010 1321 omnes
1030 1294 1099 1320 edd.
1121 1296 1194 1321 vett.
1233 1296 1475 1320 consum-erunt
1490 1295 1527 1322 D.
1543 1294 1579 1321 R.
1596 1293 1617 1321 f.
1632 1296 1667 1322 G.
1686 1295 1712 1321 1.
1728 1296 1775 1322 <at
1792 1295 1864 1328 syl-

18 1416 21 1419 ·
65 1380 291 1420 superhabitr‘s
310 1385 345 1411 G.
360 1383 388 1410 1.

64 1339 141 1366 laba
154 1345 192 1365 ve
205 1340 244 1366 ab
258 1339 370 1366 eadem
390 1345 485 1366 manu
500 1339 630 1372 punctis
645 1342 690 1365 est
711 1338 903 1367 obliterata).
951 1345 1112 1365 consuere
1131 1339 1244 1366 Venet.
1264 1340 1294 1365 2.
1309 1342 1337 1365 et
1359 1338 1484 1366 Vivent.
1531 1341 1786 1366 consueverant.
1807 1337 1865 1366 In-

64 1470 290 1523 yemiscere.
343 1470 486 1522 Itaque
511 1485 626 1509 mora
659 1470 934 1509 distinctionis

61 1540 145 1578 par
174 1531 232 1565 est
262 1527 473 1566 ostendere
504 1530 685 1581 affectas.
733 1525 785 1565 Ut
810 1527 871 1565 his
897 1531 936 1564 et

66 1581 152 1621 aliis
167 1582 362 1634 exemplis
376 1596 444 1633 per
457 1583 748 1622 admirationem
769 1587 807 1621 et
820 1584 933 1621 animi

67 1640 414 1678 consternationem
428 1640 557 1691 possit
578 1640 780 1691 explicari,
806 1644 933 1678 tamen

67 1695 158 1746 quid
183 1709 331 1746 quaeso
352 1696 401 1734 de
423 1700 552 1734 nostro
573 1696 660 1734 loco
683 1696 769 1734 fiet?
794 1696 935 1735 Nonne

65 1751 127 1791 hic
151 1752 397 1803 apertissime
424 1753 714 1803 ingemiscentis
741 1757 803 1790 est
828 1753 933 1803 puel-

66 1808 154 1846 lae?
190 1807 297 1847 Idem
323 1808 426 1847 cadit
450 1810 484 1847 in
513 1809 638 1848 iocum
666 1808 734 1848 ΙΧ.
758 1823 798 1860 p.
825 1809 935 1861 638]

123 1865 290 1918 laqueus
302 1870 372 1904 aut
391 1865 561 1918 gladius
574 1870 645 1905 aut
659 1871 766 1905 certe
775 1867 935 1917 praeci-

62 1921 224 1973 pitium.
244 1920 403 1973 [senec.
414 1920 591 1959 controv.
603 1921 667 1961 111.
680 1926 739 1962 16.
757 1922 935 1974 laqueus,

64 1977 253 2030 yladiaS,
281 1991 481 2029 praeceps
513 1978 634 2017 locas.
684 1977 830 2016 Lucan.
868 1977 934 2015 ΙΧ.

69 2037 147 2074 106
173 2046 232 2083 sq.
269 2047 476 2086 nunquam
507 2035 702 2074 veniemus
731 2035 790 2073 ad
814 2047 935 2079 enses,

67 2094 138 2128 aut
157 2090 325 2142 laqueos
344 2094 415 2128 aut
428 2091 681 2141 praecipites
697 2103 776 2141 per
794 2092 935 2129 inania

67 2146 206 2185 iactas.
228 2144 331 2184 Cort.
344 2145 757 2187 adLucan.Vlll.654.
777 2145 933 2185 Peerlk.

66 2201 116 2239 ad
130 2201 263 2240 Horat.
279 2201 356 2240 Od.
376 2215 411 2252 p.
428 2206 519 2242 352.
541 2206 579 2239 et
601 2216 635 2252 p.
651 2202 763 2254 507.]

125 2259 226 2310 quid
249 2259 397 2298 malum
418 2260 544 2311 fleret.
594 2257 668 2296 Per
693 2258 936 2298 exclamatio-

68 2327 154 2352 nem
168 2314 281 2365 quasi
294 2315 531 2353 interiectum
547 2327 639 2352 esse
652 2316 811 2361 malam,
821 2329 936 2366 quum

69 2370 133 2408 alii
171 2372 401 2422 coniungant
439 2371 541 2423 qaid
574 2372 722 2411 ‘tualeam
757 2372 818 2409 vei
857 2386 935 2411 ma-

70 2426 163 2472 lam,
188 2426 427 2466 demonstrat
440 2427 542 2465 Oud.
569 2441 618 2465 ex
632 2427 708 2467 Cic.
733 2443 802 2480 pro
817 2428 935 2467 Rosc.

71 2482 176 2522 Com.
201 2497 284 2535 cap.
311 2484 429 2522 ultim.
457 2483 559 2522 Geli.
579 2483 668 2523 ΧΠ.
692 2489 725 2524 l.
750 2484 854 2523 Xlll.
874 2489 935 2525 12.

70 2536 163 2578 XV.
187 2543 250 2580 31.
279 2540 366 2578 coll.
394 2539 491 2578 Elm.
517 2540 567 2578 ad
591 2540 687 2579 Met.
715 2540 763 2579 X.
790 2555 826 2592 p.
842 2545 936 2582 707.

73 2595 153 2647 [qui
177 2599 303 2635 tamen
329 2596 421 2635 nihil
448 2596 570 2635 affert.
620 2597 665 2634 cf.
693 2596 820 2636 Plaut.
846 2597 936 2636 Am-

72 2651 164 2702 phit.
185 2651 211 2691 Ι.
234 2658 266 2693 1.
288 2657 380 2694 250.
406 2652 450 2691 H.
481 2657 514 2692 1.
540 2657 605 2694 57.
633 2657 695 2694 79.
723 2653 873 2705 Epidio.
887 2654 936 2693 V.

74 2711 110 2748 2.
135 2712 198 2748 45.
223 2709 314 2748 Aul.
340 2709 403 2747 ΙΙΙ.
430 2713 465 2749 2.
496 2713 558 2750 15.
597 2709 738 2748 Donat.
764 2710 813 2748 ad
840 2709 936 2748 Eun.

73 2762 138 2802 IV.
164 2769 200 2805 7.
230 2769 296 2807 1οε
324 2766 481 2805 Malum
505 2779 575 2817 per
598 2769 826 2818 παρένθεσιν
849 2782 936 2806 saa-

73 2820 171 2859 viter
185 2822 306 2873 (quod
320 2822 477 2861 forsitan
493 2823 528 2860 in
542 2823 937 2872 graviteremendan-

75 2875 161 2914 dum
177 2880 257 2927 est)
272 2879 461 2931 infertor.
498 2879 553 2918 Et
564 2893 647 2918 non
661 2880 937 2931 interponitur

75 2931 258 2980 malum,
283 2936 361 2973 nisi
387 2935 516 2975 oculis
542 2937 741 2975 con-versis
760 2937 818 2975 acl
837 2949 936 2983 eam,

78 2988 147 3038 qui
176 2989 222 3028 id
252 2991 364 3043 quod
399 2992 730 3043 reprelaemlinms
767 2993 936 3032 (licuerit.

76 3041 129 3080 M
131 3043 180 3082 al
187 3059 252 3085 am
275 3061 382 3087 nunc
397 3049 623 3088 interiectio
639 3053 704 3087 est.
738 3046 854 3086 Plura
871 3048 935 3086 da-

75 3097 168 3138 bunt
190 3099 273 3142 lntt.
298 3103 348 3142 ad
378 3103 413 3142 h.
442 3103 467 3141 l.
500 3105 735 3156 praeceteris
760 3105 935 3143 W'ester·

438 1382 516 1410 vina
536 1384 574 1412 D.
595 1391 615 1412 a
634 1391 673 1411 m.
689 1391 718 1417 p.
766 1390 913 1410 exurere
932 1384 968 1411 B.
995 1387 1027 1411 et.
1045 1391 1156 1412 omnes
1174 1385 1243 1411 edd.
1265 1386 1342 1412 vett.
1362 1386 1490 1417 praeter
1507 1384 1767 1412 Am.e11u111.2.

994 1470 1082 1508 hov.
1111 1469 1212 1509 Cort.
1233 1470 1282 1509 ad
1301 1469 1449 1508 Lucan.
1470 1469 1495 1508 Ι.
1517 1473 1608 1512 626.
1639 1470 1760 1509 voss.
1775 1470 1861 1509 Ari-

992 1525 1134 1565 starch.
1162 1526 1206 1565 T.
1234 1526 1296 1565 111.
1329 1541 1364 1578 p.
1395 1531 1512 1567 1011.
1545 1526 1681 1566 Eckst.
1706 1526 1863 1566 Fronto.

994 1583 1118 1634 Epist.
1139 1583 1188 1621 ad
1208 1583 1298 1620 Ver.
1323 1583 1346 1621 Ι.
1367 1596 1402 1634 p.
1424 1588 1510 1623 172.
1534 1584 1593 1622 ed.
1615 1583 1728 1621 Rom.
1751 1583 1866 1636 qaod

993 1640 1165 1680 malum!
1185 1641 1293 1691 foris
1321 1640 1596 1692 qactcrendam
1619 1641 1696 1679 sibe·
1720 1641 1788 1686 sit,
1815 1640 1866 1678 de

995 1695 1137 1746 Nepot.
1159 1697 1268 1735 ruitis.
1285 1701 1377 1736 218.
1406 1711 1526 1749 qaae,
1553 1697 1747 1736 malztm!
1765 1710 1865 1748 pro-

997 1753 1177 1791 videntia
1203 1758 1281 1791 lam
1307 1754 1446 1805 inique
1468 1755 1688 1804 prospicit.
1715 1753 1782 1791 Sic
1797 1755 1864 1806 sle-

998 1809 1076 1847 bile
1092 1807 1251 1847 Anthol.
1273 1809 1359 1848 Lat.
1376 1808 1483 1847 Tom.
1503 1809 1546 1848 ll.
1563 1823 1597 1860 p.
1617 1813 1707 1850 125.
1733 1808 1864 1848 Burm.

995 1865 1260 1916 interponitur,
1287 1866 1349 1916 qui
1376 1879 1512 1903 versus
1539 1867 1590 1904 ita
1614 1865 1864 1916 corrigendus

995 1925 1070 1959 est:
1117 1922 1286 1975 I’lanyo
1322 1923 1381 1960 νίν
1417 1927 1454 1960 et
1488 1923 1653 1973 yenitor
1689 1922 1864 1975 (flebile)

997 1991 1129 2017 versa
1155 1979 1245 2017 deo.
1295 1978 1418 2017 Versa
1438 1980 1537 2016 enim
1563 1982 1625 2017 est
1644 1992 1799 2024 eversa,
1824 1982 1867 2017 ut

995 2034 1135 2072 Senec.
1152 2035 1290 2085 Agant.
1310 2038 1398 2075 190.
1416 2034 1554 2073 Troad.
1571 2038 1662 2075 911.
1711 2034 1865 2074 Eodem

993 2090 1108 2128 modo
1145 2091 1364 2142 infandam
1407 2091 1511 2143 Yirg.
1555 2092 1653 2130 Aen.
1696 2091 1721 2130 1.
1765 2096 1858 2132 251.

994 2146 1136 2197 Georg.
1163 2146 1190 2186 1.
1215 2147 1330 2200 479]

1047 2251 1212 2289 pressae
1239 2239 1395 2290 qnietis.
1447 2239 1633 2283 Pressae,
1660 2238 1765 2290 quod
1783 2237 1864 2277 Pri-

994 2306 1114 2332 caeus
1151 2293 1253 2332 maie
1291 2307 1359 2345 pro
1391 2297 1610 2347 premenlis
1646 2296 1766 2347 capit,
1804 2299 1866 2334 est

994 2351 1234 2396 adstrictae,
1272 2365 1523 2403 compressae
1558 2356 1598 2390 et
1632 2353 1690 2391 sic
1725 2352 1864 2398 brevis,

994 2410 1034 2444 ut
1057 2407 1206 2456 passim
1231 2421 1371 2459 pressa
1404 2410 1562 2453 oratio,
1593 2422 1693 2454 vox,
1724 2422 1863 2447 sermo).

995 2462 1043 2501 cf.
1060 2462 1138 2501 intt.
1160 2463 1208 2501 ad
1226 2463 1329 2502 Veii.
1345 2463 1388 2502 ΙΙ.
1407 2468 1498 2505 129.
1526 2464 1666 2516 [Plum.
1687 2464 1737 2502 ad
1750 2463 1863 2503 Pers.

995 2520 1078 2558 Sat.
1093 2519 1140 2557 V.
1165 2524 1255 2560 108.
1281 2533 1317 2571 p.
1333 2524 1424 2561 4⁶28.
1452 2521 1653 2573 Spalding.
1669 2521 1717 2560 ad
1732 2519 1865 2567 Quint.

996 2574 1059 2613 lv.
1085 2576 1122 2616 2.
1148 2576 1178 2625 ᾧ.
1208 2577 1323 2629 177.]

1051 2656 1280 2706 refricaret.
1320 2655 1429 2695 Hanc
1443 2657 1669 2708 optimorum
1684 2657 1798 2697 codd.
1812 2656 1863 2695 le-

995 2710 1160 2749 ctionem
1191 2712 1293 2751 oud.
1330 2712 1433 2753 Mss.
1470 2727 1667 2752 numerum
1703 2718 1864 2753 secutus

994 2767 1103 2806 alteri
1134 2769 1359 2822 replicaret
1386 2771 1625 2821 postposuit,
1664 2770 1752 2809 licet
1775 2771 1864 2822 ipse

993 2825 1196 2876 refricare
1220 2827 1466 2873 memoriam,
1498 2826 1682 2865 dolorem
1713 2826 1762 2866 al.
1788 2826 1864 2866 dici

995 2883 1223 2931 pronuntiet,
1237 2882 1465 2933 metaphora
1479 2897 1501 2921 a
1516 2882 1671 2921 diducta
1684 2883 1861 2922 cicatrice

993 2941 1133 2977 sumta.
1182 2938 1279 2990 [Cic.
1303 2938 1352 2976 ad
1377 2938 1458 2977 Att.
1483 2937 1571 2978 XII.
1598 2942 1660 2979 18.
1686 2938 1716 2989 §.
1746 2944 1780 2980 1.
1810 2938 1862 2979 V.

999 2997 1059 3033 15.
1090 2993 1119 3043 ξ.
1148 2998 1182 3034 2.
1217 2995 1267 3033 ad
1292 2994 1400 3033 Fam.
1427 2995 1476 3033 V.
1507 2999 1568 3035 17.
1601 2995 1633 3046 ᾧ.
1660 2999 1697 3035 4.
1744 2995 1862 3035 ovid.

994 3048 1157 3089 Remed.
1178 3051 1265 3089 Ain.
1293 3054 1386 3092 729.
1411 3049 1534 3089 Orell.
1550 3050 1599 3089 ad
1612 3051 1760 3091 Arnob.
1775 3052 1861 3092 Vll.

995 3109 1061 3148 33.
1087 3106 1132 3146 Τ.
1159 3106 1202 3146 ll.
1228 3121 1264 3158 p.
1291 3107 1407 3159 438]

1571 3162 1655 3205 18*
