<?xml version="1.0" encoding="UTF-8"?>
<!DOCTYPE html PUBLIC "-//W3C//DTD XHTML 1.0 Transitional//EN"
    "http://www.w3.org/TR/xhtml1/DTD/xhtml1-transitional.dtd">
<html xmlns="http://www.w3.org/1999/xhtml" xml:lang="en" lang="en">
 <head>
  <title>
</title>
<meta http-equiv="Content-Type" content="text/html;charset=utf-8" />
  <meta name='ocr-system' content='tesseract 3.04.00' />
  <meta name='ocr-capabilities' content='ocr_page ocr_carea ocr_par ocr_line ocrx_word'/>
</head>
<body>
  <div class='ocr_page' id='page_1' title='image "./operaomnia01apuluoft/operaomnia01apuluoft_0160.png"; bbox 0 0 2221 3667; ppageno 0'>
   <div class='ocr_carea' id='block_1_1' title="bbox 328 114 1877 158">
    <p class='ocr_par' dir='ltr' id='par_1_1' title="bbox 328 114 1877 158">
     <span class='ocr_line' id='line_1_1' title="bbox 328 114 1877 158; baseline 0.001 -2"><span class='ocrx_word' id='word_1_1' title='bbox 328 114 382 156; x_wconf 78' lang='lat'>34</span> <span class='ocrx_word' id='word_1_2' title='bbox 570 114 619 154; x_wconf 83' lang='lat' dir='ltr'>L.</span> <span class='ocrx_word' id='word_1_3' title='bbox 650 115 872 156; x_wconf 83' lang='lat' dir='ltr'><strong>APULEH</strong></span> <span class='ocrx_word' id='word_1_4' title='bbox 901 117 1301 158; x_wconf 81' lang='lat' dir='ltr'>MADAURENSIS</span> <span class='ocrx_word' id='word_1_5' title='bbox 1332 117 1877 158; x_wconf 86' lang='lat' dir='ltr'><strong>METAMORPHOSEON</strong></span> 
     </span>
    </p>
   </div>
   <div class='ocr_carea' id='block_1_2' title="bbox 261 226 2136 398">
    <p class='ocr_par' dir='ltr' id='par_1_2' title="bbox 261 226 2136 398">
     <span class='ocr_line' id='line_1_2' title="bbox 261 226 2135 288; baseline 0.002 -23"><span class='ocrx_word' id='word_1_6' title='bbox 261 232 304 267; x_wconf 78' lang='grc'><strong>32</strong></span> <span class='ocrx_word' id='word_1_7' title='bbox 330 226 552 267; x_wconf 73' lang='lat' dir='ltr'>adlubentia</span> <span class='ocrx_word' id='word_1_8' title='bbox 579 229 766 283; x_wconf 78' lang='lat' dir='ltr'>proclivis</span> <span class='ocrx_word' id='word_1_9' title='bbox 792 237 853 270; x_wconf 82' lang='lat' dir='ltr'>cst</span> <span class='ocrx_word' id='word_1_10' title='bbox 877 230 1072 272; x_wconf 85' lang='lat' dir='ltr'>sermonis</span> <span class='ocrx_word' id='word_1_11' title='bbox 1099 238 1138 272; x_wconf 83' lang='lat' dir='ltr'>et</span> <span class='ocrx_word' id='word_1_12' title='bbox 1161 231 1237 271; x_wconf 80' lang='lat' dir='ltr'>ioci</span> <span class='ocrx_word' id='word_1_13' title='bbox 1263 238 1302 271; x_wconf 81' lang='lat' dir='ltr'>et</span> <span class='ocrx_word' id='word_1_14' title='bbox 1327 231 1468 271; x_wconf 78' lang='lat' dir='ltr'>scitum</span> <span class='ocrx_word' id='word_1_15' title='bbox 1493 239 1554 272; x_wconf 86' lang='lat' dir='ltr'>est</span> <span class='ocrx_word' id='word_1_16' title='bbox 1578 230 1587 288; x_wconf 84' lang='grc' dir='ltr'>Ι</span> <span class='ocrx_word' id='word_1_17' title='bbox 1611 232 1816 273; x_wconf 82' lang='lat' dir='ltr'>cavillum:</span> <span class='ocrx_word' id='word_1_18' title='bbox 1844 231 1920 270; x_wconf 81' lang='lat' dir='ltr'>iam</span> <span class='ocrx_word' id='word_1_19' title='bbox 1947 229 2135 270; x_wconf 69' lang='lat' dir='ltr'>dicacitas</span> 
     </span>
     <span class='ocr_line' id='line_1_3' title="bbox 328 283 2136 341; baseline 0.002 -19"><span class='ocrx_word' id='word_1_20' title='bbox 328 283 491 334; x_wconf 82' lang='lat' dir='ltr'>tumida,</span> <span class='ocrx_word' id='word_1_21' title='bbox 520 299 606 325; x_wconf 86' lang='lat' dir='ltr'>cnm</span> <span class='ocrx_word' id='word_1_22' title='bbox 632 286 696 326; x_wconf 85' lang='lat' dir='ltr'>ille</span> <span class='ocrx_word' id='word_1_23' title='bbox 722 286 799 325; x_wconf 87' lang='lat' dir='ltr'>imo</span> <span class='ocrx_word' id='word_1_24' title='bbox 821 287 866 327; x_wconf 85' lang='lat' dir='ltr'>de</span> <span class='ocrx_word' id='word_1_25' title='bbox 888 295 1045 341; x_wconf 76' lang='lat' dir='ltr'>pectore</span> <span class='ocrx_word' id='word_1_26' title='bbox 1066 287 1317 328; x_wconf 76' lang='lat' dir='ltr'>cruciabilem</span> <span class='ocrx_word' id='word_1_27' title='bbox 1336 288 1565 341; x_wconf 79' lang='lat' dir='ltr'>suspiritum</span> <span class='ocrx_word' id='word_1_28' title='bbox 1585 289 1747 338; x_wconf 80' lang='lat' dir='ltr'>ducens,</span> <span class='ocrx_word' id='word_1_29' title='bbox 1771 288 1912 328; x_wconf 80' lang='lat' dir='ltr'>dextra</span> <span class='ocrx_word' id='word_1_30' title='bbox 1932 287 2136 327; x_wconf 76' lang='lat' dir='ltr'>saeviente</span> 
     </span>
     <span class='ocr_line' id='line_1_4' title="bbox 327 341 2135 398; baseline 0.002 -19"><span class='ocrx_word' id='word_1_31' title='bbox 327 341 496 381; x_wconf 82' lang='lat' dir='ltr'>frontem</span> <span class='ocrx_word' id='word_1_32' title='bbox 523 343 777 396; x_wconf 76' lang='lat' dir='ltr'>replaudens:</span> <span class='ocrx_word' id='word_1_33' title='bbox 805 342 874 384; x_wconf 84' lang='lat' dir='ltr'>Me</span> <span class='ocrx_word' id='word_1_34' title='bbox 906 344 1116 394; x_wconf 83' lang='lat' dir='ltr'>miserum,</span> <span class='ocrx_word' id='word_1_35' title='bbox 1156 343 1261 393; x_wconf 58' lang='lat' dir='ltr'>infit,</span> <span class='ocrx_word' id='word_1_36' title='bbox 1302 343 1368 396; x_wconf 87' lang='lat' dir='ltr'>qui</span> <span class='ocrx_word' id='word_1_37' title='bbox 1409 345 1498 383; x_wconf 90' lang='lat' dir='ltr'>dum</span> <span class='ocrx_word' id='word_1_38' title='bbox 1528 345 1767 398; x_wconf 73' lang='lat' dir='ltr'>voluptatem</span> <span class='ocrx_word' id='word_1_39' title='bbox 1800 343 2022 398; x_wconf 83' lang='lat' dir='ltr'>gladiatorii</span> <span class='ocrx_word' id='word_1_40' title='bbox 2049 351 2135 397; x_wconf 79' lang='lat' dir='ltr'>spe-</span> 
     </span>
    </p>
   </div>
   <div class='ocr_carea' id='block_1_3' title="bbox 322 444 2139 757">
    <p class='ocr_par' dir='ltr' id='par_1_3' title="bbox 322 444 2139 757">
     <span class='ocr_line' id='line_1_5' title="bbox 325 444 2137 485; baseline 0.001 -11"><span class='ocrx_word' id='word_1_41' title='bbox 325 444 372 474; x_wconf 78' lang='lat' dir='ltr'>ad</span> <span class='ocrx_word' id='word_1_42' title='bbox 389 445 540 475; x_wconf 72' lang='lat' dir='ltr'>lubentia</span> <span class='ocrx_word' id='word_1_43' title='bbox 564 450 599 477; x_wconf 82' lang='lat' dir='ltr'>G.</span> <span class='ocrx_word' id='word_1_44' title='bbox 619 452 649 478; x_wconf 74' lang='lat' dir='ltr'>et</span> <span class='ocrx_word' id='word_1_45' title='bbox 675 450 745 478; x_wconf 80' lang='lat' dir='ltr'>edd.</span> <span class='ocrx_word' id='word_1_46' title='bbox 765 453 842 479; x_wconf 74' lang='lat' dir='ltr'>vett.</span> <span class='ocrx_word' id='word_1_47' title='bbox 869 448 1066 477; x_wconf 80' lang='lat' dir='ltr'>adlubentia</span> <span class='ocrx_word' id='word_1_48' title='bbox 1086 450 1120 477; x_wconf 88' lang='lat' dir='ltr'>F.</span> <span class='ocrx_word' id='word_1_49' title='bbox 1146 451 1173 477; x_wconf 87' lang='lat' dir='ltr'>l.</span> <span class='ocrx_word' id='word_1_50' title='bbox 1188 450 1218 477; x_wconf 83' lang='lat'>3.</span> <span class='ocrx_word' id='word_1_51' title='bbox 1233 450 1272 476; x_wconf 89' lang='lat' dir='ltr'>l).</span> <span class='ocrx_word' id='word_1_52' title='bbox 1287 449 1309 477; x_wconf 83' lang='lat' dir='ltr'>f.</span> <span class='ocrx_word' id='word_1_53' title='bbox 1330 457 1353 476; x_wconf 81' lang='lat' dir='ltr'>a</span> <span class='ocrx_word' id='word_1_54' title='bbox 1373 448 1525 477; x_wconf 71' lang='lat' dir='ltr'>lubentia</span> <span class='ocrx_word' id='word_1_55' title='bbox 1537 451 1573 478; x_wconf 89' lang='grc' dir='ltr'>Β.</span> <span class='ocrx_word' id='word_1_56' title='bbox 1595 447 1809 477; x_wconf 74' lang='lat' dir='ltr'>adlabentz&#39;as</span> <span class='ocrx_word' id='word_1_57' title='bbox 1824 450 1899 478; x_wconf 82' lang='lat' dir='ltr'>Bas.</span> <span class='ocrx_word' id='word_1_58' title='bbox 1918 451 1944 478; x_wconf 89' lang='lat' dir='ltr'>l.</span> <span class='ocrx_word' id='word_1_59' title='bbox 1962 447 2137 485; x_wconf 71' lang='lat' dir='ltr'>proclivus</span> 
     </span>
     <span class='ocr_line' id='line_1_6' title="bbox 325 491 2136 532; baseline 0.001 -12"><span class='ocrx_word' id='word_1_60' title='bbox 325 493 361 520; x_wconf 86' lang='lat' dir='ltr'>B.</span> <span class='ocrx_word' id='word_1_61' title='bbox 381 493 417 521; x_wconf 78' lang='lat'>1..</span> <span class='ocrx_word' id='word_1_62' title='bbox 435 491 610 529; x_wconf 61' lang='lat' dir='ltr'>prov-idias</span> <span class='ocrx_word' id='word_1_63' title='bbox 630 495 664 523; x_wconf 92' lang='grc' dir='ltr'>Ο.</span> <span class='ocrx_word' id='word_1_64' title='bbox 713 498 793 523; x_wconf 76' lang='lat' dir='ltr'>erat</span> <span class='ocrx_word' id='word_1_65' title='bbox 810 503 907 523; x_wconf 84' lang='lat' dir='ltr'>serm.</span> <span class='ocrx_word' id='word_1_66' title='bbox 922 494 954 532; x_wconf 79' lang='grc' dir='ltr'>β.</span> <span class='ocrx_word' id='word_1_67' title='bbox 1002 496 1054 522; x_wconf 79' lang='lat' dir='ltr'>est</span> <span class='ocrx_word' id='word_1_68' title='bbox 1074 495 1164 522; x_wconf 76' lang='lat' dir='ltr'>deest</span> <span class='ocrx_word' id='word_1_69' title='bbox 1184 495 1217 522; x_wconf 88' lang='lat' dir='ltr'>in</span> <span class='ocrx_word' id='word_1_70' title='bbox 1236 495 1274 522; x_wconf 83' lang='lat' dir='ltr'>R.</span> <span class='ocrx_word' id='word_1_71' title='bbox 1290 498 1319 522; x_wconf 83' lang='lat' dir='ltr'>et</span> <span class='ocrx_word' id='word_1_72' title='bbox 1334 495 1412 523; x_wconf 82' lang='lat' dir='ltr'>aliis</span> <span class='ocrx_word' id='word_1_73' title='bbox 1428 496 1518 523; x_wconf 80' lang='lat' dir='ltr'>codd.</span> <span class='ocrx_word' id='word_1_74' title='bbox 1534 495 1644 522; x_wconf 82' lang='lat' dir='ltr'>nescio</span> <span class='ocrx_word' id='word_1_75' title='bbox 1659 495 1776 528; x_wconf 79' lang='lat' dir='ltr'>quibus</span> <span class='ocrx_word' id='word_1_76' title='bbox 1791 498 1870 523; x_wconf 75' lang='lat' dir='ltr'>teste</span> <span class='ocrx_word' id='word_1_77' title='bbox 1885 495 1974 523; x_wconf 81' lang='lat' dir='ltr'>Colv.</span> <span class='ocrx_word' id='word_1_78' title='bbox 2022 492 2089 521; x_wconf 71' lang='lat' dir='ltr'>lucr*</span> <span class='ocrx_word' id='word_1_79' title='bbox 2100 496 2136 522; x_wconf 86' lang='lat' dir='ltr'>G.</span> 
     </span>
     <span class='ocr_line' id='line_1_7' title="bbox 325 537 2136 577; baseline 0.001 -12"><span class='ocrx_word' id='word_1_80' title='bbox 325 539 361 565; x_wconf 88' lang='lat' dir='ltr'>P.</span> <span class='ocrx_word' id='word_1_81' title='bbox 380 539 418 566; x_wconf 89' lang='lat' dir='ltr'>D.</span> <span class='ocrx_word' id='word_1_82' title='bbox 435 537 558 574; x_wconf 86' lang='lat' dir='ltr'>[Burm.</span> <span class='ocrx_word' id='word_1_83' title='bbox 580 541 619 568; x_wconf 81' lang='lat' dir='ltr'>ad</span> <span class='ocrx_word' id='word_1_84' title='bbox 639 540 746 574; x_wconf 74' lang='lat' dir='ltr'>Quint.</span> <span class='ocrx_word' id='word_1_85' title='bbox 765 542 844 569; x_wconf 78' lang='lat' dir='ltr'>Inst.</span> <span class='ocrx_word' id='word_1_86' title='bbox 858 541 913 568; x_wconf 79' lang='lat' dir='ltr'>VI.</span> <span class='ocrx_word' id='word_1_87' title='bbox 933 542 964 568; x_wconf 88' lang='grc'>3.</span> <span class='ocrx_word' id='word_1_88' title='bbox 978 547 1007 573; x_wconf 78' lang='lat' dir='ltr'>p.</span> <span class='ocrx_word' id='word_1_89' title='bbox 1022 540 1098 567; x_wconf 76' lang='lat'>527.</span> <span class='ocrx_word' id='word_1_90' title='bbox 1116 540 1191 567; x_wconf 71' lang='lat' dir='ltr'>Intt.</span> <span class='ocrx_word' id='word_1_91' title='bbox 1211 540 1250 567; x_wconf 84' lang='lat' dir='ltr'>ad</span> <span class='ocrx_word' id='word_1_92' title='bbox 1271 539 1342 567; x_wconf 84' lang='lat' dir='ltr'>Liv.</span> <span class='ocrx_word' id='word_1_93' title='bbox 1356 541 1502 568; x_wconf 76' lang='lat' dir='ltr'>XXXVI.</span> <span class='ocrx_word' id='word_1_94' title='bbox 1523 542 1574 568; x_wconf 81' lang='lat'>14.</span> <span class='ocrx_word' id='word_1_95' title='bbox 1590 539 1613 577; x_wconf 58' lang='grc' dir='ltr'>ᾗ.</span> <span class='ocrx_word' id='word_1_96' title='bbox 1628 539 1675 575; x_wconf 77' lang='grc'>4.]</span> <span class='ocrx_word' id='word_1_97' title='bbox 1723 542 1754 567; x_wconf 87' lang='lat' dir='ltr'>el</span> <span class='ocrx_word' id='word_1_98' title='bbox 1771 538 1848 567; x_wconf 72' lang='lat' dir='ltr'>scil.</span> <span class='ocrx_word' id='word_1_99' title='bbox 1864 542 1898 567; x_wconf 82' lang='lat' dir='ltr'>et</span> <span class='ocrx_word' id='word_1_100' title='bbox 1911 548 1937 567; x_wconf 86' lang='lat' dir='ltr'>c.</span> <span class='ocrx_word' id='word_1_101' title='bbox 1951 540 1986 567; x_wconf 77' lang='lat' dir='ltr'>F.</span> <span class='ocrx_word' id='word_1_102' title='bbox 2001 540 2031 567; x_wconf 82' lang='lat'>3.</span> <span class='ocrx_word' id='word_1_103' title='bbox 2047 540 2083 567; x_wconf 85' lang='lat' dir='ltr'>G.</span> <span class='ocrx_word' id='word_1_104' title='bbox 2098 540 2136 567; x_wconf 90' lang='lat' dir='ltr'>D.</span> 
     </span>
     <span class='ocr_line' id='line_1_8' title="bbox 324 583 2137 620; baseline -0.001 -9"><span class='ocrx_word' id='word_1_105' title='bbox 324 587 355 611; x_wconf 66' lang='lat' dir='ltr'>(a</span> <span class='ocrx_word' id='word_1_106' title='bbox 379 591 419 612; x_wconf 89' lang='lat' dir='ltr'>m.</span> <span class='ocrx_word' id='word_1_107' title='bbox 446 593 488 619; x_wconf 65' lang='lat' dir='ltr'>p.)</span> <span class='ocrx_word' id='word_1_108' title='bbox 502 586 536 613; x_wconf 90' lang='grc' dir='ltr'>Ο.</span> <span class='ocrx_word' id='word_1_109' title='bbox 557 586 593 614; x_wconf 88' lang='lat' dir='ltr'>L.</span> <span class='ocrx_word' id='word_1_110' title='bbox 614 594 642 620; x_wconf 85' lang='lat' dir='ltr'>p.</span> <span class='ocrx_word' id='word_1_111' title='bbox 660 586 680 614; x_wconf 82' lang='lat' dir='ltr'>f.</span> <span class='ocrx_word' id='word_1_112' title='bbox 702 591 730 614; x_wconf 84' lang='lat' dir='ltr'>ct</span> <span class='ocrx_word' id='word_1_113' title='bbox 753 586 834 614; x_wconf 76' lang='lat' dir='ltr'>lunt.</span> <span class='ocrx_word' id='word_1_114' title='bbox 848 587 879 613; x_wconf 79' lang='lat'>2.</span> <span class='ocrx_word' id='word_1_115' title='bbox 899 586 948 613; x_wconf 84' lang='lat' dir='ltr'>ed.</span> <span class='ocrx_word' id='word_1_116' title='bbox 963 592 1010 619; x_wconf 81' lang='lat' dir='ltr'>pr.</span> <span class='ocrx_word' id='word_1_117' title='bbox 1034 586 1072 613; x_wconf 87' lang='lat' dir='ltr'>In</span> <span class='ocrx_word' id='word_1_118' title='bbox 1088 584 1206 613; x_wconf 77' lang='lat' dir='ltr'>ceteris</span> <span class='ocrx_word' id='word_1_119' title='bbox 1221 584 1315 612; x_wconf 77' lang='lat' dir='ltr'>libris</span> <span class='ocrx_word' id='word_1_120' title='bbox 1329 589 1358 613; x_wconf 81' lang='lat' dir='ltr'>et</span> <span class='ocrx_word' id='word_1_121' title='bbox 1373 587 1441 614; x_wconf 82' lang='lat' dir='ltr'>edd.</span> <span class='ocrx_word' id='word_1_122' title='bbox 1456 586 1578 613; x_wconf 73' lang='lat' dir='ltr'>scitum</span> <span class='ocrx_word' id='word_1_123' title='bbox 1592 588 1642 613; x_wconf 79' lang='lat' dir='ltr'>est</span> <span class='ocrx_word' id='word_1_124' title='bbox 1657 593 1730 612; x_wconf 71' lang='lat' dir='ltr'>cao.</span> <span class='ocrx_word' id='word_1_125' title='bbox 1779 583 1897 612; x_wconf 68' lang='lat' dir='ltr'>timida</span> <span class='ocrx_word' id='word_1_126' title='bbox 1908 586 1945 614; x_wconf 80' lang='lat' dir='ltr'>F.</span> <span class='ocrx_word' id='word_1_127' title='bbox 1962 586 1990 613; x_wconf 92' lang='lat' dir='ltr'>l.</span> <span class='ocrx_word' id='word_1_128' title='bbox 2003 585 2035 613; x_wconf 81' lang='lat'>3.</span> <span class='ocrx_word' id='word_1_129' title='bbox 2049 585 2085 612; x_wconf 87' lang='lat' dir='ltr'>G.</span> <span class='ocrx_word' id='word_1_130' title='bbox 2099 585 2137 611; x_wconf 89' lang='lat' dir='ltr'>D.</span> 
     </span>
     <span class='ocr_line' id='line_1_9' title="bbox 323 627 2138 665; baseline 0 -8"><span class='ocrx_word' id='word_1_131' title='bbox 323 629 362 656; x_wconf 84' lang='lat' dir='ltr'>R.</span> <span class='ocrx_word' id='word_1_132' title='bbox 383 629 403 657; x_wconf 82' lang='lat' dir='ltr'>s.</span> <span class='ocrx_word' id='word_1_133' title='bbox 424 638 453 664; x_wconf 81' lang='lat' dir='ltr'>p.</span> <span class='ocrx_word' id='word_1_134' title='bbox 474 638 509 658; x_wconf 83' lang='grc' dir='ltr'>π.</span> <span class='ocrx_word' id='word_1_135' title='bbox 529 632 565 659; x_wconf 91' lang='lat' dir='ltr'>L.</span> <span class='ocrx_word' id='word_1_136' title='bbox 592 632 627 659; x_wconf 92' lang='lat' dir='ltr'>In</span> <span class='ocrx_word' id='word_1_137' title='bbox 647 631 765 659; x_wconf 66' lang='lat' dir='ltr'>ceteris</span> <span class='ocrx_word' id='word_1_138' title='bbox 780 628 923 658; x_wconf 63' lang='lat' dir='ltr'>tinnula.</span> <span class='ocrx_word' id='word_1_139' title='bbox 973 627 1190 656; x_wconf 72' lang='lat' dir='ltr'><em>cruciabilem</em></span> <span class='ocrx_word' id='word_1_140' title='bbox 1211 631 1247 658; x_wconf 87' lang='lat' dir='ltr'>G.</span> <span class='ocrx_word' id='word_1_141' title='bbox 1267 629 1451 658; x_wconf 72' lang='lat' dir='ltr'>cruciabile</span> <span class='ocrx_word' id='word_1_142' title='bbox 1469 630 1537 658; x_wconf 78' lang='lat' dir='ltr'>iam</span> <span class='ocrx_word' id='word_1_143' title='bbox 1559 631 1594 659; x_wconf 87' lang='lat'>0.</span> <span class='ocrx_word' id='word_1_144' title='bbox 1614 639 1651 659; x_wconf 81' lang='grc' dir='ltr'>π.</span> <span class='ocrx_word' id='word_1_145' title='bbox 1665 629 1848 658; x_wconf 71' lang='lat' dir='ltr'><em>cruciabile</em></span> <span class='ocrx_word' id='word_1_146' title='bbox 1861 632 1898 659; x_wconf 83' lang='lat' dir='ltr'>R.</span> <span class='ocrx_word' id='word_1_147' title='bbox 1913 630 1934 659; x_wconf 82' lang='lat' dir='ltr'>s.</span> <span class='ocrx_word' id='word_1_148' title='bbox 1949 638 1979 664; x_wconf 80' lang='lat' dir='ltr'>p.</span> <span class='ocrx_word' id='word_1_149' title='bbox 2027 628 2138 665; x_wconf 74' lang='lat' dir='ltr'>suspi-</span> 
     </span>
     <span class='ocr_line' id='line_1_10' title="bbox 322 673 2135 711; baseline 0.002 -10"><span class='ocrx_word' id='word_1_150' title='bbox 322 673 410 702; x_wconf 74' lang='lat' dir='ltr'>rium</span> <span class='ocrx_word' id='word_1_151' title='bbox 427 677 462 703; x_wconf 85' lang='lat' dir='ltr'>G.</span> <span class='ocrx_word' id='word_1_152' title='bbox 477 678 511 703; x_wconf 89' lang='lat'>0.</span> <span class='ocrx_word' id='word_1_153' title='bbox 526 684 561 704; x_wconf 85' lang='grc' dir='ltr'>π.</span> <span class='ocrx_word' id='word_1_154' title='bbox 576 678 613 704; x_wconf 82' lang='lat' dir='ltr'>R.</span> <span class='ocrx_word' id='word_1_155' title='bbox 634 676 654 703; x_wconf 86' lang='lat' dir='ltr'>f.</span> <span class='ocrx_word' id='word_1_156' title='bbox 672 684 699 709; x_wconf 81' lang='lat' dir='ltr'>p.</span> <span class='ocrx_word' id='word_1_157' title='bbox 715 678 750 703; x_wconf 87' lang='lat' dir='ltr'>B.</span> <span class='ocrx_word' id='word_1_158' title='bbox 765 679 793 703; x_wconf 80' lang='lat' dir='ltr'>et</span> <span class='ocrx_word' id='word_1_159' title='bbox 807 676 877 702; x_wconf 69' lang='lat' dir='ltr'>edd.</span> <span class='ocrx_word' id='word_1_160' title='bbox 891 678 968 703; x_wconf 75' lang='lat' dir='ltr'>vett.</span> <span class='ocrx_word' id='word_1_161' title='bbox 1017 674 1186 702; x_wconf 70' lang='lat' dir='ltr'>serviente</span> <span class='ocrx_word' id='word_1_162' title='bbox 1198 676 1313 704; x_wconf 74' lang='lat' dir='ltr'>Venet.</span> <span class='ocrx_word' id='word_1_163' title='bbox 1328 677 1358 704; x_wconf 88' lang='lat'>4.</span> <span class='ocrx_word' id='word_1_164' title='bbox 1374 676 1482 705; x_wconf 83' lang='lat' dir='ltr'>Paris.</span> <span class='ocrx_word' id='word_1_165' title='bbox 1495 678 1571 706; x_wconf 71' lang='grc' dir='ltr'>ΑΜ.</span> <span class='ocrx_word' id='word_1_166' title='bbox 1586 676 1716 703; x_wconf 74' lang='lat' dir='ltr'>sm‘eute</span> <span class='ocrx_word' id='word_1_167' title='bbox 1730 684 1759 711; x_wconf 83' lang='lat' dir='ltr'>p.</span> <span class='ocrx_word' id='word_1_168' title='bbox 1773 682 1793 704; x_wconf 85' lang='lat' dir='ltr'>a</span> <span class='ocrx_word' id='word_1_169' title='bbox 1807 683 1847 704; x_wconf 89' lang='lat' dir='ltr'>m.</span> <span class='ocrx_word' id='word_1_170' title='bbox 1862 683 1892 710; x_wconf 84' lang='lat' dir='ltr'>p.</span> <span class='ocrx_word' id='word_1_171' title='bbox 1907 675 1986 704; x_wconf 81' lang='lat' dir='ltr'>oud.</span> <span class='ocrx_word' id='word_1_172' title='bbox 2000 675 2135 704; x_wconf 65' lang='lat' dir='ltr'>excitat.</span> 
     </span>
     <span class='ocr_line' id='line_1_11' title="bbox 330 719 2139 757; baseline 0 -9"><span class='ocrx_word' id='word_1_173' title='bbox 330 721 443 749; x_wconf 71' lang='lat' dir='ltr'>nefins.</span> <span class='ocrx_word' id='word_1_174' title='bbox 464 722 503 749; x_wconf 78' lang='lat' dir='ltr'>ad</span> <span class='ocrx_word' id='word_1_175' title='bbox 523 722 580 749; x_wconf 82' lang='lat' dir='ltr'>Ov.</span> <span class='ocrx_word' id='word_1_176' title='bbox 596 723 724 750; x_wconf 80' lang='lat' dir='ltr'>Me1.11.</span> <span class='ocrx_word' id='word_1_177' title='bbox 739 721 815 748; x_wconf 85' lang='grc'><strong>867.</strong></span> <span class='ocrx_word' id='word_1_178' title='bbox 829 721 900 748; x_wconf 83' lang='lat' dir='ltr'>Iuv.</span> <span class='ocrx_word' id='word_1_179' title='bbox 915 721 986 748; x_wconf 87' lang='lat' dir='ltr'>XV.</span> <span class='ocrx_word' id='word_1_180' title='bbox 1001 721 1189 749; x_wconf 80' lang='lat' dir='ltr'>52.1.ucan.</span> <span class='ocrx_word' id='word_1_181' title='bbox 1202 722 1243 749; x_wconf 90' lang='lat'>11.</span> <span class='ocrx_word' id='word_1_182' title='bbox 1257 722 1311 750; x_wconf 75' lang='lat'>24.</span> <span class='ocrx_word' id='word_1_183' title='bbox 1332 723 1392 750; x_wconf 87' lang='lat' dir='ltr'>Sil.</span> <span class='ocrx_word' id='word_1_184' title='bbox 1405 723 1478 751; x_wconf 76' lang='lat' dir='ltr'>llal.</span> <span class='ocrx_word' id='word_1_185' title='bbox 1489 723 1530 751; x_wconf 87' lang='lat'>11.</span> <span class='ocrx_word' id='word_1_186' title='bbox 1543 723 1620 750; x_wconf 88' lang='grc'><strong>668.</strong></span> <span class='ocrx_word' id='word_1_187' title='bbox 1634 720 1690 757; x_wconf 78' lang='lat' dir='ltr'>[de</span> <span class='ocrx_word' id='word_1_188' title='bbox 1703 721 1833 750; x_wconf 73' lang='lat' dir='ltr'>servire</span> <span class='ocrx_word' id='word_1_189' title='bbox 1845 725 1875 750; x_wconf 81' lang='lat' dir='ltr'>et</span> <span class='ocrx_word' id='word_1_190' title='bbox 1895 719 2028 749; x_wconf 67' lang='lat' dir='ltr'>saer-ire</span> <span class='ocrx_word' id='word_1_191' title='bbox 2050 727 2139 749; x_wconf 85' lang='lat' dir='ltr'>com-</span> 
     </span>
    </p>
   </div>
   <div class='ocr_carea' id='block_1_4' title="bbox 323 764 1303 805">
    <p class='ocr_par' dir='ltr' id='par_1_4' title="bbox 323 764 1303 805">
     <span class='ocr_line' id='line_1_12' title="bbox 323 764 1303 805; baseline 0.003 -12"><span class='ocrx_word' id='word_1_192' title='bbox 323 766 458 795; x_wconf 72' lang='lat' dir='ltr'>mutatis</span> <span class='ocrx_word' id='word_1_193' title='bbox 471 766 512 795; x_wconf 84' lang='lat' dir='ltr'>cs.</span> <span class='ocrx_word' id='word_1_194' title='bbox 527 767 707 794; x_wconf 71' lang='lat' dir='ltr'>a211.iv.11.</span> <span class='ocrx_word' id='word_1_195' title='bbox 721 767 774 793; x_wconf 80' lang='lat'>52.</span> <span class='ocrx_word' id='word_1_196' title='bbox 788 766 819 799; x_wconf 72' lang='lat'>§—</span> <span class='ocrx_word' id='word_1_197' title='bbox 835 766 866 793; x_wconf 90' lang='lat'>7.</span> <span class='ocrx_word' id='word_1_198' title='bbox 881 773 909 794; x_wconf 89' lang='lat' dir='ltr'>c.</span> <span class='ocrx_word' id='word_1_199' title='bbox 922 767 977 794; x_wconf 76' lang='lat'>29.</span> <span class='ocrx_word' id='word_1_200' title='bbox 992 766 1024 801; x_wconf 74' lang='lat' dir='ltr'>S.</span> <span class='ocrx_word' id='word_1_201' title='bbox 1039 764 1087 800; x_wconf 89' lang='grc'>9.]</span> <span class='ocrx_word' id='word_1_202' title='bbox 1126 765 1253 805; x_wconf 78' lang='lat' dir='ltr'>fronte</span> <span class='ocrx_word' id='word_1_203' title='bbox 1268 767 1303 796; x_wconf 89' lang='lat' dir='ltr'>P.</span> 
     </span>
    </p>
   </div>
   <div class='ocr_carea' id='block_1_5' title="bbox 314 853 1203 3182">
    <p class='ocr_par' dir='ltr' id='par_1_5' title="bbox 319 853 1203 1645">
     <span class='ocr_line' id='line_1_13' title="bbox 324 853 1202 905; baseline -0.001 -13"><span class='ocrx_word' id='word_1_204' title='bbox 324 855 514 905; x_wconf 43' lang='lat' dir='ltr'>miti-(sare</span> <span class='ocrx_word' id='word_1_205' title='bbox 534 853 582 892; x_wconf 86' lang='lat' dir='ltr'>ad</span> <span class='ocrx_word' id='word_1_206' title='bbox 599 853 795 904; x_wconf 64' lang='lat' dir='ltr'>poculum</span> <span class='ocrx_word' id='word_1_207' title='bbox 814 854 996 905; x_wconf 84' lang='lat' dir='ltr'>positum,</span> <span class='ocrx_word' id='word_1_208' title='bbox 1023 854 1113 904; x_wconf 85' lang='lat' dir='ltr'>quia</span> <span class='ocrx_word' id='word_1_209' title='bbox 1139 867 1202 892; x_wconf 90' lang='lat' dir='ltr'>an-</span> 
     </span>
     <span class='ocr_line' id='line_1_14' title="bbox 323 910 1201 963; baseline 0.002 -16"><span class='ocrx_word' id='word_1_210' title='bbox 323 910 465 948; x_wconf 81' lang='lat' dir='ltr'>tecedit</span> <span class='ocrx_word' id='word_1_211' title='bbox 491 910 581 948; x_wconf 78' lang='lat' dir='ltr'>cibo</span> <span class='ocrx_word' id='word_1_212' title='bbox 613 911 718 947; x_wconf 76' lang='lat' dir='ltr'>satio</span> <span class='ocrx_word' id='word_1_213' title='bbox 751 913 788 947; x_wconf 80' lang='lat' dir='ltr'>et</span> <span class='ocrx_word' id='word_1_214' title='bbox 818 911 993 960; x_wconf 83' lang='lat' dir='ltr'>sequitur</span> <span class='ocrx_word' id='word_1_215' title='bbox 1021 910 1110 963; x_wconf 76' lang='lat' dir='ltr'>fab.</span> <span class='ocrx_word' id='word_1_216' title='bbox 1144 924 1201 949; x_wconf 77' lang='lat' dir='ltr'>re-</span> 
     </span>
     <span class='ocr_line' id='line_1_15' title="bbox 322 966 1201 1020; baseline 0 -16"><span class='ocrx_word' id='word_1_217' title='bbox 322 968 496 1014; x_wconf 61' lang='lat' dir='ltr'>uncta-eo,</span> <span class='ocrx_word' id='word_1_218' title='bbox 533 966 634 1015; x_wconf 79' lang='lat' dir='ltr'>quod</span> <span class='ocrx_word' id='word_1_219' title='bbox 662 968 856 1018; x_wconf 75' lang='lat' dir='ltr'>posterius</span> <span class='ocrx_word' id='word_1_220' title='bbox 887 967 1053 1005; x_wconf 82' lang='lat' dir='ltr'>eandem</span> <span class='ocrx_word' id='word_1_221' title='bbox 1079 968 1201 1020; x_wconf 84' lang='lat' dir='ltr'>expri-</span> 
     </span>
     <span class='ocr_line' id='line_1_16' title="bbox 324 1022 1201 1075; baseline 0.002 -15"><span class='ocrx_word' id='word_1_222' title='bbox 324 1027 442 1060; x_wconf 78' lang='lat' dir='ltr'>meret</span> <span class='ocrx_word' id='word_1_223' title='bbox 467 1024 713 1061; x_wconf 75' lang='lat' dir='ltr'>sententiam.</span> <span class='ocrx_word' id='word_1_224' title='bbox 767 1022 958 1062; x_wconf 74' lang='lat' dir='ltr'>Fortasse</span> <span class='ocrx_word' id='word_1_225' title='bbox 984 1024 1045 1062; x_wconf 83' lang='lat' dir='ltr'>hic</span> <span class='ocrx_word' id='word_1_226' title='bbox 1071 1024 1201 1075; x_wconf 78' lang='lat' dir='ltr'>legen-</span> 
     </span>
     <span class='ocr_line' id='line_1_17' title="bbox 322 1080 1203 1134; baseline 0.001 -17"><span class='ocrx_word' id='word_1_227' title='bbox 322 1080 411 1117; x_wconf 86' lang='lat' dir='ltr'>dum</span> <span class='ocrx_word' id='word_1_228' title='bbox 445 1081 514 1117; x_wconf 85' lang='lat' dir='ltr'>erit</span> <span class='ocrx_word' id='word_1_229' title='bbox 544 1081 679 1132; x_wconf 68' lang='lat' dir='ltr'>irriyo</span> <span class='ocrx_word' id='word_1_230' title='bbox 705 1081 727 1118; x_wconf 89' lang='lat' dir='ltr'>i.</span> <span class='ocrx_word' id='word_1_231' title='bbox 761 1094 793 1119; x_wconf 90' lang='lat' dir='ltr'>e.</span> <span class='ocrx_word' id='word_1_232' title='bbox 820 1082 1070 1134; x_wconf 77' lang='lat' dir='ltr'>madefacio,</span> <span class='ocrx_word' id='word_1_233' title='bbox 1098 1081 1203 1132; x_wconf 85' lang='lat' dir='ltr'>qnod</span> 
     </span>
     <span class='ocr_line' id='line_1_18' title="bbox 321 1136 1202 1188; baseline 0.002 -15"><span class='ocrx_word' id='word_1_234' title='bbox 321 1137 420 1174; x_wconf 83' lang='lat' dir='ltr'>bene</span> <span class='ocrx_word' id='word_1_235' title='bbox 443 1136 654 1188; x_wconf 80' lang='lat' dir='ltr'>respondet</span> <span class='ocrx_word' id='word_1_236' title='bbox 668 1137 914 1176; x_wconf 76' lang='lat' dir='ltr'>antecedenti</span> <span class='ocrx_word' id='word_1_237' title='bbox 935 1140 1042 1178; x_wconf 75' lang='lat' dir='ltr'>satio</span> <span class='ocrx_word' id='word_1_238' title='bbox 1061 1143 1100 1177; x_wconf 74' lang='lat' dir='ltr'>et</span> <span class='ocrx_word' id='word_1_239' title='bbox 1119 1152 1202 1175; x_wconf 79' lang='lat' dir='ltr'>ver-</span> 
     </span>
     <span class='ocr_line' id='line_1_19' title="bbox 322 1193 1200 1246; baseline 0.003 -16"><span class='ocrx_word' id='word_1_240' title='bbox 322 1193 381 1230; x_wconf 82' lang='lat' dir='ltr'>bis</span> <span class='ocrx_word' id='word_1_241' title='bbox 417 1207 454 1245; x_wconf 88' lang='lat' dir='ltr'>p.</span> <span class='ocrx_word' id='word_1_242' title='bbox 488 1198 553 1233; x_wconf 90' lang='lat'>44.</span> <span class='ocrx_word' id='word_1_243' title='bbox 588 1195 811 1233; x_wconf 64' lang='lat' dir='ltr'>vinulentia</span> <span class='ocrx_word' id='word_1_244' title='bbox 838 1200 1096 1246; x_wconf 67' lang='lat' dir='ltr'>pertentatus</span> <span class='ocrx_word' id='word_1_245' title='bbox 1128 1196 1200 1234; x_wconf 83' lang='lat' dir='ltr'>So-</span> 
     </span>
     <span class='ocr_line' id='line_1_20' title="bbox 321 1249 1200 1303; baseline 0.001 -15"><span class='ocrx_word' id='word_1_246' title='bbox 321 1255 466 1289; x_wconf 79' lang='lat' dir='ltr'>crates.</span> <span class='ocrx_word' id='word_1_247' title='bbox 512 1249 663 1288; x_wconf 74' lang='lat' dir='ltr'>Eadem</span> <span class='ocrx_word' id='word_1_248' title='bbox 696 1255 758 1289; x_wconf 78' lang='lat' dir='ltr'>est</span> <span class='ocrx_word' id='word_1_249' title='bbox 783 1251 885 1303; x_wconf 84' lang='lat' dir='ltr'>apud</span> <span class='ocrx_word' id='word_1_250' title='bbox 915 1250 1068 1290; x_wconf 78' lang='lat' dir='ltr'>Petron-</span> <span class='ocrx_word' id='word_1_251' title='bbox 1098 1257 1133 1292; x_wconf 90' lang='grc'>4.</span> <span class='ocrx_word' id='word_1_252' title='bbox 1161 1266 1200 1303; x_wconf 88' lang='lat' dir='ltr'>p.</span> 
     </span>
     <span class='ocr_line' id='line_1_21' title="bbox 322 1306 1201 1360; baseline 0 -14"><span class='ocrx_word' id='word_1_253' title='bbox 322 1310 386 1346; x_wconf 87' lang='lat'>25.</span> <span class='ocrx_word' id='word_1_254' title='bbox 422 1306 550 1346; x_wconf 79' lang='lat' dir='ltr'>Burln.</span> <span class='ocrx_word' id='word_1_255' title='bbox 584 1309 799 1359; x_wconf 75' lang='lat' dir='ltr'>scripturae</span> <span class='ocrx_word' id='word_1_256' title='bbox 831 1309 1111 1360; x_wconf 82' lang='lat' dir='ltr'>discrepantia,</span> <span class='ocrx_word' id='word_1_257' title='bbox 1136 1309 1201 1348; x_wconf 83' lang='lat' dir='ltr'>ubi</span> 
     </span>
     <span class='ocr_line' id='line_1_22' title="bbox 320 1364 1201 1416; baseline 0.003 -15"><span class='ocrx_word' id='word_1_258' title='bbox 320 1378 420 1402; x_wconf 86' lang='lat' dir='ltr'>nunc</span> <span class='ocrx_word' id='word_1_259' title='bbox 459 1364 617 1416; x_wconf 70' lang='lat' dir='ltr'>legitur:</span> <span class='ocrx_word' id='word_1_260' title='bbox 662 1370 704 1404; x_wconf 78' lang='lat' dir='ltr'>ut</span> <span class='ocrx_word' id='word_1_261' title='bbox 740 1365 917 1404; x_wconf 72' lang='lat' dir='ltr'>studiosi</span> <span class='ocrx_word' id='word_1_262' title='bbox 953 1367 1112 1406; x_wconf 66' lang='lat' dir='ltr'>iuvenes</span> <span class='ocrx_word' id='word_1_263' title='bbox 1150 1367 1201 1405; x_wconf 80' lang='lat' dir='ltr'>le-</span> 
     </span>
     <span class='ocr_line' id='line_1_23' title="bbox 321 1422 1201 1474; baseline 0 -15"><span class='ocrx_word' id='word_1_264' title='bbox 321 1422 455 1459; x_wconf 74' lang='lat' dir='ltr'>ctione</span> <span class='ocrx_word' id='word_1_265' title='bbox 485 1434 621 1460; x_wconf 77' lang='lat' dir='ltr'>serora</span> <span class='ocrx_word' id='word_1_266' title='bbox 653 1423 956 1474; x_wconf 70' lang='lat' dir='ltr'>mitiyarentur.</span> <span class='ocrx_word' id='word_1_267' title='bbox 1001 1423 1084 1461; x_wconf 77' lang='lat' dir='ltr'>sed</span> <span class='ocrx_word' id='word_1_268' title='bbox 1115 1436 1201 1461; x_wconf 88' lang='lat' dir='ltr'>cum</span> 
     </span>
     <span class='ocr_line' id='line_1_24' title="bbox 320 1478 1202 1532; baseline 0.001 -16"><span class='ocrx_word' id='word_1_269' title='bbox 320 1479 475 1529; x_wconf 84' lang='lat' dir='ltr'>optimis</span> <span class='ocrx_word' id='word_1_270' title='bbox 509 1478 620 1516; x_wconf 82' lang='lat' dir='ltr'>codd.</span> <span class='ocrx_word' id='word_1_271' title='bbox 653 1478 893 1516; x_wconf 82' lang='lat' dir='ltr'>retinendum</span> <span class='ocrx_word' id='word_1_272' title='bbox 933 1483 1011 1517; x_wconf 84' lang='lat' dir='ltr'>est:</span> <span class='ocrx_word' id='word_1_273' title='bbox 1050 1481 1202 1532; x_wconf 73' lang='lat' dir='ltr'>irre&#39;ya-</span> 
     </span>
     <span class='ocr_line' id='line_1_25' title="bbox 319 1536 1203 1589; baseline 0.001 -16"><span class='ocrx_word' id='word_1_274' title='bbox 319 1539 480 1574; x_wconf 78' lang='lat' dir='ltr'>rentur.-</span> <span class='ocrx_word' id='word_1_275' title='bbox 518 1536 667 1573; x_wconf 82' lang='lat' dir='ltr'>animus</span> <span class='ocrx_word' id='word_1_276' title='bbox 700 1536 799 1574; x_wconf 84' lang='lat' dir='ltr'>enim</span> <span class='ocrx_word' id='word_1_277' title='bbox 840 1549 972 1574; x_wconf 85' lang='lat' dir='ltr'>eornm</span> <span class='ocrx_word' id='word_1_278' title='bbox 1009 1537 1203 1589; x_wconf 81' lang='lat' dir='ltr'>sapientia</span> 
     </span>
     <span class='ocr_line' id='line_1_26' title="bbox 319 1592 900 1645; baseline 0.002 -16"><span class='ocrx_word' id='word_1_279' title='bbox 319 1595 358 1630; x_wconf 93' lang='lat' dir='ltr'>ut</span> <span class='ocrx_word' id='word_1_280' title='bbox 384 1606 477 1641; x_wconf 62' lang='lat' dir='ltr'>ager</span> <span class='ocrx_word' id='word_1_281' title='bbox 503 1606 605 1642; x_wconf 79' lang='lat' dir='ltr'>aqua</span> <span class='ocrx_word' id='word_1_282' title='bbox 630 1592 900 1645; x_wconf 66' lang='lat' dir='ltr'>perfunditur]</span> 
     </span>
    </p>

    <p class='ocr_par' dir='ltr' id='par_1_6' title="bbox 314 1648 1203 3182">
     <span class='ocr_line' id='line_1_27' title="bbox 377 1648 1203 1688; baseline 0.002 -2"><span class='ocrx_word' id='word_1_283' title='bbox 377 1649 627 1688; x_wconf 72' lang='lat' dir='ltr'>adlubentia.</span> <span class='ocrx_word' id='word_1_284' title='bbox 654 1648 757 1687; x_wconf 86' lang='lat' dir='ltr'>Oud.</span> <span class='ocrx_word' id='word_1_285' title='bbox 773 1649 874 1687; x_wconf 88' lang='lat' dir='ltr'>hunc</span> <span class='ocrx_word' id='word_1_286' title='bbox 896 1649 1023 1688; x_wconf 88' lang='lat' dir='ltr'>locum</span> <span class='ocrx_word' id='word_1_287' title='bbox 1044 1651 1095 1688; x_wconf 83' lang='lat' dir='ltr'>ita</span> <span class='ocrx_word' id='word_1_288' title='bbox 1115 1664 1203 1688; x_wconf 89' lang='lat' dir='ltr'>con·</span> 
     </span>
     <span class='ocr_line' id='line_1_28' title="bbox 320 1706 1202 1758; baseline 0.005 -16"><span class='ocrx_word' id='word_1_289' title='bbox 320 1706 457 1743; x_wconf 83' lang='lat' dir='ltr'>stituit:</span> <span class='ocrx_word' id='word_1_290' title='bbox 469 1707 548 1744; x_wconf 73' lang='lat' dir='ltr'>iam</span> <span class='ocrx_word' id='word_1_291' title='bbox 557 1706 615 1744; x_wconf 82' lang='lat' dir='ltr'>m]</span> <span class='ocrx_word' id='word_1_292' title='bbox 625 1706 1202 1758; x_wconf 67' lang='lat' dir='ltr'>lubentiasprocliviszmtser·</span> 
     </span>
     <span class='ocr_line' id='line_1_29' title="bbox 318 1763 1200 1813; baseline 0 -12"><span class='ocrx_word' id='word_1_293' title='bbox 318 1777 452 1801; x_wconf 78' lang='lat' dir='ltr'>mones</span> <span class='ocrx_word' id='word_1_294' title='bbox 472 1768 507 1801; x_wconf 72' lang='lat' dir='ltr'>et</span> <span class='ocrx_word' id='word_1_295' title='bbox 531 1764 624 1808; x_wconf 79' lang='grc' dir='ltr'>ἱυεὶ,</span> <span class='ocrx_word' id='word_1_296' title='bbox 640 1763 730 1813; x_wconf 88' lang='lat' dir='ltr'>quia</span> <span class='ocrx_word' id='word_1_297' title='bbox 748 1764 984 1802; x_wconf 86' lang='lat' dir='ltr'>sententiam</span> <span class='ocrx_word' id='word_1_298' title='bbox 999 1765 1200 1802; x_wconf 78' lang='lat' dir='ltr'>verborum</span> 
     </span>
     <span class='ocr_line' id='line_1_30' title="bbox 321 1819 1202 1874; baseline 0.005 -18"><span class='ocrx_word' id='word_1_299' title='bbox 321 1833 369 1857; x_wconf 72' lang='lat' dir='ltr'>ex</span> <span class='ocrx_word' id='word_1_300' title='bbox 383 1819 485 1869; x_wconf 63' lang='lat' dir='ltr'>vulg.</span> <span class='ocrx_word' id='word_1_301' title='bbox 497 1834 568 1858; x_wconf 81' lang='lat' dir='ltr'>nec</span> <span class='ocrx_word' id='word_1_302' title='bbox 582 1821 668 1872; x_wconf 82' lang='lat' dir='ltr'>capi</span> <span class='ocrx_word' id='word_1_303' title='bbox 680 1820 1202 1874; x_wconf 69' lang='lat' dir='ltr'>neeiungiposseprocle&#39;cis</span> 
     </span>
     <span class='ocr_line' id='line_1_31' title="bbox 319 1876 1200 1929; baseline 0.001 -14"><span class='ocrx_word' id='word_1_304' title='bbox 319 1890 447 1915; x_wconf 77' lang='lat' dir='ltr'>sermo</span> <span class='ocrx_word' id='word_1_305' title='bbox 462 1876 563 1914; x_wconf 75' lang='lat' dir='ltr'>(licit.</span> <span class='ocrx_word' id='word_1_306' title='bbox 598 1876 701 1928; x_wconf 82' lang='lat' dir='ltr'>[Sed</span> <span class='ocrx_word' id='word_1_307' title='bbox 722 1877 758 1915; x_wconf 88' lang='lat' dir='ltr'>id</span> <span class='ocrx_word' id='word_1_308' title='bbox 782 1878 910 1929; x_wconf 84' lang='lat' dir='ltr'>ipsum</span> <span class='ocrx_word' id='word_1_309' title='bbox 937 1879 972 1916; x_wconf 90' lang='lat' dir='ltr'>in</span> <span class='ocrx_word' id='word_1_310' title='bbox 999 1879 1083 1915; x_wconf 87' lang='lat' dir='ltr'>eius</span> <span class='ocrx_word' id='word_1_311' title='bbox 1111 1891 1200 1916; x_wconf 86' lang='lat' dir='ltr'>sen-</span> 
     </span>
     <span class='ocr_line' id='line_1_32' title="bbox 319 1934 1200 1973; baseline 0.001 -2"><span class='ocrx_word' id='word_1_312' title='bbox 319 1934 476 1972; x_wconf 78' lang='lat' dir='ltr'>tentiam</span> <span class='ocrx_word' id='word_1_313' title='bbox 504 1934 671 1972; x_wconf 79' lang='lat' dir='ltr'>incidere</span> <span class='ocrx_word' id='word_1_314' title='bbox 697 1934 858 1972; x_wconf 78' lang='lat' dir='ltr'>videtur.</span> <span class='ocrx_word' id='word_1_315' title='bbox 920 1934 996 1973; x_wconf 87' lang='lat' dir='ltr'>Ioci</span> <span class='ocrx_word' id='word_1_316' title='bbox 1023 1936 1124 1972; x_wconf 86' lang='lat' dir='ltr'>enim</span> <span class='ocrx_word' id='word_1_317' title='bbox 1150 1934 1200 1973; x_wconf 84' lang='lat' dir='ltr'>ad</span> 
     </span>
     <span class='ocr_line' id='line_1_33' title="bbox 320 1990 1201 2043; baseline 0.002 -14"><span class='ocrx_word' id='word_1_318' title='bbox 320 1990 513 2029; x_wconf 65' lang='lat' dir='ltr'>lubentius</span> <span class='ocrx_word' id='word_1_319' title='bbox 550 1991 745 2043; x_wconf 78' lang='lat' dir='ltr'>proclives</span> <span class='ocrx_word' id='word_1_320' title='bbox 784 1991 924 2042; x_wconf 84' lang='lat' dir='ltr'>quales</span> <span class='ocrx_word' id='word_1_321' title='bbox 961 1992 1076 2030; x_wconf 77' lang='lat' dir='ltr'>sunt?</span> <span class='ocrx_word' id='word_1_322' title='bbox 1120 1992 1201 2031; x_wconf 78' lang='lat' dir='ltr'>Lu-</span> 
     </span>
     <span class='ocr_line' id='line_1_34' title="bbox 319 2047 1200 2102; baseline -0.001 -15"><span class='ocrx_word' id='word_1_323' title='bbox 319 2047 453 2087; x_wconf 73' lang='lat' dir='ltr'>bentia</span> <span class='ocrx_word' id='word_1_324' title='bbox 481 2048 581 2086; x_wconf 85' lang='lat' dir='ltr'>idem</span> <span class='ocrx_word' id='word_1_325' title='bbox 608 2062 702 2086; x_wconf 80' lang='lat' dir='ltr'>csse</span> <span class='ocrx_word' id='word_1_326' title='bbox 720 2049 824 2098; x_wconf 83' lang='lat' dir='ltr'>quod</span> <span class='ocrx_word' id='word_1_327' title='bbox 843 2049 1061 2102; x_wconf 70' lang='lat' dir='ltr'>gycucdium,</span> <span class='ocrx_word' id='word_1_328' title='bbox 1083 2049 1200 2088; x_wconf 76' lang='lat' dir='ltr'>laeti-</span> 
     </span>
     <span class='ocr_line' id='line_1_35' title="bbox 318 2103 1198 2156; baseline 0 -13"><span class='ocrx_word' id='word_1_329' title='bbox 318 2105 375 2143; x_wconf 74' lang='lat' dir='ltr'>tia</span> <span class='ocrx_word' id='word_1_330' title='bbox 403 2118 452 2142; x_wconf 74' lang='lat' dir='ltr'>ex</span> <span class='ocrx_word' id='word_1_331' title='bbox 473 2103 597 2144; x_wconf 78' lang='lat' dir='ltr'>Plaut.</span> <span class='ocrx_word' id='word_1_332' title='bbox 626 2105 748 2143; x_wconf 85' lang='lat' dir='ltr'>Stich.</span> <span class='ocrx_word' id='word_1_333' title='bbox 770 2104 813 2142; x_wconf 90' lang='lat' dir='ltr'>ll.</span> <span class='ocrx_word' id='word_1_334' title='bbox 837 2110 871 2145; x_wconf 93' lang='lat'>1.</span> <span class='ocrx_word' id='word_1_335' title='bbox 900 2110 935 2146; x_wconf 87' lang='lat'>3.</span> <span class='ocrx_word' id='word_1_336' title='bbox 963 2106 1198 2156; x_wconf 65' lang='lat' dir='ltr'>intelligitur.</span> 
     </span>
     <span class='ocr_line' id='line_1_36' title="bbox 319 2160 1197 2215; baseline 0.001 -15"><span class='ocrx_word' id='word_1_337' title='bbox 319 2162 366 2200; x_wconf 86' lang='lat' dir='ltr'>cl&#39;.</span> <span class='ocrx_word' id='word_1_338' title='bbox 378 2160 531 2200; x_wconf 82' lang='lat' dir='ltr'>Taubm</span> <span class='ocrx_word' id='word_1_339' title='bbox 554 2161 1010 2203; x_wconf 69' lang='lat' dir='ltr'>adPlaut.Pers.V.1.8.</span> <span class='ocrx_word' id='word_1_340' title='bbox 1026 2178 1062 2215; x_wconf 89' lang='lat' dir='ltr'>p.</span> <span class='ocrx_word' id='word_1_341' title='bbox 1078 2166 1197 2203; x_wconf 71' lang='lat'>1164.</span> 
     </span>
     <span class='ocr_line' id='line_1_37' title="bbox 318 2219 1197 2259; baseline 0 -2"><span class='ocrx_word' id='word_1_342' title='bbox 318 2219 382 2257; x_wconf 59' lang='lat' dir='ltr'>ulsi</span> <span class='ocrx_word' id='word_1_343' title='bbox 408 2223 539 2257; x_wconf 62' lang='lat' dir='ltr'>nostra</span> <span class='ocrx_word' id='word_1_344' title='bbox 566 2220 683 2258; x_wconf 75' lang='lat' dir='ltr'>verba</span> <span class='ocrx_word' id='word_1_345' title='bbox 710 2221 828 2257; x_wconf 84' lang='lat' dir='ltr'>male:</span> <span class='ocrx_word' id='word_1_346' title='bbox 871 2221 950 2259; x_wconf 79' lang='lat' dir='ltr'>iam</span> <span class='ocrx_word' id='word_1_347' title='bbox 976 2221 1034 2259; x_wconf 79' lang='lat' dir='ltr'>ad</span> <span class='ocrx_word' id='word_1_348' title='bbox 1059 2220 1197 2259; x_wconf 74' lang='lat' dir='ltr'>laben-</span> 
     </span>
     <span class='ocr_line' id='line_1_38' title="bbox 319 2277 1196 2328; baseline 0.001 -15"><span class='ocrx_word' id='word_1_349' title='bbox 319 2277 417 2314; x_wconf 71' lang='lat' dir='ltr'>tium</span> <span class='ocrx_word' id='word_1_350' title='bbox 434 2278 635 2328; x_wconf 64' lang='lat' dir='ltr'>proclivis</span> <span class='ocrx_word' id='word_1_351' title='bbox 657 2282 712 2316; x_wconf 80' lang='lat' dir='ltr'>est</span> <span class='ocrx_word' id='word_1_352' title='bbox 733 2278 815 2315; x_wconf 77' lang='lat' dir='ltr'>ioci</span> <span class='ocrx_word' id='word_1_353' title='bbox 829 2278 1053 2315; x_wconf 77' lang='lat' dir='ltr'>excitantur.</span> <span class='ocrx_word' id='word_1_354' title='bbox 1081 2277 1196 2314; x_wconf 83' lang='lat' dir='ltr'>Anne</span> 
     </span>
     <span class='ocr_line' id='line_1_39' title="bbox 318 2333 1197 2384; baseline 0.003 -16"><span class='ocrx_word' id='word_1_355' title='bbox 318 2345 409 2370; x_wconf 84' lang='lat' dir='ltr'>vero</span> <span class='ocrx_word' id='word_1_356' title='bbox 442 2333 490 2371; x_wconf 87' lang='lat' dir='ltr'>ad</span> <span class='ocrx_word' id='word_1_357' title='bbox 523 2334 627 2371; x_wconf 87' lang='lat' dir='ltr'>alind</span> <span class='ocrx_word' id='word_1_358' title='bbox 659 2333 751 2384; x_wconf 82' lang='lat' dir='ltr'>qnid</span> <span class='ocrx_word' id='word_1_359' title='bbox 785 2335 855 2372; x_wconf 65' lang='lat' dir='ltr'>nisi</span> <span class='ocrx_word' id='word_1_360' title='bbox 887 2334 937 2372; x_wconf 86' lang='lat' dir='ltr'>ad</span> <span class='ocrx_word' id='word_1_361' title='bbox 963 2334 1197 2373; x_wconf 76' lang='lat' dir='ltr'>hilaritatem</span> 
     </span>
     <span class='ocr_line' id='line_1_40' title="bbox 318 2390 1198 2442; baseline 0.002 -15"><span class='ocrx_word' id='word_1_362' title='bbox 318 2390 391 2427; x_wconf 89' lang='lat' dir='ltr'>ioci</span> <span class='ocrx_word' id='word_1_363' title='bbox 406 2394 572 2441; x_wconf 69' lang='lat' dir='ltr'>possunt</span> <span class='ocrx_word' id='word_1_364' title='bbox 587 2404 679 2428; x_wconf 80' lang='lat' dir='ltr'>esse</span> <span class='ocrx_word' id='word_1_365' title='bbox 694 2391 914 2442; x_wconf 74' lang='lat' dir='ltr'>proclives?</span> <span class='ocrx_word' id='word_1_366' title='bbox 931 2391 1198 2437; x_wconf 75' lang='lat' dir='ltr'>Adlubentia,</span> 
     </span>
     <span class='ocr_line' id='line_1_41' title="bbox 317 2445 1199 2500; baseline 0 -15"><span class='ocrx_word' id='word_1_367' title='bbox 317 2449 358 2485; x_wconf 83' lang='lat' dir='ltr'>ut</span> <span class='ocrx_word' id='word_1_368' title='bbox 372 2445 837 2499; x_wconf 72' lang='lat' dir='ltr'>Isidori·adpetulsmte&#39;a,</span> <span class='ocrx_word' id='word_1_369' title='bbox 863 2462 932 2500; x_wconf 87' lang='lat' dir='ltr'>pro</span> <span class='ocrx_word' id='word_1_370' title='bbox 957 2448 1122 2499; x_wconf 77' lang='lat' dir='ltr'>simplici</span> <span class='ocrx_word' id='word_1_371' title='bbox 1146 2447 1199 2485; x_wconf 88' lang='lat' dir='ltr'>di-</span> 
     </span>
     <span class='ocr_line' id='line_1_42' title="bbox 318 2504 1199 2557; baseline 0 -15"><span class='ocrx_word' id='word_1_372' title='bbox 318 2509 419 2542; x_wconf 85' lang='lat' dir='ltr'>ctum</span> <span class='ocrx_word' id='word_1_373' title='bbox 447 2504 692 2556; x_wconf 43' lang='lat' dir='ltr'>est-Apuleio</span> <span class='ocrx_word' id='word_1_374' title='bbox 709 2508 747 2542; x_wconf 87' lang='lat' dir='ltr'>ct</span> <span class='ocrx_word' id='word_1_375' title='bbox 770 2506 973 2557; x_wconf 66' lang='lat' dir='ltr'>(sanctiam</span> <span class='ocrx_word' id='word_1_376' title='bbox 998 2505 1199 2555; x_wconf 73' lang='lat' dir='ltr'>significat.</span> 
     </span>
     <span class='ocr_line' id='line_1_43' title="bbox 318 2560 1200 2612; baseline 0 -13"><span class='ocrx_word' id='word_1_377' title='bbox 318 2560 505 2599; x_wconf 69' lang='lat' dir='ltr'>Hilaritas</span> <span class='ocrx_word' id='word_1_378' title='bbox 535 2562 647 2612; x_wconf 77' lang='lat' dir='ltr'>igitur</span> <span class='ocrx_word' id='word_1_379' title='bbox 675 2562 867 2599; x_wconf 80' lang='lat' dir='ltr'>sermonis</span> <span class='ocrx_word' id='word_1_380' title='bbox 900 2566 938 2599; x_wconf 82' lang='lat' dir='ltr'>et</span> <span class='ocrx_word' id='word_1_381' title='bbox 964 2563 1035 2600; x_wconf 90' lang='lat' dir='ltr'>ioci</span> <span class='ocrx_word' id='word_1_382' title='bbox 1061 2567 1101 2599; x_wconf 84' lang='lat' dir='ltr'>et</span> <span class='ocrx_word' id='word_1_383' title='bbox 1127 2562 1200 2599; x_wconf 82' lang='lat' dir='ltr'>sci-</span> 
     </span>
     <span class='ocr_line' id='line_1_44' title="bbox 318 2618 1200 2670; baseline 0.001 -14"><span class='ocrx_word' id='word_1_384' title='bbox 318 2621 397 2656; x_wconf 87' lang='lat' dir='ltr'>tum</span> <span class='ocrx_word' id='word_1_385' title='bbox 428 2618 609 2656; x_wconf 80' lang='lat' dir='ltr'>cavillum</span> <span class='ocrx_word' id='word_1_386' title='bbox 640 2619 675 2656; x_wconf 91' lang='lat' dir='ltr'>in</span> <span class='ocrx_word' id='word_1_387' title='bbox 706 2622 886 2670; x_wconf 84' lang='lat' dir='ltr'>promptu</span> <span class='ocrx_word' id='word_1_388' title='bbox 917 2622 1026 2657; x_wconf 83' lang='lat' dir='ltr'>erant</span> <span class='ocrx_word' id='word_1_389' title='bbox 1052 2633 1125 2656; x_wconf 90' lang='lat' dir='ltr'>non</span> <span class='ocrx_word' id='word_1_390' title='bbox 1152 2633 1200 2657; x_wconf 86' lang='lat' dir='ltr'>ea</span> 
     </span>
     <span class='ocr_line' id='line_1_45' title="bbox 320 2674 1198 2727; baseline 0.002 -16"><span class='ocrx_word' id='word_1_391' title='bbox 320 2674 475 2725; x_wconf 83' lang='lat' dir='ltr'>quidem</span> <span class='ocrx_word' id='word_1_392' title='bbox 493 2676 657 2720; x_wconf 84' lang='lat' dir='ltr'>Socrati,</span> <span class='ocrx_word' id='word_1_393' title='bbox 671 2675 744 2713; x_wconf 85' lang='lat' dir='ltr'>sed</span> <span class='ocrx_word' id='word_1_394' title='bbox 764 2676 837 2727; x_wconf 73' lang='lat' dir='ltr'>ipsi</span> <span class='ocrx_word' id='word_1_395' title='bbox 854 2676 1103 2721; x_wconf 73' lang='lat' dir='ltr'>Aristomeni,</span> <span class='ocrx_word' id='word_1_396' title='bbox 1119 2677 1198 2725; x_wconf 86' lang='lat' dir='ltr'>qui-</span> 
     </span>
     <span class='ocr_line' id='line_1_46' title="bbox 319 2731 1200 2771; baseline 0.002 -2"><span class='ocrx_word' id='word_1_397' title='bbox 319 2731 394 2769; x_wconf 84' lang='lat' dir='ltr'>bus</span> <span class='ocrx_word' id='word_1_398' title='bbox 420 2733 587 2770; x_wconf 88' lang='lat' dir='ltr'>animum</span> <span class='ocrx_word' id='word_1_399' title='bbox 613 2732 787 2771; x_wconf 86' lang='lat' dir='ltr'>Socratis</span> <span class='ocrx_word' id='word_1_400' title='bbox 814 2731 1057 2771; x_wconf 80' lang='lat' dir='ltr'>exhilararet.</span> <span class='ocrx_word' id='word_1_401' title='bbox 1110 2732 1200 2771; x_wconf 78' lang='grc' dir='ltr'>Ιοσὶ</span> 
     </span>
     <span class='ocr_line' id='line_1_47' title="bbox 320 2787 1196 2840; baseline 0.001 -15"><span class='ocrx_word' id='word_1_402' title='bbox 320 2789 422 2826; x_wconf 85' lang='lat' dir='ltr'>enim</span> <span class='ocrx_word' id='word_1_403' title='bbox 459 2793 519 2827; x_wconf 79' lang='lat' dir='ltr'>est</span> <span class='ocrx_word' id='word_1_404' title='bbox 556 2790 824 2828; x_wconf 76' lang='lat' dir='ltr'>nominativus.</span> <span class='ocrx_word' id='word_1_405' title='bbox 857 2788 904 2828; x_wconf 84' lang='lat' dir='ltr'>cf.</span> <span class='ocrx_word' id='word_1_406' title='bbox 941 2788 1039 2828; x_wconf 82' lang='lat' dir='ltr'>Met.</span> <span class='ocrx_word' id='word_1_407' title='bbox 1076 2787 1120 2827; x_wconf 90' lang='lat' dir='ltr'>ll.</span> <span class='ocrx_word' id='word_1_408' title='bbox 1157 2803 1196 2840; x_wconf 87' lang='lat' dir='ltr'>p.</span> 
     </span>
     <span class='ocr_line' id='line_1_48' title="bbox 324 2845 1198 2897; baseline -0.002 -13"><span class='ocrx_word' id='word_1_409' title='bbox 324 2848 415 2884; x_wconf 81' lang='lat'>138.</span> <span class='ocrx_word' id='word_1_410' title='bbox 460 2846 670 2885; x_wconf 63' lang='lat' dir='ltr'>Prae-licis</span> <span class='ocrx_word' id='word_1_411' title='bbox 698 2859 790 2884; x_wconf 73' lang='lat' dir='ltr'>vero</span> <span class='ocrx_word' id='word_1_412' title='bbox 823 2845 1005 2884; x_wconf 85' lang='lat' dir='ltr'>absolute</span> <span class='ocrx_word' id='word_1_413' title='bbox 1034 2846 1125 2897; x_wconf 88' lang='lat' dir='ltr'>poni</span> <span class='ocrx_word' id='word_1_414' title='bbox 1156 2849 1198 2883; x_wconf 77' lang='lat' dir='ltr'>ui,</span> 
     </span>
     <span class='ocr_line' id='line_1_49' title="bbox 314 2900 1196 2954; baseline 0 -15"><span class='ocrx_word' id='word_1_415' title='bbox 314 2916 454 2954; x_wconf 76' lang='lat' dir='ltr'>prona</span> <span class='ocrx_word' id='word_1_416' title='bbox 493 2902 623 2941; x_wconf 67' lang='lat' dir='ltr'>{Ibida</span> <span class='ocrx_word' id='word_1_417' title='bbox 660 2902 756 2941; x_wconf 71' lang='lat' dir='ltr'>Met.</span> <span class='ocrx_word' id='word_1_418' title='bbox 783 2901 846 2941; x_wconf 86' lang='lat' dir='ltr'>III.</span> <span class='ocrx_word' id='word_1_419' title='bbox 883 2917 920 2954; x_wconf 85' lang='lat' dir='ltr'>p.</span> <span class='ocrx_word' id='word_1_420' title='bbox 952 2905 1055 2947; x_wconf 70' lang='lat'>119..</span> <span class='ocrx_word' id='word_1_421' title='bbox 1094 2900 1196 2939; x_wconf 85' lang='lat' dir='ltr'>Oud.</span> 
     </span>
     <span class='ocr_line' id='line_1_50' title="bbox 319 2958 1195 3009; baseline 0.001 -14"><span class='ocrx_word' id='word_1_422' title='bbox 319 2971 462 3009; x_wconf 78' lang='lat' dir='ltr'>negare</span> <span class='ocrx_word' id='word_1_423' title='bbox 490 2974 562 2997; x_wconf 67' lang='lat' dir='ltr'>non</span> <span class='ocrx_word' id='word_1_424' title='bbox 590 2959 772 2998; x_wconf 71' lang='lat' dir='ltr'>debebat.</span> <span class='ocrx_word' id='word_1_425' title='bbox 799 2959 848 2998; x_wconf 86' lang='lat' dir='ltr'>cs.</span> <span class='ocrx_word' id='word_1_426' title='bbox 865 2958 1114 2998; x_wconf 74' lang='lat' dir='ltr'>Phae‹lr.lV.</span> <span class='ocrx_word' id='word_1_427' title='bbox 1131 2962 1195 2998; x_wconf 81' lang='lat'>25.</span> 
     </span>
     <span class='ocr_line' id='line_1_51' title="bbox 314 3015 1197 3067; baseline 0.001 -15"><span class='ocrx_word' id='word_1_428' title='bbox 314 3016 518 3067; x_wconf 66' lang='lat' dir='ltr'>proclivis</span> <span class='ocrx_word' id='word_1_429' title='bbox 548 3017 659 3055; x_wconf 76' lang='lat' dir='ltr'>ultro</span> <span class='ocrx_word' id='word_1_430' title='bbox 692 3031 782 3055; x_wconf 77' lang='lat' dir='ltr'>cum</span> <span class='ocrx_word' id='word_1_431' title='bbox 811 3017 862 3055; x_wconf 74' lang='lat' dir='ltr'>sit</span> <span class='ocrx_word' id='word_1_432' title='bbox 898 3015 1197 3055; x_wconf 60' lang='lat' dir='ltr'>nasei-icamia.</span> 
     </span>
     <span class='ocr_line' id='line_1_52' title="bbox 321 3071 1195 3124; baseline -0.002 -13"><span class='ocrx_word' id='word_1_433' title='bbox 321 3071 596 3111; x_wconf 75' lang='lat' dir='ltr'>Adlubeseere</span> <span class='ocrx_word' id='word_1_434' title='bbox 629 3072 816 3112; x_wconf 72' lang='lat' dir='ltr'>familiare</span> <span class='ocrx_word' id='word_1_435' title='bbox 848 3076 909 3111; x_wconf 70' lang='lat' dir='ltr'>cst</span> <span class='ocrx_word' id='word_1_436' title='bbox 938 3071 1109 3124; x_wconf 77' lang='lat' dir='ltr'>Apuleio</span> <span class='ocrx_word' id='word_1_437' title='bbox 1147 3071 1195 3110; x_wconf 85' lang='lat' dir='ltr'>cl&#39;.</span> 
     </span>
     <span class='ocr_line' id='line_1_53' title="bbox 319 3127 1106 3182; baseline 0 -16"><span class='ocrx_word' id='word_1_438' title='bbox 319 3128 416 3167; x_wconf 81' lang='lat' dir='ltr'>Met.</span> <span class='ocrx_word' id='word_1_439' title='bbox 442 3127 488 3167; x_wconf 92' lang='grc' dir='ltr'>ΙΙ.</span> <span class='ocrx_word' id='word_1_440' title='bbox 514 3143 551 3180; x_wconf 89' lang='lat' dir='ltr'>p.</span> <span class='ocrx_word' id='word_1_441' title='bbox 582 3133 672 3170; x_wconf 73' lang='lat'>11¹1.</span> <span class='ocrx_word' id='word_1_442' title='bbox 698 3129 785 3168; x_wconf 77' lang='lat' dir='ltr'>VH.</span> <span class='ocrx_word' id='word_1_443' title='bbox 812 3133 905 3171; x_wconf 83' lang='lat'>467.</span> <span class='ocrx_word' id='word_1_444' title='bbox 932 3129 1106 3182; x_wconf 83' lang='lat' dir='ltr'>saepius.</span> 
     </span>
    </p>
   </div>
   <div class='ocr_carea' id='block_1_6' title="bbox 1354 766 1572 804">
    <p class='ocr_par' dir='ltr' id='par_1_7' title="bbox 1354 766 1572 804">
     <span class='ocr_line' id='line_1_54' title="bbox 1354 766 1572 804; baseline 0.009 -10"><span class='ocrx_word' id='word_1_445' title='bbox 1354 766 1528 804; x_wconf 78' lang='lat' dir='ltr'>voluptate</span> <span class='ocrx_word' id='word_1_446' title='bbox 1541 775 1572 803; x_wconf 86' lang='lat' dir='ltr'>p.</span> 
     </span>
    </p>
   </div>
   <div class='ocr_carea' id='block_1_7' title="bbox 1254 852 2143 3180">
    <p class='ocr_par' dir='ltr' id='par_1_8' title="bbox 1257 852 2143 2785">
     <span class='ocr_line' id='line_1_55' title="bbox 1319 852 2139 907; baseline -0.001 -14"><span class='ocrx_word' id='word_1_447' title='bbox 1319 856 1489 894; x_wconf 75' lang='lat' dir='ltr'>temzida.</span> <span class='ocrx_word' id='word_1_448' title='bbox 1528 854 1654 907; x_wconf 82' lang='lat' dir='ltr'>[Bene</span> <span class='ocrx_word' id='word_1_449' title='bbox 1686 856 1900 894; x_wconf 82' lang='lat' dir='ltr'>coniecerat</span> <span class='ocrx_word' id='word_1_450' title='bbox 1924 852 2028 893; x_wconf 91' lang='lat' dir='ltr'>Oud.</span> <span class='ocrx_word' id='word_1_451' title='bbox 2065 855 2139 892; x_wconf 76' lang='lat' dir='ltr'>tin-</span> 
     </span>
     <span class='ocr_line' id='line_1_56' title="bbox 1262 911 2140 963; baseline -0.002 -13"><span class='ocrx_word' id='word_1_452' title='bbox 1262 912 1382 956; x_wconf 75' lang='lat' dir='ltr'>nula,</span> <span class='ocrx_word' id='word_1_453' title='bbox 1428 911 1529 961; x_wconf 85' lang='lat' dir='ltr'>quod</span> <span class='ocrx_word' id='word_1_454' title='bbox 1574 913 1734 963; x_wconf 84' lang='lat' dir='ltr'>saepius</span> <span class='ocrx_word' id='word_1_455' title='bbox 1772 911 1822 950; x_wconf 90' lang='lat' dir='ltr'>de</span> <span class='ocrx_word' id='word_1_456' title='bbox 1862 925 1962 950; x_wconf 85' lang='lat' dir='ltr'>vano</span> <span class='ocrx_word' id='word_1_457' title='bbox 2007 911 2140 949; x_wconf 85' lang='lat' dir='ltr'>verbo-</span> 
     </span>
     <span class='ocr_line' id='line_1_57' title="bbox 1261 968 2139 1020; baseline -0.002 -14"><span class='ocrx_word' id='word_1_458' title='bbox 1261 982 1343 1007; x_wconf 85' lang='lat' dir='ltr'>rum</span> <span class='ocrx_word' id='word_1_459' title='bbox 1392 970 1555 1020; x_wconf 85' lang='lat' dir='ltr'>strepitu</span> <span class='ocrx_word' id='word_1_460' title='bbox 1604 973 1641 1006; x_wconf 86' lang='lat' dir='ltr'>et</span> <span class='ocrx_word' id='word_1_461' title='bbox 1696 968 1918 1020; x_wconf 77' lang='lat' dir='ltr'>garrulitate</span> <span class='ocrx_word' id='word_1_462' title='bbox 1970 969 2139 1020; x_wconf 80' lang='lat' dir='ltr'>positum</span> 
     </span>
     <span class='ocr_line' id='line_1_58' title="bbox 1262 1023 2138 1066; baseline -0.001 -3"><span class='ocrx_word' id='word_1_463' title='bbox 1262 1026 1461 1064; x_wconf 82' lang='lat' dir='ltr'>invenitur.</span> <span class='ocrx_word' id='word_1_464' title='bbox 1499 1024 1546 1063; x_wconf 85' lang='lat' dir='ltr'>cs.</span> <span class='ocrx_word' id='word_1_465' title='bbox 1580 1024 1707 1064; x_wconf 87' lang='lat' dir='ltr'>Plant.</span> <span class='ocrx_word' id='word_1_466' title='bbox 1735 1024 1881 1063; x_wconf 83' lang='lat' dir='ltr'>Pseud.</span> <span class='ocrx_word' id='word_1_467' title='bbox 1914 1023 1976 1063; x_wconf 82' lang='lat' dir='ltr'>III.</span> <span class='ocrx_word' id='word_1_468' title='bbox 2008 1029 2045 1066; x_wconf 86' lang='grc'>2.</span> <span class='ocrx_word' id='word_1_469' title='bbox 2073 1027 2138 1065; x_wconf 82' lang='grc'>99.</span> 
     </span>
     <span class='ocr_line' id='line_1_59' title="bbox 1264 1080 2139 1134; baseline 0 -14"><span class='ocrx_word' id='word_1_470' title='bbox 1264 1082 1354 1121; x_wconf 79' lang='lat' dir='ltr'>Cas.</span> <span class='ocrx_word' id='word_1_471' title='bbox 1381 1081 1426 1120; x_wconf 89' lang='lat'>11.</span> <span class='ocrx_word' id='word_1_472' title='bbox 1453 1086 1489 1123; x_wconf 89' lang='lat'>3.</span> <span class='ocrx_word' id='word_1_473' title='bbox 1517 1086 1581 1122; x_wconf 85' lang='lat'>32.</span> <span class='ocrx_word' id='word_1_474' title='bbox 1616 1082 1669 1121; x_wconf 85' lang='lat' dir='ltr'>lta</span> <span class='ocrx_word' id='word_1_475' title='bbox 1696 1081 1826 1134; x_wconf 83' lang='lat' dir='ltr'>Enrip.</span> <span class='ocrx_word' id='word_1_476' title='bbox 1855 1080 1962 1133; x_wconf 81' lang='lat' dir='ltr'>Cycl.</span> <span class='ocrx_word' id='word_1_477' title='bbox 1985 1095 2020 1120; x_wconf 79' lang='lat' dir='ltr'>v.</span> <span class='ocrx_word' id='word_1_478' title='bbox 2048 1085 2139 1122; x_wconf 84' lang='lat'>104.</span> 
     </span>
     <span class='ocr_line' id='line_1_60' title="bbox 1262 1133 2141 1192; baseline -0.001 -14"><span class='ocrx_word' id='word_1_479' title='bbox 1262 1133 1384 1191; x_wconf 67' lang='grc' dir='ltr'><em>ἄνδρα</em></span> <span class='ocrx_word' id='word_1_480' title='bbox 1421 1135 1607 1192; x_wconf 76' lang='grc' dir='ltr'><strong><em>κρόταλον</em></strong></span> <span class='ocrx_word' id='word_1_481' title='bbox 1639 1139 1744 1182; x_wconf 70' lang='lat' dir='ltr'>dicit:</span> <span class='ocrx_word' id='word_1_482' title='bbox 1782 1136 1976 1190; x_wconf 76' lang='grc' dir='ltr'>τύμπανον</span> <span class='ocrx_word' id='word_1_483' title='bbox 2012 1142 2141 1189; x_wconf 69' lang='grc' dir='ltr'>φῦσαν</span> 
     </span>
     <span class='ocr_line' id='line_1_61' title="bbox 1263 1195 2140 1248; baseline -0.001 -14"><span class='ocrx_word' id='word_1_484' title='bbox 1263 1196 1310 1234; x_wconf 81' lang='lat' dir='ltr'>cl&#39;.</span> <span class='ocrx_word' id='word_1_485' title='bbox 1344 1195 1495 1235; x_wconf 81' lang='lat' dir='ltr'>Iacobs.</span> <span class='ocrx_word' id='word_1_486' title='bbox 1522 1196 1682 1234; x_wconf 89' lang='lat' dir='ltr'>Anthol.</span> <span class='ocrx_word' id='word_1_487' title='bbox 1711 1195 1754 1233; x_wconf 89' lang='lat' dir='ltr'>T.</span> <span class='ocrx_word' id='word_1_488' title='bbox 1782 1195 1826 1234; x_wconf 90' lang='lat' dir='ltr'>ll.</span> <span class='ocrx_word' id='word_1_489' title='bbox 1858 1195 1902 1235; x_wconf 87' lang='lat' dir='ltr'>P.</span> <span class='ocrx_word' id='word_1_490' title='bbox 1928 1195 1955 1234; x_wconf 89' lang='lat' dir='ltr'>l.</span> <span class='ocrx_word' id='word_1_491' title='bbox 1980 1210 2017 1248; x_wconf 86' lang='lat' dir='ltr'>p.</span> <span class='ocrx_word' id='word_1_492' title='bbox 2048 1199 2140 1235; x_wconf 85' lang='lat'>126.</span> 
     </span>
     <span class='ocr_line' id='line_1_62' title="bbox 1266 1251 2139 1307; baseline -0.005 -13"><span class='ocrx_word' id='word_1_493' title='bbox 1266 1257 1355 1294; x_wconf 87' lang='lat'>127.</span> <span class='ocrx_word' id='word_1_494' title='bbox 1392 1251 1625 1307; x_wconf 67' lang='lat' dir='ltr'>Cymbalnm</span> <span class='ocrx_word' id='word_1_495' title='bbox 1657 1256 1783 1291; x_wconf 84' lang='lat' dir='ltr'>orator</span> <span class='ocrx_word' id='word_1_496' title='bbox 1813 1252 1948 1291; x_wconf 85' lang='lat' dir='ltr'>dicitur</span> <span class='ocrx_word' id='word_1_497' title='bbox 1977 1251 2139 1291; x_wconf 89' lang='lat' dir='ltr'>Anthol.</span> 
     </span>
     <span class='ocr_line' id='line_1_63' title="bbox 1261 1308 2140 1362; baseline -0.003 -13"><span class='ocrx_word' id='word_1_498' title='bbox 1261 1310 1392 1349; x_wconf 72' lang='lat' dir='ltr'>Burin.</span> <span class='ocrx_word' id='word_1_499' title='bbox 1424 1310 1450 1348; x_wconf 86' lang='lat'>1.</span> <span class='ocrx_word' id='word_1_500' title='bbox 1482 1324 1518 1362; x_wconf 91' lang='lat' dir='ltr'>p.</span> <span class='ocrx_word' id='word_1_501' title='bbox 1553 1313 1647 1350; x_wconf 86' lang='lat'>428.</span> <span class='ocrx_word' id='word_1_502' title='bbox 1680 1308 1823 1348; x_wconf 79' lang='lat' dir='ltr'>Fronto</span> <span class='ocrx_word' id='word_1_503' title='bbox 1855 1309 1905 1348; x_wconf 87' lang='lat' dir='ltr'>de</span> <span class='ocrx_word' id='word_1_504' title='bbox 1937 1313 2076 1348; x_wconf 82' lang='lat' dir='ltr'>orator.</span> <span class='ocrx_word' id='word_1_505' title='bbox 2102 1323 2140 1360; x_wconf 89' lang='lat' dir='ltr'>p.</span> 
     </span>
     <span class='ocr_line' id='line_1_64' title="bbox 1263 1364 2139 1407; baseline -0.005 0"><span class='ocrx_word' id='word_1_506' title='bbox 1263 1371 1358 1407; x_wconf 84' lang='lat'>240.</span> <span class='ocrx_word' id='word_1_507' title='bbox 1395 1368 1615 1406; x_wconf 78' lang='lat' dir='ltr'>sententiae</span> <span class='ocrx_word' id='word_1_508' title='bbox 1653 1367 1845 1406; x_wconf 76' lang='lat' dir='ltr'>timmlae.</span> <span class='ocrx_word' id='word_1_509' title='bbox 1884 1365 1931 1405; x_wconf 85' lang='lat' dir='ltr'>cf.</span> <span class='ocrx_word' id='word_1_510' title='bbox 1971 1364 2139 1404; x_wconf 80' lang='lat' dir='ltr'>Turneb.</span> 
     </span>
     <span class='ocr_line' id='line_1_65' title="bbox 1264 1421 2139 1463; baseline -0.003 -1"><span class='ocrx_word' id='word_1_511' title='bbox 1264 1424 1429 1462; x_wconf 85' lang='lat' dir='ltr'>Advers.</span> <span class='ocrx_word' id='word_1_512' title='bbox 1458 1422 1490 1460; x_wconf 89' lang='lat' dir='ltr'>ll</span> <span class='ocrx_word' id='word_1_513' title='bbox 1530 1437 1560 1461; x_wconf 91' lang='lat' dir='ltr'>c.</span> <span class='ocrx_word' id='word_1_514' title='bbox 1590 1428 1624 1463; x_wconf 88' lang='grc'>7.</span> <span class='ocrx_word' id='word_1_515' title='bbox 1661 1423 1791 1462; x_wconf 83' lang='lat' dir='ltr'>Barth.</span> <span class='ocrx_word' id='word_1_516' title='bbox 1819 1423 1921 1461; x_wconf 78' lang='lat' dir='ltr'>Adv.</span> <span class='ocrx_word' id='word_1_517' title='bbox 1949 1421 2139 1461; x_wconf 86' lang='lat' dir='ltr'>XXXIII.</span> 
     </span>
     <span class='ocr_line' id='line_1_66' title="bbox 1263 1478 2138 1532; baseline -0.005 -11"><span class='ocrx_word' id='word_1_518' title='bbox 1263 1485 1299 1521; x_wconf 76' lang='lat'>5.</span> <span class='ocrx_word' id='word_1_519' title='bbox 1332 1494 1368 1532; x_wconf 85' lang='lat' dir='ltr'>p.</span> <span class='ocrx_word' id='word_1_520' title='bbox 1406 1484 1525 1520; x_wconf 84' lang='grc'><strong>1512.</strong></span> <span class='ocrx_word' id='word_1_521' title='bbox 1557 1479 1660 1532; x_wconf 84' lang='lat' dir='ltr'>Rup.</span> <span class='ocrx_word' id='word_1_522' title='bbox 1693 1480 1741 1518; x_wconf 88' lang='lat' dir='ltr'>ad</span> <span class='ocrx_word' id='word_1_523' title='bbox 1774 1479 1903 1519; x_wconf 86' lang='lat' dir='ltr'>Iuven.</span> <span class='ocrx_word' id='word_1_524' title='bbox 1935 1478 2003 1517; x_wconf 88' lang='lat' dir='ltr'>Vl.</span> <span class='ocrx_word' id='word_1_525' title='bbox 2038 1483 2138 1520; x_wconf 82' lang='lat'>441.</span> 
     </span>
     <span class='ocr_line' id='line_1_67' title="bbox 1262 1535 2141 1589; baseline -0.001 -14"><span class='ocrx_word' id='word_1_526' title='bbox 1262 1537 1384 1576; x_wconf 86' lang='lat' dir='ltr'>Orell.</span> <span class='ocrx_word' id='word_1_527' title='bbox 1412 1537 1462 1576; x_wconf 85' lang='lat' dir='ltr'>ad</span> <span class='ocrx_word' id='word_1_528' title='bbox 1487 1536 1631 1575; x_wconf 80' lang='lat' dir='ltr'>Arnol).</span> <span class='ocrx_word' id='word_1_529' title='bbox 1659 1535 1724 1576; x_wconf 89' lang='lat' dir='ltr'>IV.</span> <span class='ocrx_word' id='word_1_530' title='bbox 1755 1539 1805 1578; x_wconf 88' lang='lat'>16</span> <span class='ocrx_word' id='word_1_531' title='bbox 1846 1551 1883 1589; x_wconf 90' lang='lat' dir='ltr'>p.</span> <span class='ocrx_word' id='word_1_532' title='bbox 1910 1540 2003 1577; x_wconf 88' lang='lat'>214.</span> <span class='ocrx_word' id='word_1_533' title='bbox 2031 1536 2141 1588; x_wconf 88' lang='lat' dir='ltr'>inpri-</span> 
     </span>
     <span class='ocr_line' id='line_1_68' title="bbox 1262 1593 2141 1645; baseline -0.001 -13"><span class='ocrx_word' id='word_1_534' title='bbox 1262 1596 1336 1633; x_wconf 78' lang='lat' dir='ltr'>mis</span> <span class='ocrx_word' id='word_1_535' title='bbox 1373 1593 1522 1632; x_wconf 81' lang='lat' dir='ltr'>Osann.</span> <span class='ocrx_word' id='word_1_536' title='bbox 1562 1594 1611 1632; x_wconf 85' lang='lat' dir='ltr'>ad</span> <span class='ocrx_word' id='word_1_537' title='bbox 1643 1594 1764 1645; x_wconf 87' lang='lat' dir='ltr'>Apul.</span> <span class='ocrx_word' id='word_1_538' title='bbox 1803 1594 1853 1632; x_wconf 87' lang='lat' dir='ltr'>de</span> <span class='ocrx_word' id='word_1_539' title='bbox 1883 1593 2066 1644; x_wconf 73' lang='lat' dir='ltr'>Orthogr.</span> <span class='ocrx_word' id='word_1_540' title='bbox 2103 1606 2141 1644; x_wconf 89' lang='lat' dir='ltr'>p.</span> 
     </span>
     <span class='ocr_line' id='line_1_69' title="bbox 1264 1649 2141 1701; baseline -0.006 -9"><span class='ocrx_word' id='word_1_541' title='bbox 1264 1654 1318 1692; x_wconf 84' lang='lat'>32</span> <span class='ocrx_word' id='word_1_542' title='bbox 1337 1664 1398 1701; x_wconf 88' lang='lat' dir='ltr'>sq.</span> <span class='ocrx_word' id='word_1_543' title='bbox 1436 1650 1600 1689; x_wconf 83' lang='lat' dir='ltr'>Rectius</span> <span class='ocrx_word' id='word_1_544' title='bbox 1634 1650 1802 1689; x_wconf 77' lang='lat' dir='ltr'>sortasse</span> <span class='ocrx_word' id='word_1_545' title='bbox 1829 1664 1878 1689; x_wconf 84' lang='lat' dir='ltr'>ex</span> <span class='ocrx_word' id='word_1_546' title='bbox 1898 1650 1999 1689; x_wconf 62' lang='lat' dir='ltr'>Mss.</span> <span class='ocrx_word' id='word_1_547' title='bbox 2028 1649 2141 1701; x_wconf 80' lang='lat' dir='ltr'>legas</span> 
     </span>
     <span class='ocr_line' id='line_1_70' title="bbox 1262 1708 2141 1748; baseline -0.002 0"><span class='ocrx_word' id='word_1_548' title='bbox 1262 1708 1452 1748; x_wconf 72' lang='lat' dir='ltr'>tumidae.</span> <span class='ocrx_word' id='word_1_549' title='bbox 1487 1708 1637 1748; x_wconf 76' lang='lat' dir='ltr'>Tumor</span> <span class='ocrx_word' id='word_1_550' title='bbox 1663 1709 1762 1745; x_wconf 88' lang='lat' dir='ltr'>enim</span> <span class='ocrx_word' id='word_1_551' title='bbox 1790 1708 1839 1747; x_wconf 83' lang='lat' dir='ltr'>de</span> <span class='ocrx_word' id='word_1_552' title='bbox 1863 1708 2057 1747; x_wconf 85' lang='lat' dir='ltr'>sermonis</span> <span class='ocrx_word' id='word_1_553' title='bbox 2078 1720 2141 1746; x_wconf 76' lang='lat' dir='ltr'>va-</span> 
     </span>
     <span class='ocr_line' id='line_1_71' title="bbox 1262 1765 2142 1816; baseline -0.003 -12"><span class='ocrx_word' id='word_1_554' title='bbox 1262 1765 1519 1816; x_wconf 86' lang='lat' dir='ltr'>niloquentia,</span> <span class='ocrx_word' id='word_1_555' title='bbox 1552 1765 1601 1803; x_wconf 89' lang='lat' dir='ltr'>de</span> <span class='ocrx_word' id='word_1_556' title='bbox 1628 1769 1791 1804; x_wconf 81' lang='lat' dir='ltr'>ventoso</span> <span class='ocrx_word' id='word_1_557' title='bbox 1820 1766 2021 1804; x_wconf 79' lang='lat' dir='ltr'>verborum</span> <span class='ocrx_word' id='word_1_558' title='bbox 2047 1768 2142 1802; x_wconf 88' lang='lat' dir='ltr'>stre-</span> 
     </span>
     <span class='ocr_line' id='line_1_72' title="bbox 1261 1820 2142 1875; baseline -0.002 -14"><span class='ocrx_word' id='word_1_559' title='bbox 1261 1824 1342 1875; x_wconf 86' lang='lat' dir='ltr'>pitu</span> <span class='ocrx_word' id='word_1_560' title='bbox 1356 1825 1577 1874; x_wconf 60' lang='lat' dir='ltr'>usurpatum</span> <span class='ocrx_word' id='word_1_561' title='bbox 1597 1822 1644 1861; x_wconf 88' lang='lat' dir='ltr'>cs.</span> <span class='ocrx_word' id='word_1_562' title='bbox 1658 1820 1814 1860; x_wconf 85' lang='lat' dir='ltr'>Petron.</span> <span class='ocrx_word' id='word_1_563' title='bbox 1830 1821 1897 1874; x_wconf 85' lang='lat' dir='ltr'>lp.</span> <span class='ocrx_word' id='word_1_564' title='bbox 1914 1827 1952 1862; x_wconf 84' lang='lat'>6.</span> <span class='ocrx_word' id='word_1_565' title='bbox 1967 1822 2031 1860; x_wconf 87' lang='lat' dir='ltr'>ubi</span> <span class='ocrx_word' id='word_1_566' title='bbox 2051 1822 2142 1860; x_wconf 87' lang='lat' dir='ltr'>item</span> 
     </span>
     <span class='ocr_line' id='line_1_73' title="bbox 1262 1877 2139 1931; baseline -0.003 -13"><span class='ocrx_word' id='word_1_567' title='bbox 1262 1880 1473 1919; x_wconf 69' lang='lat' dir='ltr'>verborum</span> <span class='ocrx_word' id='word_1_568' title='bbox 1487 1883 1643 1918; x_wconf 71' lang='lat' dir='ltr'>ttmzore</span> <span class='ocrx_word' id='word_1_569' title='bbox 1658 1893 1808 1918; x_wconf 87' lang='lat' dir='ltr'>mecum</span> <span class='ocrx_word' id='word_1_570' title='bbox 1823 1880 2003 1931; x_wconf 81' lang='lat' dir='ltr'>corrigas.</span> <span class='ocrx_word' id='word_1_571' title='bbox 2026 1877 2139 1929; x_wconf 82' lang='lat' dir='ltr'>Fulg.</span> 
     </span>
     <span class='ocr_line' id='line_1_74' title="bbox 1261 1934 2142 1988; baseline 0 -14"><span class='ocrx_word' id='word_1_572' title='bbox 1261 1935 1389 1988; x_wconf 84' lang='lat' dir='ltr'>Myth.</span> <span class='ocrx_word' id='word_1_573' title='bbox 1426 1934 1514 1974; x_wconf 89' lang='lat' dir='ltr'>Lib.</span> <span class='ocrx_word' id='word_1_574' title='bbox 1547 1934 1573 1974; x_wconf 88' lang='grc' dir='ltr'>Ι.</span> <span class='ocrx_word' id='word_1_575' title='bbox 1600 1935 1721 1988; x_wconf 80' lang='lat' dir='ltr'>praef.</span> <span class='ocrx_word' id='word_1_576' title='bbox 1761 1951 1798 1988; x_wconf 87' lang='lat' dir='ltr'>p.</span> <span class='ocrx_word' id='word_1_577' title='bbox 1827 1940 1920 1977; x_wconf 89' lang='lat'>608.</span> <span class='ocrx_word' id='word_1_578' title='bbox 1953 1936 2142 1975; x_wconf 70' lang='lat' dir='ltr'>verbosas</span> 
     </span>
     <span class='ocr_line' id='line_1_75' title="bbox 1258 1992 2140 2046; baseline -0.002 -14"><span class='ocrx_word' id='word_1_579' title='bbox 1258 1993 1430 2046; x_wconf 78' lang='lat' dir='ltr'>fabulas</span> <span class='ocrx_word' id='word_1_580' title='bbox 1451 1997 1631 2045; x_wconf 79' lang='lat' dir='ltr'>propter</span> <span class='ocrx_word' id='word_1_581' title='bbox 1656 1993 1914 2033; x_wconf 70' lang='lat' dir='ltr'>scholaribus</span> <span class='ocrx_word' id='word_1_582' title='bbox 1937 1992 2140 2032; x_wconf 72' lang='lat' dir='ltr'>rudimen-</span> 
     </span>
     <span class='ocr_line' id='line_1_76' title="bbox 1260 2049 2143 2100; baseline -0.003 -11"><span class='ocrx_word' id='word_1_583' title='bbox 1260 2052 1312 2089; x_wconf 75' lang='lat' dir='ltr'>tis</span> <span class='ocrx_word' id='word_1_584' title='bbox 1349 2049 1536 2089; x_wconf 73' lang='lat' dir='ltr'>tmm’das.</span> <span class='ocrx_word' id='word_1_585' title='bbox 1573 2050 1818 2100; x_wconf 75' lang='lat' dir='ltr'>Aptissimus</span> <span class='ocrx_word' id='word_1_586' title='bbox 1856 2054 1919 2088; x_wconf 68' lang='lat' dir='ltr'>est</span> <span class='ocrx_word' id='word_1_587' title='bbox 1945 2049 2048 2088; x_wconf 87' lang='lat' dir='ltr'>Gell.</span> <span class='ocrx_word' id='word_1_588' title='bbox 2087 2049 2143 2087; x_wconf 84' lang='lat' dir='ltr'>lo-&#39;</span> 
     </span>
     <span class='ocr_line' id='line_1_77' title="bbox 1260 2105 2141 2159; baseline -0.002 -13"><span class='ocrx_word' id='word_1_589' title='bbox 1260 2121 1329 2146; x_wconf 81' lang='lat' dir='ltr'>cus</span> <span class='ocrx_word' id='word_1_590' title='bbox 1360 2105 1387 2144; x_wconf 89' lang='grc' dir='ltr'>Ι.</span> <span class='ocrx_word' id='word_1_591' title='bbox 1419 2111 1480 2146; x_wconf 85' lang='grc'>15.</span> <span class='ocrx_word' id='word_1_592' title='bbox 1520 2108 1747 2159; x_wconf 66' lang='lat' dir='ltr'>importuni</span> <span class='ocrx_word' id='word_1_593' title='bbox 1784 2107 1988 2147; x_wconf 70' lang='lat' dir='ltr'>locutores</span> <span class='ocrx_word' id='word_1_594' title='bbox 2024 2106 2141 2145; x_wconf 70' lang='lat' dir='ltr'>mello</span> 
     </span>
     <span class='ocr_line' id='line_1_78' title="bbox 1259 2163 2141 2215; baseline -0.002 -12"><span class='ocrx_word' id='word_1_595' title='bbox 1259 2178 1391 2203; x_wconf 76' lang='lat' dir='ltr'>rernm</span> <span class='ocrx_word' id='word_1_596' title='bbox 1420 2163 1610 2215; x_wconf 78' lang='lat' dir='ltr'>pondere</span> <span class='ocrx_word' id='word_1_597' title='bbox 1641 2164 1778 2203; x_wconf 55' lang='lat' dir='ltr'>inuia-z·</span> <span class='ocrx_word' id='word_1_598' title='bbox 1810 2164 1938 2203; x_wconf 77' lang='lat' dir='ltr'>verln&#39;s</span> <span class='ocrx_word' id='word_1_599' title='bbox 1977 2163 2141 2203; x_wconf 73' lang='lat' dir='ltr'>tumidis</span> 
     </span>
     <span class='ocr_line' id='line_1_79' title="bbox 1260 2219 2143 2273; baseline -0.001 -14"><span class='ocrx_word' id='word_1_600' title='bbox 1260 2220 1329 2273; x_wconf 82' lang='lat' dir='ltr'>[ita</span> <span class='ocrx_word' id='word_1_601' title='bbox 1360 2235 1453 2259; x_wconf 87' lang='lat' dir='ltr'>corr.</span> <span class='ocrx_word' id='word_1_602' title='bbox 1486 2234 1555 2272; x_wconf 89' lang='lat' dir='ltr'>pro</span> <span class='ocrx_word' id='word_1_603' title='bbox 1587 2220 1782 2272; x_wconf 72' lang='lat' dir='ltr'>[tumidis]</span> <span class='ocrx_word' id='word_1_604' title='bbox 1816 2226 1855 2259; x_wconf 83' lang='lat' dir='ltr'>et</span> <span class='ocrx_word' id='word_1_605' title='bbox 1885 2219 2143 2273; x_wconf 73' lang='lat' dir='ltr'>lapsantibus</span> 
     </span>
     <span class='ocr_line' id='line_1_80' title="bbox 1259 2275 2140 2332; baseline -0.002 -16"><span class='ocrx_word' id='word_1_606' title='bbox 1259 2278 1465 2332; x_wconf 72' lang='lat' dir='ltr'>diffluunt.</span> <span class='ocrx_word' id='word_1_607' title='bbox 1498 2275 1604 2316; x_wconf 77' lang='lat' dir='ltr'>Esse</span> <span class='ocrx_word' id='word_1_608' title='bbox 1626 2291 1717 2315; x_wconf 86' lang='lat' dir='ltr'>vero</span> <span class='ocrx_word' id='word_1_609' title='bbox 1737 2277 1976 2330; x_wconf 82' lang='lat' dir='ltr'>epulantium</span> <span class='ocrx_word' id='word_1_610' title='bbox 1996 2281 2034 2314; x_wconf 87' lang='lat' dir='ltr'>et</span> <span class='ocrx_word' id='word_1_611' title='bbox 2052 2277 2140 2315; x_wconf 77' lang='lat' dir='ltr'>vino</span> 
     </span>
     <span class='ocr_line' id='line_1_81' title="bbox 1257 2333 2142 2385; baseline -0.003 -12"><span class='ocrx_word' id='word_1_612' title='bbox 1257 2334 1518 2379; x_wconf 72' lang='lat' dir='ltr'>madidmnm,</span> <span class='ocrx_word' id='word_1_613' title='bbox 1550 2339 1591 2372; x_wconf 85' lang='lat' dir='ltr'>ut</span> <span class='ocrx_word' id='word_1_614' title='bbox 1624 2333 1780 2373; x_wconf 78' lang='lat' dir='ltr'>dicaces</span> <span class='ocrx_word' id='word_1_615' title='bbox 1812 2334 1904 2373; x_wconf 86' lang='lat' dir='ltr'>fiant</span> <span class='ocrx_word' id='word_1_616' title='bbox 1928 2338 1967 2372; x_wconf 86' lang='lat' dir='ltr'>et</span> <span class='ocrx_word' id='word_1_617' title='bbox 1996 2347 2142 2385; x_wconf 82' lang='lat' dir='ltr'>pompa</span> 
     </span>
     <span class='ocr_line' id='line_1_82' title="bbox 1259 2389 2140 2437; baseline -0.001 -8"><span class='ocrx_word' id='word_1_618' title='bbox 1259 2392 1462 2429; x_wconf 74' lang='lat' dir='ltr'>verborum</span> <span class='ocrx_word' id='word_1_619' title='bbox 1485 2391 1701 2437; x_wconf 72' lang='lat' dir='ltr'>lasciviant.</span> <span class='ocrx_word' id='word_1_620' title='bbox 1728 2392 1969 2430; x_wconf 84' lang='lat' dir='ltr'>notissimum</span> <span class='ocrx_word' id='word_1_621' title='bbox 1992 2394 2064 2428; x_wconf 78' lang='lat' dir='ltr'>est.</span> <span class='ocrx_word' id='word_1_622' title='bbox 2091 2389 2140 2428; x_wconf 87' lang='lat' dir='ltr'>cs.</span> 
     </span>
     <span class='ocr_line' id='line_1_83' title="bbox 1259 2446 2140 2500; baseline -0.001 -13"><span class='ocrx_word' id='word_1_623' title='bbox 1259 2447 1441 2498; x_wconf 77' lang='lat' dir='ltr'>Bulleng.</span> <span class='ocrx_word' id='word_1_624' title='bbox 1469 2447 1519 2485; x_wconf 87' lang='lat' dir='ltr'>de</span> <span class='ocrx_word' id='word_1_625' title='bbox 1546 2447 1702 2487; x_wconf 71' lang='lat' dir='ltr'>Conviv.</span> <span class='ocrx_word' id='word_1_626' title='bbox 1728 2448 1875 2500; x_wconf 58' lang='lat' dir='ltr'>prolis.</span> <span class='ocrx_word' id='word_1_627' title='bbox 1909 2462 1970 2499; x_wconf 88' lang='lat' dir='ltr'>ap.</span> <span class='ocrx_word' id='word_1_628' title='bbox 1999 2446 2140 2486; x_wconf 76' lang='lat' dir='ltr'>Graev-</span> 
     </span>
     <span class='ocr_line' id='line_1_84' title="bbox 1261 2503 2140 2556; baseline 0 -14"><span class='ocrx_word' id='word_1_629' title='bbox 1261 2504 1383 2543; x_wconf 74' lang='lat' dir='ltr'>Thes.</span> <span class='ocrx_word' id='word_1_630' title='bbox 1415 2503 1500 2544; x_wconf 85' lang='lat' dir='ltr'>XII.</span> <span class='ocrx_word' id='word_1_631' title='bbox 1535 2519 1573 2556; x_wconf 88' lang='lat' dir='ltr'>p.</span> <span class='ocrx_word' id='word_1_632' title='bbox 1604 2509 1693 2545; x_wconf 82' lang='lat'>158.</span> <span class='ocrx_word' id='word_1_633' title='bbox 1727 2504 1862 2543; x_wconf 77' lang='lat' dir='ltr'>Munk.</span> <span class='ocrx_word' id='word_1_634' title='bbox 1895 2503 1945 2543; x_wconf 86' lang='lat' dir='ltr'>ad</span> <span class='ocrx_word' id='word_1_635' title='bbox 1970 2503 2063 2543; x_wconf 81' lang='lat' dir='ltr'>Alb.</span> <span class='ocrx_word' id='word_1_636' title='bbox 2090 2503 2140 2542; x_wconf 86' lang='lat' dir='ltr'>de</span> 
     </span>
     <span class='ocr_line' id='line_1_85' title="bbox 1259 2561 2140 2614; baseline -0.002 -14"><span class='ocrx_word' id='word_1_637' title='bbox 1259 2561 1379 2613; x_wconf 76' lang='lat' dir='ltr'>Imag.</span> <span class='ocrx_word' id='word_1_638' title='bbox 1410 2565 1471 2601; x_wconf 86' lang='grc'>19.</span> <span class='ocrx_word' id='word_1_639' title='bbox 1498 2576 1535 2614; x_wconf 88' lang='lat' dir='ltr'>p.</span> <span class='ocrx_word' id='word_1_640' title='bbox 1558 2565 1650 2603; x_wconf 81' lang='grc'><strong>926.</strong></span> <span class='ocrx_word' id='word_1_641' title='bbox 1679 2562 1788 2600; x_wconf 75' lang='lat' dir='ltr'>Stav.</span> <span class='ocrx_word' id='word_1_642' title='bbox 1821 2561 1988 2600; x_wconf 73' lang='lat' dir='ltr'>timidus</span> <span class='ocrx_word' id='word_1_643' title='bbox 2018 2564 2056 2598; x_wconf 85' lang='lat' dir='ltr'>et</span> <span class='ocrx_word' id='word_1_644' title='bbox 2081 2565 2140 2599; x_wconf 76' lang='lat' dir='ltr'>tn·</span> 
     </span>
     <span class='ocr_line' id='line_1_86' title="bbox 1260 2616 2138 2671; baseline -0.002 -13"><span class='ocrx_word' id='word_1_645' title='bbox 1260 2620 1392 2658; x_wconf 72' lang='lat' dir='ltr'>midas</span> <span class='ocrx_word' id='word_1_646' title='bbox 1416 2620 1653 2671; x_wconf 78' lang='lat' dir='ltr'>saepissime</span> <span class='ocrx_word' id='word_1_647' title='bbox 1680 2618 1980 2665; x_wconf 80' lang='lat' dir='ltr'>confunduntur3</span> <span class='ocrx_word' id='word_1_648' title='bbox 2006 2617 2053 2656; x_wconf 84' lang='lat' dir='ltr'>cs.</span> <span class='ocrx_word' id='word_1_649' title='bbox 2069 2616 2138 2656; x_wconf 86' lang='lat' dir='ltr'>Dr.</span> 
     </span>
     <span class='ocr_line' id='line_1_87' title="bbox 1259 2673 2137 2731; baseline -0.002 -17"><span class='ocrx_word' id='word_1_650' title='bbox 1259 2675 1308 2714; x_wconf 84' lang='lat' dir='ltr'>ad</span> <span class='ocrx_word' id='word_1_651' title='bbox 1347 2675 1417 2714; x_wconf 91' lang='lat' dir='ltr'>Sil.</span> <span class='ocrx_word' id='word_1_652' title='bbox 1449 2673 1493 2714; x_wconf 89' lang='lat' dir='ltr'>II.</span> <span class='ocrx_word' id='word_1_653' title='bbox 1532 2678 1625 2716; x_wconf 81' lang='lat'>626.</span> <span class='ocrx_word' id='word_1_654' title='bbox 1657 2675 1708 2714; x_wconf 89' lang='lat' dir='ltr'>ad</span> <span class='ocrx_word' id='word_1_655' title='bbox 1738 2674 1824 2714; x_wconf 81' lang='lat' dir='ltr'>Liv.</span> <span class='ocrx_word' id='word_1_656' title='bbox 1857 2673 1902 2714; x_wconf 88' lang='lat' dir='ltr'>II.</span> <span class='ocrx_word' id='word_1_657' title='bbox 1937 2677 2002 2714; x_wconf 81' lang='lat'>52.</span> <span class='ocrx_word' id='word_1_658' title='bbox 2036 2674 2066 2731; x_wconf 65' lang='grc' dir='ltr'>ξ.</span> <span class='ocrx_word' id='word_1_659' title='bbox 2102 2678 2137 2715; x_wconf 88' lang='grc'>1.</span> 
     </span>
     <span class='ocr_line' id='line_1_88' title="bbox 1258 2730 1668 2785; baseline 0.002 -14"><span class='ocrx_word' id='word_1_660' title='bbox 1258 2730 1364 2771; x_wconf 91' lang='lat' dir='ltr'>Trill.</span> <span class='ocrx_word' id='word_1_661' title='bbox 1390 2731 1533 2771; x_wconf 83' lang='lat' dir='ltr'>Obser.</span> <span class='ocrx_word' id='word_1_662' title='bbox 1559 2730 1586 2771; x_wconf 87' lang='lat' dir='ltr'>I.</span> <span class='ocrx_word' id='word_1_663' title='bbox 1616 2732 1668 2785; x_wconf 87' lang='grc'>1.]</span> 
     </span>
    </p>

    <p class='ocr_par' dir='ltr' id='par_1_9' title="bbox 1254 2785 2137 3180">
     <span class='ocr_line' id='line_1_89' title="bbox 1313 2785 2137 2841; baseline -0.004 -13"><span class='ocrx_word' id='word_1_664' title='bbox 1313 2789 1551 2841; x_wconf 77' lang='lat' dir='ltr'>suspiritmn</span> <span class='ocrx_word' id='word_1_665' title='bbox 1582 2802 1631 2827; x_wconf 83' lang='lat' dir='ltr'>ex</span> <span class='ocrx_word' id='word_1_666' title='bbox 1661 2788 1848 2827; x_wconf 84' lang='lat' dir='ltr'>Florentt.</span> <span class='ocrx_word' id='word_1_667' title='bbox 1881 2801 1912 2827; x_wconf 91' lang='lat' dir='ltr'>c.</span> <span class='ocrx_word' id='word_1_668' title='bbox 1944 2785 2048 2827; x_wconf 87' lang='lat' dir='ltr'>Oud.</span> <span class='ocrx_word' id='word_1_669' title='bbox 2080 2801 2137 2826; x_wconf 85' lang='lat' dir='ltr'>re-</span> 
     </span>
     <span class='ocr_line' id='line_1_90' title="bbox 1256 2842 2136 2898; baseline -0.002 -14"><span class='ocrx_word' id='word_1_670' title='bbox 1256 2847 1360 2898; x_wconf 85' lang='lat' dir='ltr'>cepi3</span> <span class='ocrx_word' id='word_1_671' title='bbox 1387 2845 1435 2884; x_wconf 81' lang='lat' dir='ltr'>cf.</span> <span class='ocrx_word' id='word_1_672' title='bbox 1463 2845 1585 2884; x_wconf 86' lang='lat' dir='ltr'>Gron.</span> <span class='ocrx_word' id='word_1_673' title='bbox 1613 2849 1652 2884; x_wconf 88' lang='lat' dir='ltr'>et</span> <span class='ocrx_word' id='word_1_674' title='bbox 1675 2844 1794 2884; x_wconf 83' lang='lat' dir='ltr'>Drak.</span> <span class='ocrx_word' id='word_1_675' title='bbox 1822 2845 1871 2883; x_wconf 76' lang='lat' dir='ltr'>acl</span> <span class='ocrx_word' id='word_1_676' title='bbox 1889 2843 1975 2883; x_wconf 89' lang='lat' dir='ltr'>Liv.</span> <span class='ocrx_word' id='word_1_677' title='bbox 2001 2842 2136 2882; x_wconf 87' lang='lat' dir='ltr'>XXX.</span> 
     </span>
     <span class='ocr_line' id='line_1_91' title="bbox 1255 2901 2137 2955; baseline -0.001 -14"><span class='ocrx_word' id='word_1_678' title='bbox 1255 2918 1288 2942; x_wconf 88' lang='lat' dir='ltr'>c.</span> <span class='ocrx_word' id='word_1_679' title='bbox 1317 2906 1377 2943; x_wconf 89' lang='lat'>15.</span> <span class='ocrx_word' id='word_1_680' title='bbox 1414 2901 1510 2955; x_wconf 83' lang='lat' dir='ltr'>[Per</span> <span class='ocrx_word' id='word_1_681' title='bbox 1541 2916 1586 2940; x_wconf 85' lang='lat' dir='ltr'>se</span> <span class='ocrx_word' id='word_1_682' title='bbox 1620 2903 1716 2940; x_wconf 88' lang='lat' dir='ltr'>enim</span> <span class='ocrx_word' id='word_1_683' title='bbox 1744 2902 1964 2953; x_wconf 70' lang='lat' dir='ltr'>suspirium</span> <span class='ocrx_word' id='word_1_684' title='bbox 1995 2904 2034 2939; x_wconf 83' lang='lat' dir='ltr'>et</span> <span class='ocrx_word' id='word_1_685' title='bbox 2058 2915 2137 2940; x_wconf 82' lang='lat' dir='ltr'>sus-</span> 
     </span>
     <span class='ocr_line' id='line_1_92' title="bbox 1254 2956 2136 3011; baseline -0.001 -13"><span class='ocrx_word' id='word_1_686' title='bbox 1254 2960 1406 3011; x_wconf 76' lang='lat' dir='ltr'>piritus</span> <span class='ocrx_word' id='word_1_687' title='bbox 1426 2960 1653 3011; x_wconf 58' lang='lat' dir='ltr'>probantum</span> <span class='ocrx_word' id='word_1_688' title='bbox 1667 2958 1714 2997; x_wconf 84' lang='lat' dir='ltr'>cs.</span> <span class='ocrx_word' id='word_1_689' title='bbox 1730 2957 1845 2996; x_wconf 84' lang='lat' dir='ltr'>Ovid.</span> <span class='ocrx_word' id='word_1_690' title='bbox 1860 2957 1958 2997; x_wconf 87' lang='lat' dir='ltr'>Met.</span> <span class='ocrx_word' id='word_1_691' title='bbox 1972 2956 2022 2996; x_wconf 92' lang='lat' dir='ltr'>X.</span> <span class='ocrx_word' id='word_1_692' title='bbox 2040 2961 2136 2999; x_wconf 83' lang='lat'>402.</span> 
     </span>
     <span class='ocr_line' id='line_1_93' title="bbox 1256 3013 2135 3067; baseline -0.002 -13"><span class='ocrx_word' id='word_1_693' title='bbox 1256 3017 1436 3067; x_wconf 73' lang='lat' dir='ltr'>suspiria</span> <span class='ocrx_word' id='word_1_694' title='bbox 1462 3016 1588 3055; x_wconf 70' lang='lat' dir='ltr'>duxlt</span> <span class='ocrx_word' id='word_1_695' title='bbox 1611 3015 1662 3054; x_wconf 82' lang='lat' dir='ltr'>ab</span> <span class='ocrx_word' id='word_1_696' title='bbox 1689 3016 1768 3053; x_wconf 79' lang='lat' dir='ltr'>imo</span> <span class='ocrx_word' id='word_1_697' title='bbox 1789 3019 1973 3067; x_wconf 78' lang='lat' dir='ltr'>pectore.</span> <span class='ocrx_word' id='word_1_698' title='bbox 2020 3013 2060 3052; x_wconf 89' lang='lat' dir='ltr'>ln</span> <span class='ocrx_word' id='word_1_699' title='bbox 2086 3027 2135 3052; x_wconf 87' lang='lat' dir='ltr'>eo</span> 
     </span>
     <span class='ocr_line' id='line_1_94' title="bbox 1256 3069 2135 3125; baseline 0 -15"><span class='ocrx_word' id='word_1_700' title='bbox 1256 3076 1384 3110; x_wconf 81' lang='lat' dir='ltr'>tamen</span> <span class='ocrx_word' id='word_1_701' title='bbox 1406 3085 1591 3125; x_wconf 75' lang='lat' dir='ltr'>perverse</span> <span class='ocrx_word' id='word_1_702' title='bbox 1605 3071 1707 3110; x_wconf 87' lang='lat' dir='ltr'>Oud.</span> <span class='ocrx_word' id='word_1_703' title='bbox 1735 3072 1827 3122; x_wconf 76' lang='lat' dir='ltr'>agit,</span> <span class='ocrx_word' id='word_1_704' title='bbox 1853 3070 1959 3122; x_wconf 87' lang='lat' dir='ltr'>quod</span> <span class='ocrx_word' id='word_1_705' title='bbox 1973 3070 2070 3110; x_wconf 84' lang='lat' dir='ltr'>Met.</span> <span class='ocrx_word' id='word_1_706' title='bbox 2085 3069 2135 3110; x_wconf 90' lang='lat' dir='ltr'>V.</span> 
     </span>
     <span class='ocr_line' id='line_1_95' title="bbox 1256 3127 2135 3180; baseline 0.001 -15"><span class='ocrx_word' id='word_1_707' title='bbox 1256 3142 1293 3180; x_wconf 85' lang='lat' dir='ltr'>p.</span> <span class='ocrx_word' id='word_1_708' title='bbox 1322 3132 1415 3169; x_wconf 87' lang='lat'>367.</span> <span class='ocrx_word' id='word_1_709' title='bbox 1448 3133 1486 3168; x_wconf 89' lang='lat' dir='ltr'>et</span> <span class='ocrx_word' id='word_1_710' title='bbox 1509 3127 1611 3166; x_wconf 70' lang='lat' dir='ltr'>wll.</span> <span class='ocrx_word' id='word_1_711' title='bbox 1642 3142 1680 3180; x_wconf 87' lang='lat' dir='ltr'>p.</span> <span class='ocrx_word' id='word_1_712' title='bbox 1708 3128 1800 3169; x_wconf 77' lang='lat'>547.</span> <span class='ocrx_word' id='word_1_713' title='bbox 1826 3129 2043 3180; x_wconf 76' lang='lat' dir='ltr'>suspiritus</span> <span class='ocrx_word' id='word_1_714' title='bbox 2069 3127 2135 3166; x_wconf 92' lang='lat' dir='ltr'>ob-</span> 
     </span>
    </p>
   </div>
  </div>
 </body>
</html>
