2221 3667
327 163 435 204 1020
576 161 621 200 L.

651 159 866 199 APL'LEH
897 158 1298 197 MADACRENSIS
1328 158 1869 199 METAMORPHOSEON

321 288 430 313 ceres
461 273 517 312 illi
549 271 612 325 qui
647 271 809 311 candido
840 269 1067 309 linteamine
1100 269 1267 309 cinctum
1294 269 1528 323 pectoralem
1555 269 1726 332 adusque
1750 271 1918 325 vestigia
1942 271 2107 313 strictim

230 334 294 366 774
320 329 449 369 iniecti
470 327 476 384 Ι
498 327 855 382 potentissimorum
883 326 993 365 deum
1025 325 1278 380 proterebant
1309 326 1476 379 insignis
1508 325 1691 366 exuvias.

318 456 374 483 illo
390 457 423 485 F.
439 458 468 485 3.
493 458 529 484 In
543 459 615 484 ceu.
630 454 690 482 r'llr'.

317 510 399 530 sum.
423 503 472 530 lla
486 502 570 529 enim
584 501 731 529 voluisse
744 502 839 536 Oud.,
866 509 907 529 ex
920 499 1186 528 adnotationibus
1205 507 1268 528 non
1289 503 1434 534 apparet.

1753 303 1929 379 Quoroum
1959 329 2106 383 primus

738 455 882 493 quiante
896 453 1038 483 candido
1051 454 1082 482 in
1097 453 1238 483 editione
1251 455 1329 483 Oud.
1344 462 1406 482 non
1421 457 1594 492 comparet,
1613 455 1786 484 Ruhnken.
1798 454 1996 491 negligentia
2011 456 2109 485 omis-

1482 498 1661 527 lnciann'ne
1678 507 1715 528 π.
1757 498 1966 536 pectoralem
1978 501 2014 529 F.
2029 502 2059 529 3.
2072 504 2109 530 G.

317 549 352 575 Ο.
370 548 407 575 D.
423 548 456 575 P.
473 555 501 581 p.
518 546 539 574 f.
553 543 582 575 δ.
597 547 644 574 ed.
661 546 1051 581 pr.vicen1.Venet.2.4.
1066 547 1149 573 lunt.
1166 545 1193 572 1.
1208 546 1238 573 2.
1252 545 1327 572 Am.
1343 544 1444 573 Colin.
1460 546 1536 573 Bas.
1552 546 1581 573 1.
1605 546 1641 573 In
1655 543 1922 580 cempeccnrale.
1958 543 2109 574 aduse‘D.

318 591 426 619 cestra
439 589 467 620 δ.
515 592 638 619 inlecti
656 593 692 621 P.
712 593 765 626 0.,
791 593 870 625 quod
891 592 969 619 Oud.
992 590 1113 624 placuit
1135 594 1163 617 et
1184 591 1223 617 ab
1238 590 1367 617 Ruhnk.
1388 590 1420 617 in
1441 593 1563 618 textum
1582 594 1744 624 receptum
1760 593 1819 619 est.

1866 588 1990 617 domim*
2002 591 2050 619 ed.
2064 598 2111 624 pr.

317 637 442 665 Vicent.
459 638 568 665 Vener.
582 638 613 664 2.
629 639 658 666 4.
673 637 778 665 Paris.
796 637 895 664 Basil.
911 636 1008 663 solita
1024 635 1237 663 aberratione.
1282 634 1534 670 potissimorum
1549 635 1584 663 Ο.
1605 633 2003 672 praeferebantB.P.L.‚
2029 636 2111 669 quod

316 683 393 710 Oud.
409 683 526 716 volum
551 685 585 710 at
604 683 732 711 Ruhnk.
755 690 817 709 non
838 684 1012 709 obsecutus
1031 684 1089 708 est.
1123 678 1323 718 proferebat
1339 676 1367 707 δ.
1414 679 1555 716 insignis
1572 681 1608 709 F.
1628 681 1658 709 3.
1678 680 1699 709 f.
1715 678 1743 708 δ.
1758 681 1826 709 edd.
1842 684 1918 710 ven.

315 729 350 756 F.
367 729 395 755 3.
427 726 589 755 excubias
604 729 639 756 G.
656 728 690 756 P.
705 729 742 756 D.
759 727 780 755 s.
795 723 823 754 δ’.
839 728 874 755 1..

368 851 563 890 proceres
588 837 663 876 illi.
715 836 814 874 Post
846 850 1072 881 sacrorum,
1110 849 1183 873 non

317 896 515 933 antitistes
533 893 730 931 intercisio
745 892 924 944 ponenda
946 898 1017 930 est.
1046 894 1184 931 Sacro-

317 964 397 988 rum
424 951 522 987 enim
556 950 750 988 antistites
783 954 821 987 et
845 948 1051 1000 praesules
1078 952 1185 987 erant

319 1006 498 1045 Corinthii
523 1020 706 1058 proceres
732 1011 771 1045 et
802 1006 1070 1055 magistratus,
1109 1019 1182 1043 non

316 1064 499 1114 vulgares
525 1067 563 1101 et
588 1077 610 1101 e
634 1063 752 1114 plebe
784 1062 981 1107 homines,
1013 1066 1053 1100 ut
1085 1063 1186 1100 bene

316 1120 583 1158 animadvertit
624 1118 743 1166 Pric.‚
793 1119 967 1157 excitans
1010 1119 1184 1157 Macrol).

318 1178 470 1215 Saturn.
486 1176 513 1214 I.
529 1180 593 1217 23.
622 1177 778 1216 vehitur
792 1177 859 1215 dei
876 1175 1184 1227 lleliopolitani

316 1233 575 1273 simulacrum
597 1233 820 1284 ferculo...
847 1237 884 1271 el
908 1232 1075 1272 subeunt
1097 1232 1183 1283 ple-

320 1304 488 1342 ramque
508 1291 750 1341 prot-inciae
770 1303 976 1341 proceres,
1001 1302 1096 1327 raso
1122 1303 1186 1327 ca-

313 1348 418 1398 stile,
447 1347 564 1397 lonnqi
584 1347 776 1397 temporis
795 1346 1033 1385 castimonia
1055 1345 1184 1396 petri]

373 1402 556 1441 candido
583 1402 820 1441 linteamine.
872 1401 1105 1453 [Candidas
1121 1415 1185 1438 ve-

316 1462 400 1497 stes
431 1463 616 1509 gestasse
647 1459 928 1510 Aegyptiorum
954 1457 1184 1496 sacerdotes

317 1520 356 1553 et
386 1529 582 1554 sacrorum
618 1515 814 1553 ministros
847 1515 1088 1552 notissimum
1120 1518 1182 1551 est

317 1572 363 1610 cf.
391 1586 426 1624 p.
453 1576 545 1612 772.
574 1576 673 1611 reste
697 1573 848 1610 nivea.
874 1585 910 1622 p.
926 1575 1019 1611 770.
1045 1571 1181 1610 medle-

315 1642 379 1667 res
409 1629 596 1667 candid
606 1643 628 1665 o
659 1628 916 1680 splendentes
952 1628 1180 1666 amicimine

318 1684 363 1722 cf.
381 1685 567 1723 Schmidt.
589 1685 611 1723 l.
627 1699 659 1723 c.
674 1698 711 1735 p.
727 1688 793 1725 30.
819 1682 1103 1722 Tantummodo
1117 1684 1181 1721 tri-

317 1742 499 1780 stioribus
520 1741 658 1779 dicbus
680 1742 809 1791 nigras
831 1744 964 1777 vestes
985 1741 1183 1785 gerebant,

319 1798 419 1836 unde
454 1794 721 1848 μελανοφόροι.
776 1796 823 1835 cf.
864 1796 1053 1834 Schmidt.
1093 1796 1115 1834 l.
1154 1810 1185 1835 c.

318 1869 352 1906 p.
380 1859 472 1895 208.
500 1853 638 1905 Cuper.
654 1853 840 1904 Harpocr.
862 1853 896 1891 in
912 1851 1048 1891 Polen.
1065 1851 1187 1892 Thes.

317 1910 360 1949 Τ.
388 1910 432 1949 ll.
460 1925 496 1961 p.
528 1911 635 1963 193]

356 1970 530 2008 cinctum
543 1967 795 2018 pectoralem
825 1966 866 2004 Si
878 1966 964 2017 quis
972 1967 1187 2018 pectorale

316 2039 401 2063 cum
416 2025 607 2062 nonnullis
622 2024 733 2061 codd.
750 2024 943 2074 probaret,
959 2023 1050 2060 exh.
1063 2023 1083 2061 l.
1100 2037 1186 2061 con-

315 2081 462 2118 firmare
476 2086 626 2132 posset.
654 2082 829 2119 cinctum
842 2080 877 2117 in
893 2084 1025 2117 neutro
1043 2093 1185 2130 genere

316 2139 364 2176 ab
391 2138 543 2175 idoneis
569 2137 792 2176 auctoribus
823 2140 1048 2187 usurpatum
1077 2150 1184 2181 csse,

316 2199 356 2232 ut
392 2196 427 2232 in
462 2194 596 2232 Gloss.
648 2192 820 2246 [Philox.
854 2206 888 2243 p.
917 2197 980 2232 38.
1009 2194 1184 2232 cim-tam

316 2252 458 2300 ζῶσμα,
513 2250 643 2301 (Tyrill.
671 2265 708 2302 p.
736 2253 827 2289 484.
855 2250 958 2299 {court
996 2251 1183 2288 cinctum.

315 2306 348 2345 E
375 2308 560 2345 contrario
588 2306 721 2345 (ilos-s.
749 2306 890 2343 liabent
917 2319 951 2356 p.
975 2309 1068 2345 349.
1097 2308 1183 2343 ein—

316 2370 403 2404 ctns
440 2361 533 2414 ζώνη
571 2368 609 2401 ct
645 2362 809 2401 wlcan.
850 2376 882 2412 p.
916 2366 980 2402 24.
1026 2363 1183 2401 cim-tus

316 2423 473 2460 cinctus
496 2418 684 2469 διάζωμα.
711 2418 814 2469 quod
838 2418 934 2456 l'ric.
956 2420 989 2455 in
1018 2420 1185 2458 cinctus:

316 2493 378 2518 um
397 2491 411 2514 x
424 2477 459 2514 el
474 2477 558 2514 vice
573 2490 686 2514 versa
703 2476 895 2524 corrigere
914 2489 986 2512 non
1002 2475 1186 2514 debebat.

314 2534 507 2584 Equidem
527 2537 657 2571 contra
679 2532 782 2571 Oud.
803 2533 1034 2569 sententiam
1055 2533 1117 2582 qui
1138 2533 1187 2570 ad

316 2589 565 2629 FrontinJV.
591 2595 624 2629 1.
645 2593 708 2629 26.
739 2589 788 2627 de
813 2589 1078 2626 terminatione
1105 2590 1184 2627 ein-

315 2646 881 2692 ctum,cim-tiduhitabat.eam
897 2645 1017 2695 probo
1035 2658 1082 2682 ex
1098 2658 1184 2683 ana-

316 2704 419 2754 logia
432 2703 636 2741 verborum
648 2703 931 2754 praecinctum
947 2701 1079 2739 Gloss.
1093 2701 1179 2752 syr.

313 2763 408 2801 426.
433 2757 630 2810 dtskssomna
658 2759 937 2811 praecinctum
964 2762 1003 2795 et
1032 2759 1186 2797 succin-

315 2822 420 2856 ctum
446 2813 627 2866 ὑπόζωμιι
649 2816 683 2853 in
708 2815 842 2853 Gloss.
865 2814 1018 2852 Philox.
1037 2828 1074 2865 p.
1092 2818 1184 2854 206.

316 2878 354 2911 et
375 2872 505 2924 Cyrill.
526 2887 561 2924 p.
584 2877 696 2917 647..
723 2885 790 2922 pro
818 2872 956 2922 quilius
984 2871 1184 2909 vocabulis

316 2931 379 2967 alii
412 2930 557 2968 hahent
583 2930 865 2980 praecinctus,
897 2942 942 2966 us
967 2932 1006 2965 et
1029 2931 1184 2967 suec-'Tn-

315 2988 498 3026 ctorium.
525 2985 582 3024 Ita
607 2987 641 3023 in
669 2985 803 3024 Gloss.
835 2984 988 3023 Philox.
1020 2998 1056 3035 p.
1091 2989 1184 3025 576.

316 3043 506 3093 περίζωμα
538 3044 730 3087 cinctum,
766 3042 947 3081 lumbare
978 3043 1063 3092 (pro
1091 3041 1184 3080 lom·

317 3100 411 3137 bore
459 3098 507 3138 cs.
544 3098 770 3149 Hieronym.
810 3098 844 3136 in
881 3097 1016 3136 ierem.
1052 3102 1113 3138 13.
1149 3103 1183 3137 1.

318 3156 557 3193 (ductorium
582 3156 661 3193 sice
681 3155 861 3194 lumbare
888 3154 1002 3206 qnod
1020 3154 1183 3194 renibus

1965 679 2112 709 exubiae

1245 837 1434 887 iunffltur
1473 837 1557 883 (ubi
1582 836 1747 875 emendo
1775 837 1990 889 cinyitttr.)
2027 851 2111 877 ren-

1243 892 1358 931 trale.
1406 890 1542 930 Utrum
1565 906 1658 931 vero
1688 892 1862 932 Frontin.
1886 892 1954 932 lV.
1984 899 2017 934 1.
2043 898 2108 937 26.

1244 950 1408 987 cincto
1429 954 1552 1002 toyae
1561 950 1752 1001 praeciso
1767 949 2032 988 vindicandum
2045 952 2110 996 sit,

1243 1019 1316 1043 non
1344 1005 1469 1043 audeo
1494 1020 1564 1057 pro
1590 1009 1695 1044 certo
1720 1005 1921 1045 affirmare.
1991 1006 2112 1058 Apud

1245 1061 1391 1101 Albi-ic.
1422 1062 1472 1099 de
1504 1061 1623 1113 lmag.
1649 1076 1681 1101 c.
1702 1066 1738 1103 8.
1763 1066 1869 1100 totus
1895 1061 2006 1102 locus
2032 1077 2111 1102 cor·

1244 1123 1378 1169 ruptus
1409 1123 1470 1156 est
1494 1115 1654 1158 forsitan
1678 1119 1732 1158 ita
1760 1118 2043 1158 emendandus:
2075 1126 2114 1160 et

1241 1175 1392 1227 (fludio
1430 1176 1661 1220 accinctae,
1698 1177 1813 1215 cuius
1850 1180 1979 1228 caput
2012 1177 2113 1217 vitta

1245 1233 1420 1271 cinctam
1445 1237 1544 1276 erat,
1570 1231 1618 1270 cf.
1642 1231 1739 1271 Met.
1766 1245 1802 1283 p.
1825 1236 1918 1272 738.
1942 1237 1982 1272 et
2005 1233 2110 1272 olea-

1244 1289 1368 1340 yitaeea
1407 1302 1562 1327 corona
1598 1288 1811 1341 teyebatur
1846 1289 1938 1340 ipsa
1975 1294 2110 1341 caput.

1250 1345 1413 1383 Cincius
1426 1345 1664 1396 praece-teris
1673 1344 1884 1384 Claudiano
1898 1345 1934 1383 in
1948 1358 2022 1384 usu
2035 1349 2112 1385 est.

1249 1401 1416 1440 Cincius
1436 1400 1497 1439 hic
1519 1405 1581 1440 est
1593 1400 1878 1452 subligaculum
1897 1402 2113 1441 succincto-

1244 1458 1348 1496 rium.
1366 1456 1450 1495 Hae
1464 1458 1564 1496 enim
1575 1462 1709 1496 vestes
1723 1457 1839 1508 paulo
1854 1470 1972 1509 super
1985 1459 2112 1510 pedes

1239 1515 1472 1559 succinctae,
1498 1514 1586 1552 inde
1601 1514 1648 1552 ad
1664 1514 1789 1565 pedes
1804 1513 2113 1561 descendebant,

1240 1571 1389 1621 corpori
1414 1572 1547 1609 stricte
1561 1570 1820 1609 adhaerentes
1846 1569 2048 1610 efiMontf.
2064 1571 2109 1611 ll.

1244 1630 1333 1667 116.
1364 1632 1396 1666 ⁴l.
1428 1631 1517 1668 125.
1545 1626 1656 1678 Cayl.
1670 1626 1697 1667 1.
1711 1631 1748 1667 8.
1763 1630 1801 1668 2.
1828 1626 2015 1667 Schmidt.
2040 1629 2111 1668 Le.

1239 1697 1275 1734 p.
1305 1683 1395 1735 34]

1301 1741 1451 1778 iniecti.
1490 1739 1636 1779 Iniecti
1661 1737 1762 1778 Oud.
1788 1739 1997 1792 improbat,
2023 1743 2108 1794 quia

1244 1801 1364 1834 restes
1389 1795 1563 1835 dicantur
1587 1797 1775 1843 iniectae,
1800 1810 1950 1848 easque
1975 1800 2115 1839 iniecti

1245 1853 1444 1898 homines,
1483 1853 1638 1904 quando
1670 1858 1818 1891 temere
1842 1854 1920 1892 sint
1943 1855 2112 1901 indutae,

1245 1909 1540 1961 dissolutaeque
1575 1909 1711 1955 fluant,
1752 1923 1827 1948 non
1872 1923 1964 1949 vero
2011 1925 2113 1962 quae

1245 1966 1368 2004 cinctu
1393 1967 1543 2006 vinctae
1557 1971 1596 2005 et
1608 1967 1792 2005 (lecenter
1804 1967 1882 2006 sint
1894 1968 2112 2007 adstrictae.

1243 2022 1330 2061 Nec
1356 2023 1531 2069 obstare,
1558 2023 1661 2074 quod
1685 2036 1810 2074 saepe
1827 2023 1940 2063 Isiaci
1961 2028 2000 2062 et
2012 2025 2113 2064 deae

1245 2080 1386 2130 Syriae
1423 2094 1469 2119 ac
1508 2078 1681 2131 Cybeles
1717 2080 1878 2119 ministri
1914 2086 2113 2121 occurrant

1245 2137 1420 2174 vestibus
1435 2138 1594 2184 iniectig
1608 2150 1767 2188 gregem
1781 2138 1883 2176 enim
1896 2138 1974 2176 illis
1989 2140 2110 2178 sacris

1243 2193 1428 2231 initiatum
1466 2193 1567 2231 indui
1599 2194 1755 2245 quidem
1779 2194 1883 2233 fluxa
1907 2198 2036 2241 veste,
2073 2199 2113 2234 at

1243 2250 1473 2287 sacerdotes
1494 2251 1695 2300 primarios
1716 2251 1869 2303 plenius
1894 2265 1940 2290 ac
1965 2255 2022 2290 ter
2046 2252 2112 2290 ini-

1243 2307 1360 2344 tiatos
1385 2311 1497 2344 veste
1522 2306 1674 2357 cingulo
1701 2307 1884 2346 adstricta
1910 2308 2031 2346 fuisse
2055 2310 2112 2346 in·-

1242 2363 1369 2401 duros.
1411 2363 1509 2401 Hinc
1533 2364 1674 2414 probat
1698 2365 1926 2416 scripturam
1952 2365 2113 2404 aliorum

1246 2420 1358 2458 codd.
1390 2420 1543 2459 intecti.
1593 2419 1665 2472 [At
1695 2421 1868 2472 improbo
1895 2421 2112 2469 discrimen,

1247 2476 1350 2526 quod
1377 2477 1472 2514 inter
1502 2477 1692 2516 iniectum
1718 2481 1757 2515 et
1787 2479 1977 2517 intectum
2006 2480 2113 2529 ponit

1246 2532 1366 2577 Oud.,
1392 2547 1507 2583 quum
1533 2534 1699 2573 iniicere
1719 2534 1808 2572 nihil
1835 2534 1938 2572 aliud
1964 2536 2015 2573 sit
2039 2535 2112 2573 nisi

1245 2590 1468 2640 imponere.
1501 2589 1550 2627 (le
1566 2594 1676 2627 veste
1691 2590 1850 2635 dictum,
1878 2604 1978 2640 quae
1991 2605 2110 2642 super

1246 2658 1386 2696 corpus
1419 2647 1568 2691 iacitur,
1601 2647 1717 2697 idque
1743 2648 1930 2696 contegit,
1963 2649 2110 2685 ratione

1246 2716 1319 2740 non
1354 2702 1500 2748 habita,
1531 2708 1654 2741 utrum
1686 2702 1787 2740 fluxa
1811 2703 1862 2740 sit
1887 2717 1933 2741 an
1965 2705 2110 2743 stricta.

1245 2758 1411 2804 Quoties
1438 2764 1638 2809 utrumque
1666 2759 1904 2811 participium
1937 2761 1970 2797 in
1998 2761 2110 2800 codd.

1244 2815 1497 2854 confundatur
1527 2820 1656 2854 notum
1689 2820 1766 2863 est3
1815 2816 1902 2852 vide
1933 2815 1982 2854 ad
2013 2816 2109 2855 Met.

1244 2871 1288 2909 ll.
1315 2886 1350 2922 p.
1381 2875 1483 2917 159„
1521 2873 1584 2910 ubi
1623 2873 1754 2911 linteis
1791 2873 1977 2911 amiculis
2013 2874 2110 2912 iule-

1244 2933 1349 2967 ctwn
1380 2929 1527 2968 retinui.
1575 2928 1696 2966 Porro
1728 2932 1767 2966 ut
1798 2928 1872 2965 hoc
1904 2928 2109 2968 discrimen

1243 2998 1372 3022 verum
1399 2986 1462 3031 sit,
1490 2986 1628 3024 iniecti
1651 2999 1699 3022 ne
1725 2984 1786 3022 hic
1810 2984 1944 3034 capias
1970 2985 2019 3023 de
2043 2999 2108 3024 ve-

1242 3045 1304 3079 ste
1341 3040 1443 3080 lluxa
1472 3056 1518 3080 ac
1548 3041 1758 3085 dissoluta,
1795 3044 1906 3078 cavet
1943 3043 2107 3082 vocabu-

1244 3098 1320 3135 lum
1346 3099 1534 3144 sirt'ctim,
1560 3097 1610 3135 de
1629 3097 1710 3148 'quo
1736 3096 1783 3135 cs.
1809 3095 1954 3136 Florid.
1981 3112 2016 3150 p.
2044 3101 2110 3140 53.

1243 3154 1405 3194 cithara
1425 3155 1634 3193 strictim
1653 3154 1888 3198 sustinetur3
1909 3154 2110 3194 GelLXV.
