2155 3590
618 138 808 179 LIBER
835 137 864 178 Ι.
924 135 1052 177 CAP.
1075 132 1205 176 XVII.
1785 128 1838 171 53

24 257 238 300 marcidum
274 255 445 310 alioquin
469 267 531 294 me
561 252 751 292 altissimo
782 264 920 291 somno
951 247 1143 290 excussit.
1193 244 1369 298 Emergo
1393 244 1521 284 laetus
1547 250 1663 297 atque
1688 243 1821 284 alacer

23 316 224 369 insperato
249 312 390 367 gaudio
415 311 611 365 perfusus,
640 315 698 348 et:
736 306 841 348 Ecce
866 306 1012 346 ianitor
1040 302 1264 344 fidelissime
1292 314 1422 341 comes
1448 307 1488 340 et
1508 306 1621 355 pater
1644 313 1753 340 meus
1778 306 1818 340 et
1833 321 1932 366 [110]

25 373 150 413 frater
168 368 176 426 Ι
195 382 327 419 meus,
362 381 475 421 quem
500 372 614 406 nocte
639 364 771 405 ebrius
795 363 966 404 occisum
991 375 1014 401 a
1037 374 1098 401 me
1120 358 1127 417 Ι
1147 356 1465 400 calumniabaris.
1526 354 1582 395 Et
1606 369 1691 395 cum
1717 356 1819 396 dicto
1846 367 1886 401 57

26 426 220 470 Socraten
254 423 510 465 deosculabar
545 421 764 475 amplexus.
826 419 883 459 At
915 419 980 459 ille
1017 418 1137 458 odore
1167 413 1339 468 alioquin
1371 411 1614 467 spurcissimi
1644 411 1820 452 humoris

26 495 235 540 percussus
265 495 341 535 quo
373 494 434 520 me
458 478 622 519 Lamiae
658 477 748 517 illae
777 476 1019 526 infecerant,
1057 473 1313 515 vehementer
1337 475 1591 525 aspernatur:
1620 468 1818 523 Apagete,

26 609 213 640 marcidum
226 612 338 637 autem
352 616 401 635 me
415 608 436 636 f.
450 604 621 635 marcidus
633 606 761 635 Vicent.
808 603 938 642 alloqui
950 612 1005 639 pro
1019 602 1182 641 alioquin.
1206 601 1287 630 Edd.
1299 601 1377 629 vett.
1390 598 1480 628 Colv.
1494 600 1524 626 et
1536 598 1631 627 Vulc.
1645 595 1776 634 alioqui
1786 597 1823 626 F.

29 659 59 686 1.
71 657 109 686 B.
156 655 247 684 aleos
260 656 296 683 P.
319 656 356 683 In
375 653 538 687 excerptis
557 653 688 680 Putsch.
709 654 756 679 est
777 649 859 678 alto.
907 647 1054 686 drff'usus
1067 648 1151 677 Prie.
1165 648 1199 676 in
1212 647 1310 676 notis.
1356 643 1495 682 inquam
1508 644 1591 677 quod
1605 646 1680 671 ante
1693 641 1826 670 ianitor

27 704 62 732 in
74 701 242 730 nonnullis
253 700 349 729 libris
362 699 482 734 legitur
494 705 557 726 non
572 700 733 731 comparet
745 696 779 724 in
790 697 827 724 F.
842 698 871 724 3.
884 698 920 724 L.
935 696 970 723 P.
984 696 1022 723 R.
1036 696 1073 722 D.
1088 695 1124 722 G.
1138 701 1167 727 p.
1181 693 1202 721 t'.
1217 699 1252 720 π.
1267 693 1343 720 Bas.
1355 691 1383 719 1.
1396 690 1525 718 Vicent.
1573 690 1606 715 et
1614 690 1721 724 pater
1734 693 1826 714 meus

28 749 113 777 delet
130 746 268 783 Scalig.;
293 745 376 780 quod
396 746 435 772 ab
453 743 636 772 haesitante
654 741 787 770 librario
807 741 979 776 repetitum
991 748 1066 768 esse
1078 742 1179 776 putat,
1199 739 1354 773 probatus
1367 736 1447 764 Oud.
1496 732 1661 761 Socraten
1680 733 1716 761 F.
1738 734 1768 761 3.
1789 734 1826 761 G.

25 794 66 822 In
78 795 153 821 cett.
166 789 351 819 Socratem.
398 786 641 816 deobsculabar
652 788 691 815 D.
740 784 840 813 odore
853 787 888 814 F.
908 787 933 814 1.
948 787 978 813 3.
992 786 1028 813 G.
1042 785 1124 813 P.D.
1139 791 1169 818 p.
1184 783 1206 811 f.
1221 783 1256 811 0.
1268 783 1305 810 L.
1320 781 1389 809 edd.
1404 783 1481 808 vett.
1494 781 1622 814 praeter
1634 779 1738 807 Venet
1753 778 1783 805 4.
1798 779 1829 805 et

27 837 135 867 Paris.
158 838 196 866 In
214 840 287 865 cett.
307 833 408 862 olore.
456 832 609 870 alioquin
626 833 662 861 F.
677 833 707 861 3.
726 833 765 860 D.
780 833 816 860 G.
836 829 1267 860 Vicent.Beroa1d.1unt.2.
1290 829 1327 856 In
1342 829 1414 856 cett.
1428 823 1568 862 alioqui.
1609 822 1776 863 perfusus
1788 823 1825 851 B.

28 886 60 912 et
70 884 167 919 Vulg.
179 883 262 911 Elm.
309 879 559 919 interfecerant
570 879 609 907 1).

89 1006 262 1044 emer-90.
283 990 424 1029 Contra
430 988 541 1034 Prie„
551 989 614 1040 qui
624 1001 804 1040 exsuryo
813 987 903 1024 scri-

29 1051 101 1096 bit,
132 1048 235 1087 Oud.
268 1048 369 1087 hanc
400 1047 603 1084 lectionem
628 1043 802 1082 defendit
826 1042 903 1080 effi-

33 1107 163 1146 cacius
184 1105 258 1143 dici
280 1104 470 1142 adnotans
485 1102 534 1140 de
548 1115 607 1146 eo,
634 1102 698 1152 qui
711 1112 903 1151 praeceps

33 1163 84 1202 de
108 1162 187 1201 alto
213 1161 400 1199 reciderat
419 1163 459 1197 et
477 1170 713 1210 superruens
733 1169 820 1194 eum
839 1169 903 1193 eo-

33 1220 123 1258 dem
156 1219 192 1256 in
217 1222 356 1256 terram
382 1215 589 1254 devolutus
614 1216 707 1251 erat.
767 1212 902 1250 Emer—

32 1289 131 1329 9ere
156 1275 255 1312 enim
281 1276 345 1311 est
368 1284 603 1323 exsuryere,
627 1273 668 1307 ut
694 1267 902 1318 legendum

35 1335 98 1371 est
122 1331 226 1383 apud
249 1329 328 1368 luv.
341 1327 428 1367 XII.
456 1331 526 1368 30:

57 1415 159 1449 Quum
180 1414 296 1448 plenus
314 1411 410 1440 fluctu
424 1409 551 1439 medius
573 1408 651 1437 foret
666 1409 782 1435 alveus
795 1409 823 1434 et
839 1406 903 1434 iam

58 1460 231 1489 Alternum
243 1456 362 1492 puppis
375 1458 462 1485 latus
475 1453 714 1489 emergentibus
728 1451 824 1481 undis

57 1505 184 1533 Arbore
197 1504 229 1531 in
245 1503 371 1531 incerta.
384 1504 412 1529 et
428 1502 551 1529 nullam
567 1520 662 1527 .....
677 1496 691 1532 ]

94 1558 222 1596 laetus
251 1560 374 1608 atque
399 1554 548 1593 alacer.
595 1550 675 1604 [Cf.
703 1549 780 1589 Cic.
805 1548 906 1588 Mur.

39 1618 102 1655 24.
128 1614 159 1665 ᾧ.
178 1612 261 1665 49.]

93 1675 214 1723 pater
238 1682 344 1707 meus
363 1672 401 1706 et
417 1670 552 1720 frater
565 1679 682 1704 meus.
718 1663 905 1715 [Salmas.

38 1727 89 1766 ad
119 1739 223 1765 oram
261 1725 321 1764 ed.
348 1722 455 1762 Colv.
493 1721 613 1761 deleri
649 1721 755 1759 iubet
787 1724 910 1772 pater

39 1798 145 1823 meus
168 1782 410 1821 assentiente
435 1777 538 1818 Oud.
586 1777 684 1817 Mihi
711 1777 785 1828 ipsi
812 1776 911 1814 haec

38 1839 308 1879 blanditiarum
345 1838 572 1876 inconcinna
601 1834 810 1885 geminatio
843 1832 910 1871 ha-

40 1899 108 1936 bet
131 1895 276 1947 aliquid
294 1894 408 1933 ieiuni
423 1897 462 1932 et
474 1891 644 1935 molesti,
665 1890 769 1942 quod
781 1893 909 1927 tamen

42 1956 173 1992 contra
180 1952 282 1991 Mss.
298 1965 371 1989 non
385 1950 625 1993 removerim,
640 1948 820 1999 quoniam
836 1959 909 1983 non

42 2009 287 2060 intelligatur,
306 2007 410 2046 unde
429 2007 527 2044 haec
545 2004 684 2055 glossa
702 2004 736 2041 si
757 2015 833 2053 qua
853 2006 915 2040 est

43 2067 128 2105 oriri
165 2065 340 2116 potuerit,
375 2063 603 2115 praesertim
639 2072 754 2111 quum
781 2057 914 2097 Horat.

44 2122 170 2174 Epist.
196 2119 224 2159 I.
257 2124 293 2161 6.
330 2125 394 2161 54.
431 2120 523 2157 item
559 2117 707 2155 dixerit.
768 2115 917 2153 Patres

45 2179 145 2218 enim
179 2177 355 2216 dicuntur
384 2176 408 2213 ii
447 2176 511 2226 qui
547 2173 715 2211 maiores
751 2174 842 2209 natu
879 2173 918 2208 et

45 2235 208 2275 arctiore
226 2233 415 2271 amicitiae
432 2230 586 2269 vinculo
608 2229 798 2268 coniuncti
813 2231 914 2265 sunt.

47 2291 94 2331 cf.
120 2290 217 2329 Met.
244 2288 311 2328 IV.
343 2302 380 2339 p.
401 2291 494 2329 292.
533 2285 721 2325 Schmidt.
747 2283 797 2323 ad
822 2282 915 2321 Hor.

46 2348 173 2400 Epist.
187 2345 214 2385 1.
230 2349 266 2386 6.
282 2350 345 2386 54.
369 2347 528 2397 fratres
553 2343 718 2381 comites
744 2344 783 2378 et
807 2340 918 2378 amici

47 2403 303 2457 appellantur.
329 2400 376 2440 cf.
392 2400 535 2439 Minue.
551 2398 666 2437 Felix
685 2401 722 2438 9.
743 2397 774 2448 ξ.
795 2399 832 2436 2.
853 2396 919 2434 ibi-

49 2459 314 2514 queLindner.
328 2456 484 2495 Petron.
500 2470 531 2495 c.
545 2459 606 2496 12.
619 2468 655 2506 p.
666 2458 730 2495 60.
745 2451 919 2503 Propert.

49 2517 99 2556 ad
123 2515 202 2554 Iuv.
222 2514 271 2553 V.
301 2517 391 2555 135.
417 2512 520 2552 Cort.
550 2512 600 2551 ad
626 2509 722 2548 Sall.
748 2508 828 2558 lug.
852 2512 916 2553 10,

51 2578 88 2614 5.
117 2572 247 2611 Burni.
272 2571 323 2610 ad
336 2569 502 2608 Phaedr.
518 2568 585 2607 lv.
601 2570 746 2608 24.16.
772 2563 916 2603 Obbar.

51 2629 101 2668 ad
123 2628 216 2668 Hor.
241 2626 367 2679 Epist.
392 2626 420 2664 Ι.
449 2629 513 2670 10,
538 2630 576 2665 4.
624 2623 682 2661 lta
703 2635 823 2660 soror
848 2634 917 2672 pro

51 2687 190 2732 amica3
216 2684 264 2723 cs.
289 2683 387 2722 Met.
401 2681 428 2721 Ι.
454 2695 490 2733 p.
506 2685 571 2722 47.
595 2679 703 2730 Virg.
729 2678 828 2716 Aen.
849 2676 917 2715 Xl.

52 2746 144 2783 823.
175 2741 226 2780 de
256 2744 393 2779 amata
424 2737 566 2776 Tibull.
593 2735 656 2774 ΙΙΙ.
686 2740 720 2775 1.
746 2737 811 2774 26.
849 2732 920 2771 Μὶ-

53 2812 137 2838 nuc.
161 2796 248 2837 Fet.
273 2791 341 2835 IX.
367 2796 398 2847 ᾧ.
425 2795 480 2847 8.]

112 2854 252 2894 odore.
286 2852 374 2891 Hoc
388 2865 437 2890 ex
450 2851 552 2890 Mss.
566 2863 639 2887 suo
655 2848 740 2887 loco
753 2847 922 2898 reposui,

55 2923 287 2962 quamquam
322 2908 424 2947 Oud.
458 2908 571 2947 olore
606 2919 654 2943 ex
684 2918 759 2942 uno
792 2902 924 2942 codice

55 2967 160 3006 Bert.
212 2965 367 3017 placeat
410 2964 513 3015 quod
562 2963 650 3002 olor
694 2962 746 2999 sit
797 2958 925 2998 malus

57 3023 168 3068 odor,
201 3022 332 3060 foetor.
391 3021 503 3059 Haec
525 3024 652 3058 tamen
678 3018 762 3055 eius
786 3015 926 3067 signifi-

59 3080 158 3118 catio
182 3091 232 3116 ex
255 3078 390 3117 lsidor.
418 3077 577 3115 (ilos-sis·
602 3089 639 3126 p.
662 3077 755 3114 688.
780 3075 926 3111 tantum

62 3135 302 3187 cognoscitur
315 3135 379 3174 ubi
395 3131 820 3184 olacc'tasfoetulentia
836 3129 927 3168 olor

963 986 1108 1036 legitur.
1169 983 1252 1021 Sed
1275 982 1399 1020 Varro
1424 979 1471 1019 L.
1496 979 1543 1019 L.
1568 978 1655 1018 Vll.
1682 993 1719 1031 p.
1735 982 1828 1020 261.

963 1042 1109 1092 Speng.
1134 1039 1296 1092 profert:
1335 1039 1453 1077 litera
1490 1040 1734 1076 commutata
1771 1036 1830 1074 ‹li-

963 1100 1068 1137 citnr
1100 1097 1207 1136 odor
1233 1096 1336 1140 olor,
1362 1095 1457 1133 Ιιίηε
1483 1094 1563 1133 olet
1594 1098 1632 1132 et
1657 1092 1832 1131 odorari

963 1159 1001 1193 et
1036 1154 1238 1192 odoratur
1275 1157 1312 1190 et
1350 1151 1483 1189 odora
1519 1163 1598 1196 res,
1629 1148 1732 1187 unde
1757 1149 1834 1187 iam

962 1210 1184 1260 intelligitur
1210 1207 1353 1246 nullum
1385 1207 1579 1245 interesse
1609 1206 1833 1251 discrimem

962 1266 1008 1305 cs.
1035 1265 1144 1303 Voss
1175 1263 1346 1315 Etymol.
1378 1276 1410 1301 s.
1448 1276 1481 1301 v.
1515 1263 1667 1302 alacer.
1710 1261 1833 1300 Acce·

962 1323 1056 1361 dunt
1070 1322 1243 1361 Glossae
1256 1319 1410 1358 Philox.
1425 1334 1464 1371 p.
1482 1322 1570 1359 148.
1593 1319 1684 1357 olor
1703 1314 1836 1364 κύκνος

962 1375 1056 1430 πνοή
1079 1375 1190 1429 ὀσμή,
1211 1381 1249 1415 et
1270 1376 1375 1427 quod
1390 1375 1518 1414 nullus
1533 1376 1719 1413 invenitur
1731 1379 1836 1413 vete-

963 1449 1045 1474 rum
1070 1434 1193 1481 locus,
1218 1434 1282 1472 ubi
1309 1433 1400 1471 olor
1426 1446 1493 1484 pro
1519 1435 1623 1470 certo
1652 1431 1765 1470 liceat
1789 1444 1838 1469 ex

965 1491 1068 1531 Mss.
1090 1490 1265 1530 stabiliri.
1308 1488 1411 1527 Nam
1431 1487 1535 1541 apud
1548 1488 1695 1526 Arnob.
1711 1486 1756 1526 ll.
1773 1491 1837 1527 59.

964 1549 1106 1587 rectius
1139 1547 1291 1586 coloris
1322 1545 1521 1596 praeferas
1553 1547 1592 1582 et
1622 1544 1726 1595 apud
1750 1542 1838 1581 Pat-

965 1605 1042 1644 lad.
1068 1603 1094 1643 I.
1130 1608 1191 1645 19.
1224 1604 1254 1654 ξ.
1284 1607 1302 1642 1
1333 1606 1371 1640 et
1396 1606 1460 1642 33.
1492 1602 1619 1653 priore
1650 1600 1737 1639 loco
1771 1600 1839 1639 Ιιιι-

964 1675 1074 1701 more
1103 1661 1318 1712 posteriore
1352 1659 1480 1698 odore.
1505 1671 1591 1696 cum
1617 1660 1712 1708 optt.
1737 1655 1841 1695 Mss.

967 1717 1229 1770 recipiendum
1260 1720 1331 1754 est.
1387 1715 1429 1754 Si
1461 1715 1553 1766 quid
1580 1717 1685 1752 recte
1714 1713 1842 1759 video,

968 1775 1201 1814 vocabulum
1234 1774 1325 1811 olor
1356 1772 1461 1823 apud
1500 1775 1653 1809 veteres
1690 1771 1843 1809 omnino

968 1832 1165 1871 rarissime
1207 1833 1355 1867 tantum
1392 1829 1427 1866 in
1464 1841 1539 1865 usu
1576 1831 1658 1865 erat
1694 1831 1733 1864 et
1768 1841 1844 1865 uno

968 1892 1114 1927 tantum
1130 1887 1315 1924 Varronis
1342 1885 1427 1923 loco
1454 1883 1684 1929 defenditur,
1710 1897 1756 1922 ac
1780 1897 1845 1921 se-

971 1946 1101 1997 quenti
1144 1947 1290 1981 tantum
1333 1945 1462 1980 aetate
1504 1941 1708 1978 discrimen
1750 1941 1847 1978 inter

973 2006 1177 2051 utrumque
1208 1998 1448 2050 propositum
1484 2000 1557 2043 est,
1595 2000 1635 2034 ut
1672 1997 1779 2035 odor
1810 1997 1845 2034 in

974 2059 1128 2103 bonam,
1156 2057 1247 2095 olor
1278 2056 1313 2092 in
1344 2053 1484 2092 malam
1515 2057 1663 2105 partem
1694 2054 1848 2105 accipe—

975 2118 1086 2152 retur.
1115 2113 1235 2152 Odor
1248 2111 1297 2149 de
1307 2110 1456 2148 foetore
1469 2110 1624 2155 dictum,
1634 2108 1846 2149 cs.Petron.

977 2171 1105 2221 Satyr.
1128 2170 1221 2210 117.
1242 2168 1283 2206 fr.
1305 2166 1403 2206 Sall.
1424 2166 1504 2217 lug.
1520 2171 1586 2207 48.
1600 2166 1724 2205 Varro
1737 2165 1785 2205 L.
1799 2165 1847 2204 L.

974 2227 1025 2265 V.
1046 2240 1081 2277 p.
1104 2229 1168 2266 42.
1190 2225 1337 2275 Speng.
1357 2224 1502 2262 Arnob.
1524 2222 1610 2262 Vll.
1634 2228 1696 2264 17.
1717 2223 1847 2261 Doed.

977 2283 1074 2334 Syn.
1105 2280 1165 2320 ΠΙ.
1202 2294 1239 2332 p.
1275 2285 1365 2321 127.
1397 2293 1486 2332 sqq.
1524 2283 1564 2317 et
1598 2292 1636 2331 p.
1670 2283 1773 2321 131..
1812 2283 1849 2317 et

978 2341 1031 2379 ita
1060 2337 1339 2377 restituendum
1365 2340 1427 2375 est
1453 2350 1502 2374 ex
1525 2340 1657 2374 vetere
1685 2336 1849 2375 lectione

979 2396 1125 2434 Arnob.
1149 2394 1199 2433 V.
1224 2398 1286 2434 14.
1315 2393 1483 2433 odorem
1500 2394 1580 2432 nisi
1597 2393 1763 2432 membri
1780 2407 1850 2431 mz-

977 2456 1222 2505 ffltentorum
1246 2451 1320 2489 illa
1346 2451 1529 2503 suffectio
1555 2449 1825 2501 temperaret]

1028 2521 1256 2561 percussus.
1304 2505 1430 2545 Recte
1471 2510 1603 2544 monet
1638 2504 1740 2544 Oud.
1778 2517 1849 2543 eos

975 2578 1114 2610 errare,
1140 2565 1203 2615 qui
1231 2565 1425 2616 perfusus
1455 2562 1531 2613 legi
1557 2561 1708 2607 malint,
1734 2574 1851 2613 quum

978 2623 1162 2661 Socrates
1192 2634 1266 2658 non
1300 2619 1411 2658 suerit
1430 2622 1626 2671 perfusus
1652 2619 1752 2657 lotio
1777 2617 1851 2657 sed

973 2691 1190 2732 percussus
1231 2677 1252 2715 i.
1291 2689 1324 2714 e.
1367 2679 1493 2714 tactus
1535 2675 1654 2713 odore
1690 2674 1850 2720 foetido,

980 2749 1056 2786 quo
1082 2734 1250 2772 insectus
1275 2736 1356 2771 erat
1380 2732 1659 2770 Aristomenes.
1715 2732 1852 2784 Tanyi

978 2792 1111 2844 feriri,
1135 2791 1203 2835 ici,
1231 2791 1357 2842 quati,
1378 2789 1545 2841 percuti
1568 2787 1740 2826 dicuntur
1764 2800 1852 2826 sen-

981 2860 1051 2886 sus
1079 2847 1235 2886 humani
1264 2859 1305 2882 re
1329 2845 1524 2895 inopinata
1548 2844 1633 2881 sive
1658 2844 1744 2882 visa
1767 2845 1851 2882 sive

983 2903 1114 2943 audifa
1138 2904 1224 2941 sive
1248 2901 1425 2947 odorata3
1452 2900 1500 2939 cf.
1527 2899 1656 2938 Burm.
1671 2901 1722 2939 ad
1735 2899 1850 2940 Ovid.

983 2959 1079 2998 Met.
1101 2957 1184 2998 Vll.
1206 2962 1299 2999 238.
1320 2956 1491 2996 miscell.
1514 2956 1681 2995 Obsew.
1703 2956 1790 2996 vol.
1806 2956 1850 2995 ll.

984 3015 1031 3056 T.
1054 3015 1118 3055 ΙΙΙ.
1143 3029 1180 3066 p.
1206 3018 1299 3056 389.

1042 3072 1245 3125 Apayete.
1285 3070 1433 3123 Apaqe
1475 3074 1512 3108 te
1554 3070 1659 3120 quod
1694 3069 1852 3109 Florido

985 3128 1150 3180 aliisque
1186 3127 1366 3179 probatur
1396 3125 1496 3165 Oud.
1529 3126 1728 3179 displicet,
1764 3128 1854 3179 quia
