2155 3590
662 124 850 166 LIBER
879 123 955 166 IX.
1003 123 1132 165 CAP.
1162 124 1236 165 XI.

665 308 1055 357 CAPUT
1158 307 1262 355 XI.

186 430 245 471 Ibi
269 430 520 485 complurium
547 430 805 471 iumentorum
831 430 996 471 multivii
1022 429 1206 470 circuitus
1230 426 1508 480 intorquebant
1531 425 1654 466 molas
1686 423 1849 478 ambage

75 487 207 538 varia,
234 501 306 527 nec
330 487 390 527 die
414 493 587 536 tantum,
615 501 749 527 verum
776 487 922 540 perpeti
946 487 1062 526 etiam
1081 491 1195 525 nocte
1213 496 1374 538 prorsus
1392 482 1565 522 instabili
1583 481 1851 521 machinarum

75 544 270 598 vertigine
294 543 550 584 lucubrabant
574 543 799 597 pervigilem
826 543 1008 582 farinam.
1030 541 1037 597 1
1059 540 1136 582 Sed
1163 541 1250 580 dum
1281 538 1564 579 erudimentum
1589 536 1741 577 servitii
1764 549 1851 590 per·
1877 533 1942 567 614

78 600 345 640 horrescerem
385 599 555 649 scilicet,
595 613 719 639 novus
757 599 933 638 dominus
970 601 1054 638 loca
1087 596 1209 637 lautia
1243 595 1396 649 prolixe
1432 593 1623 647 praebuit.
1673 591 1778 632 Nam
1814 598 1853 631 et

76 656 176 696 diem
200 655 362 710 primum
386 655 493 695 illum
519 655 700 695 feriatum
723 655 841 704 dedit,
869 661 906 694 et
931 654 1086 694 cibariis
1111 652 1354 693 abundanter
1377 650 1569 690 instruxit
1590 648 1850 702 praesepium.

75 711 162 752 Nec
191 719 322 752 tamen
350 712 416 751 illa
445 712 513 751 otii
542 712 779 764 saginaeque
814 711 1010 751 beatitudo
1041 708 1197 749 duravit
1224 707 1402 748 ulterius.
1464 704 1541 746 Sed
1578 705 1639 744 die
1675 703 1857 756 sequenti

76 768 216 818 molae,
239 781 336 822 quae
349 767 522 809 maxima
534 767 754 818 videbatur,
775 769 984 807 matutinus
999 765 1210 814 adstituor,
1237 771 1274 804 et
1289 764 1390 804 iflico
1404 762 1534 802 velata
1548 760 1647 800 facie
1660 758 1856 815 propellor

187 883 368 913 exercebat
381 892 393 911 .·
418 882 577 921 perducit
598 884 652 913 ibi.
699 886 749 913 Ita
773 891 937 919 perperam
969 882 1138 918 distinguit
1161 882 1289 910 Vicent.
1360 878 1610 916 complurimum
1635 878 1672 905 G.
1698 877 1728 905 2.
1753 877 1790 904 L.
1813 876 1855 905 D.

76 929 244 958 mulemmi
254 932 290 960 G.
307 932 334 959 1.
360 929 497 958 multum
511 937 568 965 pro
579 928 725 957 multivii
736 931 771 957 G.
787 931 815 957 2.
829 930 864 958 P.
878 930 916 958 D.
930 925 959 957 δ.
1005 927 1188 956 cirem'ates
1201 928 1235 955 0.
1283 924 1499 963 intorquebat
1517 925 1553 952 P.
1601 921 1702 950 etiam
1720 923 1856 958 torque-

75 974 157 1004 bant
171 977 207 1004 G.
223 977 251 1004 1.
265 977 299 1004 Ο.
314 982 334 1004 a
345 983 386 1004 m.
399 983 429 1010 p.
476 973 577 1002 moles
589 975 622 1003 in
636 976 672 1004 G.
689 976 717 1004 1.
731 975 765 1002 0.
779 982 799 1003 a
812 982 851 1003 m.
866 983 896 1009 p.
909 977 937 1002 et
953 982 982 1008 p.
996 977 1122 1008 extare,
1148 971 1260 1000 scribit
1275 972 1353 1000 oud.
1376 973 1412 1000 In
1426 972 1462 999 G.
1477 971 1506 998 1.
1533 967 1640 996 molas
1654 966 1775 1003 inveni,
1800 967 1857 994 sed

75 1021 109 1049 in
127 1022 166 1049 D.
191 1019 302 1049 moles.
343 1019 507 1057 perpetim
528 1019 631 1046 etiam
651 1022 748 1046 nocte
766 1019 788 1048 f.
812 1019 873 1048 Vir
891 1020 1003 1047 doctus
1022 1019 1061 1046 ad
1081 1024 1180 1051 marg.
1200 1018 1247 1045 ed.
1260 1017 1388 1045 vicem.
1408 1016 1486 1044 Oud.
1518 1013 1698 1050 perpetim
1711 1013 1809 1038 nocte
1826 1019 1857 1045 p.

70 1072 218 1102 prorsus
234 1073 298 1094 non
318 1068 366 1093 est
385 1066 418 1094 in
436 1073 466 1100 p.
512 1065 546 1092 fn
566 1063 694 1092 stabuli
710 1066 745 1093 G.
767 1066 795 1092 1.
837 1062 1039 1100 pervnffgilam
1056 1064 1093 1091 B.
1131 1061 1287 1101 ferinam
1307 1062 1345 1089 D.
1384 1060 1546 1099 farinam
1561 1056 1755 1095 pervigilem
1776 1058 1812 1084 G.
1828 1057 1858 1084 1.

77 1108 142 1138 Sed
152 1109 227 1138 dum
247 1108 488 1138 erudimentum
500 1111 536 1138 F.
551 1110 580 1138 3.
596 1111 631 1138 G.
648 1111 676 1138 1.
691 1111 720 1138 ⁶2.
734 1109 770 1137 P.
783 1110 822 1137 D.
836 1110 872 1137 L.
886 1110 923 1137 R.
937 1109 960 1137 f.
985 1110 1099 1137 Incert.
1117 1105 1176 1135 sed
1192 1105 1267 1134 dum
1287 1104 1507 1133 rudimentum
1527 1105 1561 1133 Ο.
1581 1111 1601 1133 a
1620 1111 1660 1132 m.
1680 1110 1709 1136 p.
1734 1103 1771 1130 In
1785 1104 1858 1130 cett.

75 1154 135 1183 sed
145 1153 228 1183 milu‘
237 1163 278 1182 ne
290 1153 522 1183 rudimentum.
563 1152 867 1191 perhorrescerem.
895 1151 1007 1180 Novus
1019 1151 1150 1180 scilicet
1161 1149 1311 1179 dominus
1324 1151 1357 1179 in
1370 1151 1406 1179 F.
1416 1151 1429 1178 1
1439 1172 1446 1178 .
1460 1153 1489 1178 et
1503 1151 1538 1178 Β.
1551 1149 1618 1184 legi
1630 1149 1761 1176 adnotat
1775 1147 1858 1174 Elm.

76 1202 139 1232 Sed
153 1200 266 1229 inillis
280 1203 312 1227 ut
326 1200 358 1227 in
370 1201 406 1228 F.
421 1201 451 1228 3.
465 1207 532 1227 vox
544 1197 675 1226 scilicet
685 1199 892 1233 subiungitur
909 1201 1005 1227 verbo
1019 1194 1330 1234 perhorrescerem,
1357 1199 1389 1223 ut
1409 1195 1506 1224 edidit
1525 1193 1679 1222 Scriver..
1706 1195 1860 1225 sequente

76 1246 172 1281 ond..
197 1245 470 1278 adstipulantibus
484 1245 553 1272 edd.
565 1244 692 1272 Vicent.
706 1246 735 1272 et
748 1244 861 1271 Venet.
876 1244 906 1272 ⁶2.
931 1241 1029 1270 sedet
1042 1244 1125 1270 lunt.
1140 1243 1187 1275 23
1210 1242 1243 1269 in
1258 1247 1358 1274 quas.
1379 1240 1399 1268 i.
1415 1248 1441 1268 e.
1455 1237 1593 1267 scilicet.
1617 1238 1702 1266 Illud
1715 1238 1859 1265 vocabu-

74 1290 190 1318 lumin
203 1291 238 1318 F.
254 1290 284 1317 3.
299 1292 476 1317 atramento
489 1290 658 1316 obductum
672 1292 721 1316 est
731 1309 739 1322 ,
765 1289 848 1316 unde
862 1288 894 1315 in
909 1288 1026 1316 ceteris
1040 1287 1129 1315 codd.
1144 1286 1297 1314 omissum
1312 1286 1344 1314 id
1357 1292 1430 1313 esse
1443 1284 1624 1312 verisimile
1643 1285 1702 1310 est.
1726 1283 1807 1310 Nam
1824 1281 1860 1308 in

76 1338 149 1363 cett.
163 1335 253 1362 codd.
268 1337 299 1362 et
311 1334 381 1362 edd.
395 1341 456 1362 non
470 1333 599 1367 legitur.
647 1331 722 1359 loca
740 1340 782 1359 ac
795 1331 907 1359 lautia
919 1333 1001 1360 Elm.
1014 1333 1127 1359 Venet.
1143 1333 1172 1357 2.
1187 1334 1216 1359 et
1231 1331 1354 1358 Florid.
1390 1328 1466 1356 loca
1479 1331 1514 1356 et
1526 1327 1638 1356 lautia
1650 1328 1761 1354 XVoW.
1774 1325 1860 1354 Prie.

75 1378 152 1406 loca
169 1377 315 1406 Iautz'ca‘a
334 1378 356 1407 f.
376 1375 405 1406 ὃ.
425 1382 454 1406 et
474 1379 544 1406 edd.
564 1378 676 1406 colvio
695 1377 834 1412 priores,
861 1380 997 1412 excepta
1014 1378 1162 1410 1un1.2.,
1186 1376 1219 1403 in
1239 1381 1305 1409 qua
1323 1374 1399 1401 loca
1412 1372 1520 1402 lauta.
1547 1373 1588 1401 cf.
1608 1378 1690 1406 quae
1711 1370 1862 1406 exposita

75 1426 151 1453 sunt
164 1425 205 1452 ad
218 1426 294 1452 Met.
306 1425 362 1453 111.
377 1431 406 1457 p.
416 1423 490 1450 223.
525 1420 608 1449 diem
618 1421 762 1458 primum
776 1421 868 1448 illum
882 1422 957 1449 1⁴23.
967 1418 995 1449 δ.
1010 1421 1031 1449 f.
1046 1421 1115 1449 edd.
1129 1423 1206 1448 vett.
1220 1421 1255 1447 G.
1267 1421 1295 1447 1.
1320 1419 1434 1454 [cuius
1446 1418 1602 1447 librarius
1615 1416 1706 1450 prius
1719 1416 1862 1450 scripse-

74 1472 125 1498 rat
136 1466 228 1496 illum
237 1468 395 1505 primum,
409 1468 484 1496 dein
497 1466 587 1494 illum
604 1475 773 1501 pronomen
787 1468 958 1495 obductum
972 1470 1042 1500 post
1051 1465 1196 1502 primum
1210 1464 1346 1499 posuit.)
1365 1465 1403 1492 In
1416 1466 1488 1492 cett.
1503 1461 1587 1490 diem
1599 1460 1691 1489 illum
1701 1459 1860 1497 primum.

74 1511 205 1540 dededit
218 1510 247 1542 ὃ.
282 1512 404 1540 cibarii
415 1514 451 1541 B.
486 1510 722 1543 habundanter
735 1514 772 1541 G.
789 1513 817 1541 1.
831 1512 869 1539 D.
884 1513 919 1539 G.
935 1513 965 1539 ⁴2.
990 1510 1043 1545 (in
1058 1518 1118 1544 quo
1131 1508 1152 1536 Ιι
1165 1510 1275 1538 littera
1287 1511 1384 1544 plane
1397 1515 1493 1537 erasa
1506 1507 1585 1543 est).
1614 1504 1867 1543 praeastruxit

71 1558 285 1596 praesepium
298 1565 328 1592 p.
340 1559 376 1587 B.
420 1556 480 1584 illo
495 1559 530 1586 G.
546 1559 574 1587 1.
589 1560 624 1586 0.
639 1565 658 1586 a
671 1565 711 1586 m.
726 1565 756 1592 p.
803 1554 964 1583 habitudo
980 1564 1034 1590 pro
1046 1553 1218 1582 beatitudo
1233 1562 1263 1589 p.
1309 1551 1460 1591 moleque
1473 1552 1502 1591 q*
1517 1555 1554 1582 G.
1565 1554 1594 1581 2.
1631 1558 1694 1589 que
1706 1551 1795 1580 linea
1808 1552 1864 1578 ob-

76 1605 182 1632 ducto.
228 1602 396 1631 matutino
410 1611 440 1638 p.
465 1603 506 1632 cf.
520 1604 559 1632 ad
574 1611 602 1638 p.
620 1603 695 1631 601.

76 1699 155 1743 σιὀν
189 1703 235 1752 τῇ
269 1702 430 1740 πολίτιδι
464 1703 547 1750 θεῷ
589 1698 702 1740 πάλιν
731 1698 942 1740 ἀπέδωκαν.

78 1757 122 1808 τῇ
149 1755 188 1796 δὲ
212 1756 390 1809 ὑστεραίᾳ
413 1755 461 1797 τά
485 1773 525 1796 τε
548 1754 661 1808 σκεύη
684 1754 779 1807 κάμὲ
805 1753 942 1807 πιπρά-

78 1828 178 1853 σκειν
202 1812 363 1866 ἔγνωσαν
386 1815 450 1852 καὶ
474 1811 659 1853 cin-<dono
688 1828 733 1863 με
763 1812 852 1861 ξένῳ
881 1811 942 1851 ἀν-

77 1865 246 1923 θρώπῳ,
292 1868 359 1920 ’τὴν
398 1871 557 1920 πλησίον
596 1867 724 1920 κώμην
770 1871 943 1923 ορκοῦντι,

78 1926 205 1978 τέχνην
240 1924 353 1978 ἔχοντι
391 1921 525 1977 ἄρτους
560 1929 719 1964 πέττειν·
756 1922 866 1969 οὑτός
900 1939 946 1975 με

80 1981 312 2034 παραλαβὼν
353 1979 417 2020 καὶ,
457 1981 583 2033 πυρῶν
623 1980 819 2032 μεδίμνους
854 1983 946 2020 δέκα

81 2036 317 2089 ὠνησάμενος
341 2036 484 2082 ἐπιθείς
505 2053 568 2087 μοι
592 2034 656 2076 τὸν
679 2035 796 2090 πυρὸν
821 2034 947 2076 οἰκάὸε

80 2089 238 2146 ἤλαυνεν
262 2092 312 2138 ὠ,-
335 2092 467 2133 {amor
491 2091 580 2133 ὁδὸν
604 2091 820 2145 cimoliam]

137 2149 228 2191 Cu.
240 2148 310 2188 XI.
346 2150 624 2190 iumentorum.
659 2149 825 2202 [Asinos
844 2149 947 2201 apud

82 2210 238 2246 veteres
284 2205 411 2244 molas
458 2207 731 2255 circumegisse
782 2205 949 2244 illustrat

82 2263 216 2302 Bar-th.
241 2262 409 2301 Advers.
434 2260 582 2301 XXIV.
609 2266 646 2302 5.
670 2275 707 2312 p.
737 2261 879 2314 1289]

140 2318 432 2370 intorquebant
463 2318 592 2357 molas
621 2318 792 2370 umbaye
822 2318 946 2357 varia.

70 2374 169 2427 .[De
211 2374 377 2415 dictione
419 2374 582 2412 conferri
622 2378 756 2426 potest
796 2374 948 2419 Auson.

84 2431 210 2483 Epist.
245 2429 356 2469 XXI.
388 2434 578 2470 33—34.
622 2431 689 2469 cui
722 2430 949 2482 subinyubo

72 2488 139 2527 de
163 2487 360 2526 molarum
383 2487 619 2538 ambuyibus
645 2487 714 2538 qui
731 2486 951 2526 machinali

84 2557 189 2582 saxa
213 2542 378 2582 volvunt
397 2543 582 2594 pondere
605 2547 644 2580 et
666 2541 826 2580 Mosen.
842 2545 949 2587 362„

84 2599 150 2638 ubi
175 2598 223 2637 cf.
239 2598 373 2638 Tross.
397 2602 569 2637 nostrum
594 2597 719 2638 locum
744 2598 949 2651 excitans]

141 2655 381 2707 perviyilem
407 2656 603 2707 farinam.
659 2653 726 2706 [cf.
756 2653 835 2692 luv.
868 2655 950 2693 Sat.

87 2709 178 2750 XV.
203 2714 270 2751 43.
298 2711 541 2763 pervigili
566 2715 668 2749 toro.
715 2709 878 2761 Rupert.
903 2710 953 2747 ad

88 2766 202 2807 eund.
215 2765 320 2804 VIII.
350 2766 459 2819 158.]
507 2765 548 2804 In
575 2766 661 2805 cod.
685 2765 790 2805 Bert.
816 2766 954 2817 legitur

84 2822 349 2876 perciyilam,
392 2823 495 2874 quod
535 2823 684 2873 aliquot
723 2823 952 2874 interpretes

92 2879 190 2916 tueri
219 2877 338 2918 velint
366 2892 417 2917 ex
447 2879 588 2917 Senec.
620 2878 743 2930 Epist.
769 2882 834 2920 83.
867 2879 952 2918 bre-

89 2934 250 2973 vissimo
273 2947 412 2979 somno
437 2940 530 2975 utor
555 2940 594 2974 et
618 2936 735 2987 quasi
764 2935 955 2974 inter-vi-

90 2989 211 3042 9ilo.
242 2989 324 3030 Sed
342 2995 613 3041 praeterquam
633 2991 738 3041 quod
757 2991 807 3029 ibi
826 2991 955 3041 potius

92 3045 146 3083 sit
174 3045 278 3084 verbi
302 3047 423 3097 prima
445 3060 632 3099 persona,
664 3060 778 3097 quam
803 3046 956 3086 adiecti-

93 3113 202 3147 vum,
230 3101 392 3154 Lipsius
415 3116 440 3140 e
463 3103 564 3143 Mss.
593 3103 685 3154 legit
709 3104 955 3155 interiunyo.

742 1599 928 1630 adismuor
940 1602 978 1630 D.
1025 1598 1140 1628 velatu
1154 1601 1189 1629 G.
1206 1601 1235 1629 1.

1055 1699 1127 1738 sed
1146 1699 1242 1739 dum
1261 1698 1560 1738 erudimentum.
1610 1695 1746 1748 [Varie
1763 1694 1866 1733 hunc

1001 1755 1128 1793 locum
1142 1758 1290 1793 tentant
1305 1755 1549 1805 interpretes.
1580 1751 1654 1798 Qui
1681 1752 1772 1802 quid
1791 1751 1864 1789 sibi

1000 1810 1110 1858 velit,
1157 1824 1233 1849 non
1274 1809 1583 1862 perspiciebant,
1626 1808 1866 1858 corrigebant

1000 1868 1072 1907 sed
1094 1867 1192 1907 milei
1210 1880 1259 1905 ne
1275 1866 1560 1913 rudimentum,
1585 1864 1634 1902 de
1651 1864 1782 1910 asino,
1807 1863 1865 1902 eui

1001 1924 1146 1976 pabula
1175 1924 1303 1974 opima
1331 1923 1493 1973 praebet
1516 1921 1714 1967 dominus,
1747 1933 1798 1958 ne
1820 1920 1867 1957 ti-

1001 1984 1107 2018 meat
1128 1979 1333 2018 molestias
1356 1978 1496 2017 molae.
1543 1977 1623 2016 Alii
1641 1976 1774 2024 volunt
1796 1976 1869 2016 secl

1003 2041 1086 2075 tum
1115 2036 1138 2074 i.
1163 2049 1196 2073 e.
1233 2048 1280 2073 eo
1318 2034 1397 2081 die,
1435 2047 1552 2085 quum
1587 2034 1655 2072 die
1689 2033 1869 2086 sequenti

1003 2093 1212 2130 matutinus
1242 2091 1373 2129 molae
1403 2091 1611 2130 adstitutus
1641 2090 1711 2136 sit,
1741 2089 1805 2127 vet
1829 2093 1870 2126 ut

1005 2148 1107 2187 oud.
1120 2148 1192 2187 secl
1204 2149 1275 2193 mi,
1299 2160 1348 2186 ne
1360 2147 1454 2187 rud.
1470 2159 1537 2199 pro
1556 2147 1664 2185 milei.
1696 2146 1751 2195 At
1771 2146 1870 2183 bene

1005 2205 1099 2244 dum
1113 2207 1244 2255 potest
1257 2204 1423 2243 defendi.
1472 2204 1580 2243 Dum
1590 2202 1870 2254 perhorresce--

1004 2275 1086 2299 rem
1111 2261 1403 2300 erudimentum
1419 2261 1516 2299 verti
1535 2264 1667 2310 potest
1684 2273 1727 2307 so
1746 2259 1870 2310 lange

1005 2317 1074 2355 ich
1097 2317 1270 2361 sclzeuen
1289 2316 1430 2356 wilrde
1449 2317 1527 2356 den
1547 2320 1675 2354 ersten
1697 2315 1868 2365 Anfanq

1006 2373 1078 2411 des
1101 2372 1305 2418 Dienstes,
1330 2373 1380 2410 de
1405 2374 1534 2418 asino,
1560 2372 1624 2422 qui
1638 2371 1776 2409 videns
1791 2374 1870 2407 tan-

1006 2433 1070 2466 tos
1093 2427 1251 2470 labores
1276 2428 1392 2471 facile
1417 2429 1576 2467 horrore
1600 2426 1747 2466 servitii
1770 2426 1871 2464 affici

1006 2488 1168 2536 poterat.
1216 2484 1299 2525 Sed
1319 2499 1434 2536 quum
1454 2486 1633 2535 sequenti
1648 2484 1709 2522 (lie
1722 2482 1870 2521 baculis

1006 2554 1205 2579 servorum
1219 2540 1400 2592 fatigatus
1415 2545 1531 2592 atque
1541 2541 1737 2581 convictus
1751 2542 1871 2583 esset,

1007 2596 1148 2636 diutius
1171 2597 1268 2636 illud
1298 2598 1588 2640 erudimentmn
1619 2610 1693 2634 non
1718 2595 1874 2646 perhor-

1006 2654 1079 2692 ruit
1106 2654 1224 2703 >eique
1256 2654 1309 2691 ita
1333 2653 1523 2703 adsuetus
1548 2658 1647 2699 erat,
1677 2656 1719 2690 ut
1744 2665 1874 2702 quem-

1009 2709 1218 2756 admodum
1260 2714 1390 2748 cetera
1431 2710 1599 2757 iumenta
1640 2709 1728 2756 istis
1766 2708 1874 2753 locis,

1009 2765 1141 2807 lautiis
1161 2765 1263 2816 allici
1283 2780 1357 2810 non
1376 2765 1548 2810 deberet.
1597 2764 1655 2805 Ita
1669 2765 1875 2811 ,coniuncti-

1008 2835 1099 2866 vum
1128 2822 1291 2872 probum
1322 2835 1415 2867 esse
1446 2821 1560 2869 velim
1590 2825 1629 2869 et
1654 2820 1875 2865 erudimen-

1009 2882 1111 2923 tum,
1139 2878 1247 2928 ,qu-od
1276 2891 1359 2924 voc.
1392 2876 1584 2929 Interpres
1615 2876 1712 2916 lren.
1739 2875 1785 2914 ll.
1811 2880 1876 2917 30.

1013 2933 1222 2979 confirmat,
1247 2947 1332 2972 cum
1357 2934 1510 2985 optimis
1536 2933 1648 2972 codd.
1668 2933 1876 2985 retinetur]

1067 2989 1199 3034 molae
1217 2991 1435 3032 matutinus
1452 2990 1675 3029 adstituor.
1692 2987 1879 3035 Pricaeus

1013 3058 1098 3084 cum
1142 3044 1270 3083 Tollio
1312 3046 1483 3084 malebat
1521 3045 1584 3085 hic
1624 3057 1780 3096 quoque
1816 3045 1878 3082 edi

1013 3101 1177 3146 molam,
1208 3102 1296 3152 quia
1324 3101 1423 3140 Met.
1455 3100 1519 3141 111.
1547 3115 1584 3153 p.
1613 3105 1703 3143 175.
1733 3100 1785 3141 sit
1808 3102 1879 3140 tri-
