2155 3590
538 135 728 175 LIBER
752 136 826 175 lv,
887 135 1014 175 CAP.
1044 134 1189 174 XXII.
1223 134 1383 174 XXIII.

1779 133 1861 178 269

71 248 145 290 cito
170 261 212 289 se
237 248 361 302 gradu
386 248 617 302 proripiunt.
656 247 743 288 Nec
768 263 829 289 me
854 255 984 289 tamen
1009 248 1205 289 instanter
1228 261 1273 288 ac
1300 246 1456 287 fortiter
1481 247 1779 288 manducantem
1799 249 1864 288 vel

69 318 228 346 somnus
258 304 465 345 imminens
495 305 681 359 impedire
713 305 851 359 potuit.
902 304 957 345 Et
988 318 1218 359 quamquam
1251 303 1358 358 prius
1389 317 1506 356 quum
1538 317 1664 344 essem
1693 302 1859 355 Lucius,

69 361 183 401 unico
214 361 277 401 vel
307 362 478 401 secundo
510 375 609 415 pane
646 368 854 402 contentus
891 375 1028 402 mensa
1064 359 1335 416 decedelrem‚
1379 366 1470 399 tunc
1503 360 1633 400 ventri
1665 368 1743 400 tam
1776 375 1862 415 pro·
1888 377 1986 417 [153]

70 418 188 457 fundo
220 417 401 458 serviens
426 417 503 457 iam
530 419 652 458 ferme
679 417 837 458 tertium
865 418 1020 471 qualum
1045 417 1306 471 rumigaham.
1357 415 1460 456 Huic
1487 431 1546 457 me
1580 418 1687 471 operi
1719 419 1862 458 altoni-

70 480 148 514 tum
174 473 281 514 clara
305 474 377 514 lux
402 474 609 528 oppressit.

573 624 610 672 C
670 625 716 671 A
772 625 810 670 P
869 625 913 671 U
972 625 1015 670 T
1119 624 1360 672 XXIII.

175 755 352 797 Tandem
377 757 508 810 itaque
533 757 675 797 asinali
704 757 944 798 verecundia
970 758 1129 807 ductus,
1159 757 1379 811 aegerrime
1404 764 1535 797 tamen
1561 757 1786 812 digrediens
1812 758 1865 798 ri-

64 813 156 854 vulo
185 813 367 868 proximo
400 813 503 853 sitim
535 814 654 854 lenio.
704 812 792 855 Nec
817 827 949 864 mora,
984 828 1069 854 cum
1095 814 1270 854 latrones
1296 814 1400 854 ultra
1424 814 1535 854 anxii
1566 822 1682 868 atque
1708 815 1864 855 solliciti

1304 873 1373 882 ,....-,

63 949 123 969 nec
138 944 248 969 tamen
267 950 316 970 me
336 943 358 972 f.
407 951 479 970 eum
499 950 624 969 omnem
641 940 764 970 Lucius
777 944 817 971 D.
838 940 895 978 (ex
909 943 1112 971 commutatis
1125 944 1208 972 inter
1220 951 1294 972 sese
1307 943 1504 978 compendiis
1523 939 1578 978 εἷς,
1594 947 1622 972 et
1638 940 1725 983 035.)
1773 952 1865 971 men-

65 994 136 1015 sam
155 985 263 1014 deced.
284 996 314 1023 p.
351 995 460 1015 mense
472 989 510 1017 D.
558 987 626 1015 iam
644 987 785 1023 farinae
808 989 944 1016 lercium
960 998 991 1022 φ.
1040 987 1250 1026 ramigubam
1277 996 1387 1017 omnes
1407 992 1487 1017 Mss.
1509 992 1538 1017 et
1565 990 1635 1018 edd.
1654 993 1732 1018 velt.
1746 991 1864 1018 habent

65 1040 122 1067 pro
136 1032 356 1062 rmm'nabam.
405 1033 588 1061 attonitum
603 1041 712 1062 omnes
726 1034 815 1062 codd.
830 1037 857 1062 el
873 1035 942 1062 edd.
958 1037 1036 1061 vett.

157 1076 289 1105 tandem
308 1077 426 1115 itaque
450 1086 506 1112 pro
527 1087 587 1112 quo
613 1078 645 1106 in
666 1078 833 1107 nonnullis
858 1080 947 1106 codd.
969 1082 998 1107 et
1025 1079 1174 1107 omnibus
1200 1080 1269 1107 edd.
1296 1083 1373 1107 vett.
1400 1083 1528 1114 praeter
1545 1081 1629 1108 lunt.
1650 1081 1680 1108 2.
1731 1078 1865 1107 tandem

65 1120 205 1160 denique
223 1127 327 1159 extat,
348 1124 468 1159 legitur
486 1124 519 1152 in
539 1125 574 1151 F.
590 1125 621 1151 3.
637 1125 671 1151 G.
688 1125 717 1152 1.
733 1125 762 1151 ⁶2.
777 1125 814 1152 D.
831 1125 866 1152 P.
882 1125 916 1152 0.
932 1123 952 1151 f.
1001 1122 1124 1152 asiaal.
1146 1125 1181 1153 G.
1202 1126 1233 1151 2.
1252 1125 1290 1153 D.
1327 1124 1464 1151 asr‘m‘na
1477 1126 1555 1153 Bas.
1573 1126 1600 1154 1.
1638 1124 1867 1154 asinttlz'Scri-

64 1175 134 1196 ver.
154 1169 210 1196 sed
231 1171 297 1196 tum
316 1170 411 1203 plura
425 1173 532 1196 essent
547 1169 759 1197 emendanda.
809 1171 940 1196 tantum
956 1176 1011 1202 pro
1028 1171 1138 1196 lamen
1151 1171 1188 1197 D.
1203 1177 1244 1197 ex
1257 1170 1518 1203 compendiorum
1535 1169 1578 1197 [ῆι
1589 1175 1617 1198 et
1633 1169 1677 1197 tr?
1690 1175 1867 1200 commuta-

63 1213 106 1240 tio
114 1220 170 1249 ne,
197 1214 253 1241 sed
268 1213 332 1241 iam
347 1220 367 1241 a
379 1221 408 1248 p.
423 1221 463 1241 m.
477 1214 607 1241 videtur
619 1222 691 1242 esse
705 1218 894 1242 correctum.
941 1211 1134 1249 ‹ligr-adiens
1149 1215 1184 1243 G.
1204 1215 1230 1242 1.
1246 1215 1279 1242 Ο.
1317 1213 1403 1241 lenio
1418 1215 1531 1243 inveni
1544 1215 1576 1243 in
1591 1216 1626 1243 F.
1646 1217 1671 1244 l.
1687 1218 1716 1244 3.
1733 1217 1767 1244 G.
1783 1218 1813 1244 ἱ).
1827 1218 1866 1245 D.

63 1260 93 1285 el
113 1265 223 1286 omnes
242 1259 312 1286 edd.
331 1261 408 1286 vett.
433 1259 521 1292 Quae
540 1258 603 1286 sint
619 1262 746 1287 veteres
761 1259 833 1287 edit.
846 1281 853 1294 ,
880 1265 962 1292 quae
976 1256 1090 1286 [ει-Μία
1110 1261 1264 1294 praebent
1284 1263 1414 1288 notante
1435 1261 1542 1295 cclv..
1568 1263 1734 1294 probatum
1753 1262 1868 1290 deinde

61 1303 213 1338 Branlio,
245 1303 386 1337 reperire
419 1311 551 1336 nequeo.
587 1304 666 1331 lude
691 1311 709 1332 a
734 1304 898 1332 Vulcanio
924 1304 957 1331 in
977 1305 1046 1332 edd.
1072 1304 1201 1338 irrepsit
1223 1305 1371 1332 mendum
1391 1303 1472 1333 leco.

1522 1304 1644 1332 Iem‘am
1664 1308 1758 1335 habet
1779 1308 1815 1335 G.
1839 1308 1866 1336 1.

62 1345 159 1374 ultra
171 1348 206 1376 F.
221 1349 251 1376 3.
267 1349 302 1376 G.
318 1349 347 1376 1.
362 1349 393 1376 2.
409 1349 446 1376 D.
462 1349 497 1377 P.
512 1349 546 1376 0.
562 1348 582 1376 f.
597 1356 627 1381 g.
643 1350 786 1377 u‘asseo
800 1351 950 1383 placebat
970 1351 1074 1375 retro.
1106 1351 1141 1377 ln
1156 1353 1227 1378 cett.
1255 1348 1358 1377 ultro.

63 1458 114 1483 ex
144 1445 276 1484 Schol.
307 1447 356 1484 ad
388 1446 500 1484 Hom.
527 1446 568 1484 Il.
596 1445 621 1484 I.
649 1450 741 1486 366.
774 1447 933 1492 addidit.

64 1515 133 1554 per
150 1501 251 1540 Mss.
277 1503 444 1554 vestigia
468 1517 543 1541 non
563 1503 767 1547 satisfacit,
793 1504 933 1554 quibus

62 1560 237 1610 proprius
267 1559 458 1598 accedere
494 1564 587 1612 puto
624 1560 934 1598 emendationem

64 1617 285 1655 exercitum
303 1617 385 1655 eius
406 1616 470 1655 lue
484 1617 642 1668 partim
657 1619 780 1668 fame.
817 1615 934 1655 Prae-

63 1684 241 1722 gressum
268 1672 408 1712 EIUS
431 1677 469 1710 et
489 1673 640 1724 ellipsis
654 1673 934 1725 adverbiipar-

62 1729 134 1767 tim
157 1728 332 1767 librarios
358 1728 472 1767 facile
497 1733 648 1781 poterat
673 1729 890 1783 decipere]

120 1786 248 1823 ventri
278 1790 357 1824 tam
384 1786 617 1838 profando,
666 1785 937 1839 [Profanclus

65 1840 115 1878 de
138 1845 272 1879 ventre
297 1841 433 1880 dicitur
452 1842 674 1883 immodico.
701 1843 763 1894 qui
785 1843 934 1894 impleri

65 1911 139 1935 non
164 1901 313 1949 potest,
345 1902 384 1936 et
414 1899 621 1937 insatiabili
648 1899 695 1937 cf.
723 1898 818 1937 Met.
847 1899 932 1938 Vll.

62 1966 101 2004 p.
127 1957 220 1994 499.
245 1956 465 1994 voracitati
493 1969 588 1994 snae
618 1956 790 1995 deservit
814 1961 853 1994 et
877 1957 933 1994 ἰη-

66 2010 293 2049 satiabilem
351 2012 688 2064 profundumque
750 2017 934 2051 ventrem.

67 2065 230 2104 Taubm.
257 2067 307 2105 ad
326 2066 452 2105 Plaut.
481 2066 588 2119 Capt.
610 2067 635 2106 l.
664 2072 700 2108 2.
724 2071 786 2108 79.
826 2067 936 2107 Talis

67 2126 200 2160 venter
237 2122 473 2162 barathrum
509 2125 742 2169 nominatur,
779 2125 830 2162 de
860 2138 936 2175 qno

67 2179 142 2217 iam
168 2178 246 2217 dixi
266 2180 315 2217 ad
340 2179 436 2217 Met.
458 2178 524 2218 lv,
552 2193 586 2231 p.
604 2184 695 2220 251.
722 2181 784 2219 ubi
811 2180 933 2233 vide]

123 2235 391 2287 recmiyabatn.
452 2235 587 2287 [Haec
630 2237 749 2274 torma
765 2268 774 2281 ‚
819 2251 934 2289 quam

68 2304 204 2329 omnes
228 2291 340 2330 codd.
366 2292 541 2339 retinent,
568 2306 683 2343 quum
709 2294 935 2332 insolentior

65 2347 258 2386 videretur
283 2361 376 2387 esse
390 2349 557 2394 Vossio.
583 2351 828 2388 commutavit
848 2364 934 2388 eam

70 2405 105 2443 in
137 2402 308 2455 Etymol.
340 2418 372 2443 s.
400 2418 435 2444 v.
466 2419 581 2445 ramo
611 2407 646 2443 in
684 2407 935 2448 rumitabam.

68 2473 170 2511 quae
193 2464 321 2499 tamen
348 2462 486 2499 eadem
512 2463 718 2511 singularis
745 2467 815 2502 est.
855 2463 936 2501 Sed

66 2516 169 2555 bene
192 2519 402 2570 rmniyare
424 2522 557 2570 potest
581 2532 630 2556 ex
662 2519 842 2571 analogia
872 2520 937 2558 de-

67 2572 186 2612 feudi.
235 2574 271 2611 A
302 2588 439 2613 rumen
470 2575 569 2612 enim
595 2575 633 2612 fit
657 2577 878 2620 ruminare,
915 2591 939 2615 a

68 2642 183 2669 ruma
208 2643 318 2675 vero,
350 2635 392 2668 ut
416 2645 438 2669 a
461 2634 619 2682 fumus:
653 2633 878 2684 snmiqare,
916 2646 940 2670 a

67 2687 200 2725 navis.-
234 2688 451 2739 navigare,
490 2687 674 2726 formatur
716 2690 936 2741 ramiyare.

70 2741 203 2781 Rama
227 2755 297 2793 pro
322 2757 460 2783 rumen
486 2745 520 2782 in
548 2759 619 2782 usu
648 2744 788 2789 fuisse,
819 2749 938 2783 testa-

70 2801 130 2836 tur
153 2797 262 2837 Serv.
288 2799 338 2838 ad
363 2799 470 2851 Virg.
499 2799 644 2838 Ecl.V.
672 2801 737 2841 54.
763 2803 937 2841 rmnz'na-

70 2853 128 2892 tio
153 2855 266 2895 dicta
290 2861 347 2895 est
371 2871 395 2895 a
415 2870 528 2895 rama
550 2859 740 2896 eminente
757 2860 939 2910 yuttnris

69 2914 208 2960 parte,
228 2925 307 2963 per
328 2926 448 2964 qaam
467 2913 658 2953 demissus
677 2914 788 2953 cibas
809 2929 834 2953 a
855 2928 938 2954 cer-

72 2964 123 3003 tis
151 2972 365 3008 revocatur
397 2969 648 3009 animalibus.
697 2970 760 3008 De
791 2970 936 3009 Amol).

73 3016 160 3058 loco
191 3021 273 3062 Vll.
307 3029 370 3065 24.
410 3026 460 3064 nil
504 3028 596 3064 certi
631 3030 765 3077 potest
801 3026 938 3066 afferri.

73 3073 193 3115 Aliud
216 3080 303 3128 quid
324 3083 422 3120 enim
444 3082 649 3133 legendnm
665 3096 780 3133 quam
806 3097 940 3123 rumas

74 3135 261 3174 sententia
297 3138 499 3177 verborum
537 3139 786 3190 significatur,
824 3154 938 3191 quum

993 1461 1131 1486 remme
1155 1447 1331 1485 videatur
1357 1462 1450 1486 esse
1474 1449 1688 1501 plebeium,
1716 1464 1866 1490 aerum-

992 1517 1070 1542 nae
1094 1517 1186 1541 vero
1209 1504 1269 1542 vel
1292 1505 1393 1555 quod
1415 1505 1520 1543 aliud
1542 1506 1702 1557 legeriS.
1729 1508 1867 1545 obscu-

992 1574 1086 1599 rum.
1131 1559 1225 1599 Erat
1250 1574 1365 1611 quum
1391 1562 1572 1612 equidem
1598 1563 1791 1603 adrumas
1816 1564 1867 1601 le-

994 1630 1136 1667 gerem.
1163 1617 1209 1656 cf.
1232 1619 1497 1657 adramium-e
1522 1622 1626 1671 apud
1648 1619 1756 1659 Fest.
1779 1634 1813 1672 p.
1831 1624 1866 1662 9.

994 1677 1033 1712 et
1056 1688 1092 1726 p.
1121 1677 1215 1714 312.
1242 1674 1444 1728 Lindem.]

1053 1731 1292 1770 adtonitam.
1319 1731 1429 1770 Male
1445 1736 1580 1783 agunt,
1601 1734 1763 1783 quicum
1780 1733 1867 1771 Col-

996 1788 1056 1825 vio
1070 1791 1108 1825 et
1122 1787 1294 1826 IVower.
1315 1792 1460 1828 mutant
1480 1789 1515 1827 in
1537 1790 1756 1829 adtentum.
1785 1790 1867 1828 Sed

995 1845 1191 1883 attonitas
1222 1848 1284 1882 est
1315 1858 1399 1882 cum
1426 1850 1595 1897 stupore
1619 1860 1698 1885 esse
1723 1847 1863 1885 adten-

992 1904 1074 1939 tum
1123 1900 1170 1938 cf.
1200 1897 1298 1939 Met.
1329 1900 1396 1940 XI.
1428 1916 1464 1953 p.
1498 1906 1589 1943 795.
1627 1901 1677 1941 X.
1710 1916 1747 1954 p.
1774 1906 1867 1943 749.

994 1955 1141 2008 [luven.
1169 1957 1251 1995 Sat.
1268 1956 1348 1994 Vll.
1377 1962 1441 1998 67.
1467 1960 1608 1997 mentis
1633 1972 1706 1997 nee
1732 1960 1784 1998 de
1809 1959 1864 1997 lo-

1000 2013 1092 2051 dice
1113 2013 1311 2064 paranda
1342 2016 1553 2054 attonitae.
1588 2015 1687 2053 Cort.
1715 2015 1764 2053 ad
1789 2015 1866 2054 Lu-

1000 2069 1147 2107 can.V.
1173 2073 1266 2110 476.
1294 2069 1340 2107 cf.
1367 2070 1505 2109 Loers.
1531 2071 1583 2109 ad
1607 2070 1722 2110 ovid.
1750 2070 1867 2112 Trist.

997 2123 1023 2163 l.
1050 2130 1086 2165 5.
1112 2129 1148 2165 3.
1176 2126 1316 2164 Senec.
1343 2126 1392 2165 N.
1419 2126 1466 2173 Q.
1493 2126 1538 2165 II.
1565 2142 1597 2166 c.
1625 2128 1706 2181 27.]

1052 2237 1138 2277 Cap.
1170 2238 1313 2277 XXIII.
1370 2241 1550 2280 Tandem
1575 2242 1724 2294 ltaque.
1764 2241 1865 2281 Oud.

994 2295 1158 2333 tandem
1184 2296 1359 2349 [lenique
1390 2310 1439 2335 ex
1470 2311 1543 2336 usu
1567 2298 1724 2348 Apuleii
1755 2300 1866 2337 resti-

994 2354 1126 2396 tuens,
1153 2351 1188 2389 in
1214 2365 1261 2390 eo
1282 2352 1383 2391 male
1410 2354 1546 2405 egisse
1570 2354 1735 2399 videtur,
1762 2356 1867 2406 quod

996 2408 1164 2458 optimos
1190 2409 1302 2448 codd.
1327 2423 1401 2448 non
1427 2415 1587 2449 secutus
1613 2415 1684 2449 est.
1723 2410 1866 2457 Quam-

996 2477 1111 2513 quam
1131 2465 1231 2502 enim
1252 2466 1382 2504 multis
1402 2467 1594 2518 exemplis
1613 2467 1711 2506 haec
1725 2468 1866 2506 locutio

996 2524 1130 2571 potest
1154 2523 1414 2573 comprobari,
1441 2523 1528 2562 inde
1554 2527 1682 2562 tamen
1710 2539 1784 2562 non
1805 2539 1865 2563 se-

1000 2577 1141 2626 quitur,
1172 2578 1235 2616 hic
1266 2593 1422 2630 quoque
1448 2582 1672 2619 necessario
1698 2595 1784 2619 eam
1810 2595 1866 2619 re-

999 2634 1118 2683 quiri,
1173 2637 1401 2686 praesertim
1451 2651 1567 2688 quun!
1623 2639 1754 2676 iniruni
1802 2639 1865 2684 sit,

998 2691 1193 2741 quomodo
1225 2692 1340 2730 iidem
1368 2692 1527 2739 librarii,
1566 2694 1628 2744 qui
1655 2694 1741 2732 aliis
1769 2694 1865 2732 locis

997 2747 1159 2785 tandem
1184 2748 1362 2801 denique
1387 2749 1574 2801 religiose
1599 2754 1772 2797 servant,
1806 2751 1867 2789 hic

996 2807 1144 2841 mutare
1163 2805 1255 2855 quid
1276 2806 1350 2843 sibi
1370 2806 1588 2844 sumserint.
1616 2805 1677 2844 Dc
1703 2808 1868 2846 tandem

997 2859 1173 2912 deniqne
1197 2860 1300 2900 Oud.
1327 2867 1539 2913 comparat:
1565 2862 1683 2914 Apul.
1709 2863 1805 2902 Met.
1824 2863 1865 2902 II.

995 2928 1031 2965 p.
1067 2920 1157 2956 124.
1190 2916 1250 2955 III.
1283 2932 1319 2969 p.
1353 2922 1444 2958 215.
1480 2917 1529 2956 X.
1556 2932 1592 2970 p.
1621 2923 1710 2960 703.
1737 2921 1866 2971 ibique

996 2970 1211 3011 Pricaeuni.
1241 2974 1431 3013 Scheffer.
1459 2975 1508 3013 ad
1535 2974 1625 3013 lust.
1639 2975 1811 3015 XXXV.
1831 2982 1864 3017 1.

996 3027 1116 3067 Voss.
1144 3029 1193 3067 de
1220 3029 1434 3069 Construct.
1461 3045 1490 3070 e.
1519 3035 1582 3072 69.
1611 3031 1754 3084 [Hand.
1771 3033 1864 3071 Tm·-

996 3084 1086 3123 sell.
1113 3085 1158 3123 ll.
1185 3101 1222 3138 p.
1249 3091 1340 3129 ⁶266.
1368 3087 1522 3126 Ruhnk.
1551 3088 1652 3127 Dict.
1679 3089 1727 3127 ad
1754 3090 1864 3128 Suet.

997 3155 1034 3192 p.
1061 3142 1170 3194 218]
