2221 3667
330 173 438 216 1000

328 284 588 325 etPanciro.ll
597 284 794 334 Descript.
808 282 902 322 Urb.
911 281 1028 322 Rom.
1035 281 1137 333 Reg.
1147 280 1197 320 X.

328 342 453 381 Palat.
485 341 521 379 in
555 341 694 380 Graev.
722 339 843 378 Thes.
868 339 1028 391 Antiqq.
1061 315 1123 378 T?
1133 336 1198 377 ΙΙΙ.

330 413 367 450 p.
386 401 477 438 428.
505 396 663 435 Lucian.
691 396 742 434 de
767 396 945 447 deaSyr.
971 410 1001 434 e.
1018 399 1083 461 32.
1103 390 1199 447 Ἡρη

328 454 440 493 ἐστιν·
466 451 536 519 ἔχει
561 451 605 492 δέ
623 467 659 492 τι
683 453 747 492 καὶ
763 449 969 505 Ἀθηναίης
987 468 1050 491 και
1041 449 1201 519 Ἀφρο-

326 513 427 562 διτης
457 506 520 549 καὶ
544 510 754 561 Σεληναίης
784 507 847 549 καὶ
867 506 970 560 Ρέης
999 505 1201 560 καιξἈρτέ·

325 570 434 618 μιδος
480 563 544 605 καὶ
589 565 819 617 Νεμέσιος
864 581 928 605 και
976 564 1196 616 ΙΙῙοιοέων.

327 624 427 662 Hinc
455 623 665 662 videndum
696 627 775 669 est,
813 636 928 674 quam
958 635 1079 673 prave
1104 612 1198 659 Vul-

327 695 409 719 can.
440 679 492 718 ad
521 679 657 719 Gloss.
689 693 725 731 p.
752 683 845 721 269.
878 681 913 718 in
947 678 1082 718 Gloss.
1113 678 1197 716 suis

327 736 519 782 Gundav„
545 736 609 775 ubi
635 736 774 787 legitur
799 737 874 775 Isis
898 736 1042 780 Furia,
1068 748 1198 773 emen-

325 795 421 832 dare
458 793 622 832 voluerit
655 795 748 840 τίσις
780 794 915 846 furia,
952 792 1058 843 quod
1095 792 1198 830 idem

326 849 596 902 corrigendum
627 850 663 888 in
696 849 831 889 Gloss.
870 849 957 888 Lat.
991 849 1129 888 Graec.
1160 863 1197 900 p.

327 910 441 952 ⁶239..
466 907 531 946 ubi
557 910 664 945 extat
687 906 762 946 Isis
787 906 968 951 Pharia,
992 918 1199 959 perperam

325 968 473 1004 censet.
535 962 699 1004 Tertull.
734 962 855 1016 Apol.
894 976 928 1003 c.
972 966 1036 1004 16.
1082 963 1200 1004 Ceres

327 1020 519 1074 Pharia]

383 1135 585 1175 nascentis
610 1135 678 1174 dei
704 1135 816 1174 Solis
841 1134 1130 1174 inchoantibus
1153 1133 1198 1172 il-

327 1195 555 1233 lustrantur
579 1192 725 1231 radiis.
785 1191 885 1230 Sunt
909 1191 973 1243 qui
998 1191 1199 1230 nascentis

326 1251 394 1289 die
430 1262 480 1287 ex
516 1248 603 1288 cod.
634 1248 764 1287 Oxou.
803 1262 888 1287 cum
927 1248 1076 1298 aliquot
1110 1247 1200 1287 edd.

326 1306 564 1359 praeferant,
600 1309 641 1344 ut
678 1305 874 1344 Stewech.
907 1309 947 1344 et
975 1303 1096 1351 Pric.,
1135 1304 1199 1355 qui

326 1368 530 1417 praeterea
548 1376 684 1400 vocem
701 1363 810 1403 Solis
829 1362 1086 1401 inducendam
1107 1374 1200 1399 esse

326 1421 593 1472 pronuntiavit.
643 1419 748 1459 Oud.
772 1433 865 1458 vero
897 1419 1059 1458 offendit
1084 1420 1118 1456 in
1145 1417 1198 1455 lo-

327 1478 480 1517 cutione
518 1477 603 1515 diei
637 1477 769 1522 raclii,
813 1490 928 1528 quam
970 1476 1088 1514 latine
1125 1475 1197 1512 dici

325 1547 450 1586 posse
480 1537 614 1583 negat,
652 1547 768 1585 quum
798 1533 894 1571 radii
924 1536 1027 1572 certe
1058 1531 1198 1569 melius

328 1591 412 1629 Soli
438 1590 685 1635 communiit,
723 1590 853 1642 [quod
884 1589 1198 1642 impedimentum

327 1663 402 1687 non
438 1648 531 1686 tanti
568 1650 647 1692 est,
684 1647 911 1698 praesertim
944 1659 1060 1697 quum
1093 1645 1201 1684 Solis

329 1705 550 1756 adpositum
581 1704 649 1749 sit,
687 1707 728 1742 ut
758 1705 792 1742 si
823 1717 846 1741 a
871 1703 982 1742 codd.
1009 1715 1201 1742 commen-

329 1762 480 1800 daretur
494 1761 608 1799 lectio
618 1792 628 1806 ,
654 1760 744 1798 hinc
758 1773 843 1798 eam
858 1774 932 1798 non
947 1763 1198 1797 mutaremus.

327 1820 631 1869 Argumentum,
675 1831 740 1855 cur
785 1816 899 1855 lectio
944 1817 1011 1856 die
1045 1815 1202 1868 probari

327 1878 514 1926 nequeat,
540 1878 646 1913 reete
672 1874 863 1912 intellexit
887 1874 962 1912 iam
989 1872 1099 1918 Prie„
1127 1872 1200 1911 So-

328 1934 378 1971 lis
414 1931 645 1970 vocabulum
683 1931 937 1978 obducturus3
975 1930 1062 1982 quis
1100 1930 1201 1967 enim

327 1989 426 2027 serat
445 1988 753 2027 coniunctionem
774 1988 888 2027 radii
907 1988 1114 2027 nascentz's
1133 1986 1201 2025 die

328 2045 448 2092 Solis,
475 2059 592 2096 quum
617 2058 691 2083 non
719 2048 883 2091 constet,
911 2058 986 2095 quo
1009 2043 1118 2083 Solis
1141 2056 1200 2081 re-

327 2102 527 2141 ferendum
563 2102 632 2147 sit,
667 2102 731 2140 vel
768 2102 970 2142 nascentis·
1007 2101 1100 2140 die?
1136 2100 1199 2139 In-

327 2160 519 2198 clzoantes
556 2159 657 2197 enim
693 2159 807 2198 radii
843 2158 952 2197 Solis
988 2159 1075 2210 ipse
1113 2157 1200 2196 dies

325 2220 389 2254 est
412 2229 579 2255 nascens
610 2216 662 2254 ita
691 2219 733 2253 ut
763 2215 839 2254 hoc
863 2227 1197 2266 supervacaneum

324 2273 511 2318 videatur,
536 2273 739 2312 nascentis
764 2273 831 2311 (lie
858 2272 968 2311 Solis
991 2286 1083 2309 vero
1111 2285 1198 2309 eon-

325 2330 428 2380 iungi
453 2333 559 2367 vetat.
582 2342 683 2367 sana
706 2330 812 2367 ratio.
838 2328 938 2366 Hinc
958 2329 1068 2379 igitur
1087 2329 1198 2366 unice

324 2386 475 2425 retineri
506 2389 642 2438 potest
672 2385 785 2424 lectio
819 2386 886 2424 dei
917 2385 1044 2432 Solis,
1082 2397 1198 2436 quam

324 2445 441 2482 etiam
467 2442 569 2481 Oud.
595 2443 751 2494 probat,
791 2455 1021 2493 comparans
1047 2441 1144 2480 Met.
1172 2440 1197 2480 Ι.

324 2515 359 2553 p.
387 2504 451 2540 23.
491 2497 628 2538 Solem
660 2501 776 2539 isium
808 2500 1006 2538 videntem
1043 2498 1197 2543 deum,

325 2557 430 2609 quod
461 2554 685 2607 exemplum
716 2557 842 2593 minus
873 2556 976 2593 bene
1006 2556 1197 2594 convenit.

325 2616 379 2653 At
416 2627 488 2652 non
527 2625 628 2664 opus
672 2615 751 2658 est,
796 2612 1012 2650 coniunctio
1061 2614 1199 2650 verbo-

324 2684 405 2709 rum
436 2670 537 2709 dens
562 2669 640 2708 Sol
669 2669 842 2720 pluribus
875 2667 973 2707 locis
1005 2670 1199 2707 confirme-

325 2732 400 2774 tur,
439 2739 556 2776 quum
587 2739 657 2777 per
686 2738 733 2763 se
765 2727 869 2765 clara
893 2726 958 2764 sit.
1007 2725 1087 2764 Sol
1108 2739 1198 2763 vero

325 2786 423 2824 lana
455 2786 494 2821 et
523 2782 669 2821 stellae
699 2782 863 2833 saepius
896 2781 1071 2821 dicuntur
1095 2781 1200 2833 apud

325 2844 466 2892 poetas
486 2840 603 2878 nasci
621 2841 660 2876 et
678 2839 914 2878 adolescere
938 2842 978 2877 et
1001 2840 1105 2877 mori
1127 2852 1198 2890 pro

326 2898 423 2942 oriri,
448 2909 610 2947 surgere
629 2899 669 2933 et
689 2896 898 2940 occidere3
923 2895 970 2934 cf.
986 2895 1093 2946 Virg.
1115 2894 1198 2933 Ecl.

327 2952 428 2991 wll.
459 2957 519 2993 17.
552 2952 773 2991 Nascere
791 2965 981 3005 praeque
1005 2952 1110 2991 diem
1138 2965 1198 2990 ve-

331 3010 439 3048 niens
465 3023 545 3062 aye
570 3009 745 3059 Lucifer
770 3008 934 3055 almum,
960 3007 1094 3048 Horat.
1119 3008 1199 3048 Od.

326 3064 467 3106 HI.23.
485 3070 518 3105 1.
549 3065 674 3105 Coelo
698 3066 732 3104 si
757 3066 926 3117 supinus
950 3065 1094 3105 tuleris
1119 3080 1198 3104 ma-

328 3134 416 3166 nns,
453 3122 694 3162 Nascente
721 3122 838 3166 luna,
875 3120 1021 3173 Georg.
1048 3120 1076 3161 Ι.
1103 3126 1196 3162 441.

594 172 640 212 L.
672 170 894 211 APULEII
924 167 1325 209 MADAL'RENSIS
1355 167 1895 209 METAMORPHOSEON

1257 281 1328 321 ille
1353 281 1423 321 ubi
1452 286 1723 321 nascentem
1753 283 1922 322 maculis
1945 282 2120 322 variave-

1257 339 1314 376 rit
1350 342 1521 385 στέψω
1570 337 1655 376 Intt.
1692 337 1742 375 ad
1777 336 1932 378 Petron.
1969 352 2000 377 e.
2030 341 2120 379 122.

1257 408 1331 434 nec
1363 395 1472 433 Solis
1509 394 1672 433 adulti
1701 397 1941 434 mansuescit
1970 395 2122 439 radiis3

1259 450 1458 489 claudian.
1494 448 1628 490 Praef.
1663 449 1832 502 Epithal.
1874 449 2019 490 Honor.
2060 455 2121 492 15.

1258 513 1460 547 renatus
1487 507 1713 559 Hesperus3
1765 506 1888 547 Solin.
1913 520 1950 559 p.
1977 509 2041 548 26.
2064 508 2122 546 in-

1257 568 1317 603 ter
1352 569 1564 616 utrumque
1594 564 1741 603 solem
1771 563 2027 616 Antipodum
2058 577 2122 603 oc-

1257 621 1456 660 cidentem
1492 626 1532 659 et
1564 625 1746 659 nostrum
1785 624 2123 660 renascentem.

1254 676 1342 716 Nee
1370 690 1456 715 raro
1489 677 1662 715 videntur
1693 677 1761 716 die
1790 680 1830 714 et
1860 677 1928 716 dei
1958 677 2054 715 intel
2078 689 2125 714 se

1257 738 1490 773 commutata
1511 747 1605 772 esse
1629 733 1678 772 cs.
1694 732 1778 772 Intt.
1798 733 1908 772 adv·
1900 747 1969 784 urg.
1982 733 2080 772 Aen.
2094 732 2123 772 Ι.

1257 790 1515 832 636.1tain
1541 790 1700 829 Anthol.
1728 790 1815 830 Lat
1842 790 1887 829 T.
1912 789 1941 829 l.
1966 803 2002 841 p.
2030 793 2122 831 703

1256 847 1386 886 Burin.
1424 849 1459 886 in
1498 847 1611 898 1dy.11
1644 847 1693 885 de
1724 846 1836 886 Rosa
1866 847 1914 886 V.
1945 851 2006 887 14.
2039 859 2125 885 cum

1256 904 1393 944 Barth.
1419 891 1627 956 legendum
1646 911 1726 942 est:
1755 904 1822 944 Ad
1838 904 1964 957 primi
1982 903 2126 955 radios

1255 963 1474 1002 interitura
1498 961 1596 1007 dci,
1621 961 1686 999 ubi
1711 961 1824 1000 codd.
1849 961 1917 1001 die
1940 960 2124 1007 scribunt,

1251 1020 1381 1072 primi
1405 1019 1598 1057 vocabulo
1628 1019 1754 1056 minus
1784 1022 1934 1069 aptum,
1969 1018 2125 1070 primus

1258 1077 1356 1116 dens
1381 1076 1484 1114 idem
1509 1079 1583 1121 est,
1609 1075 1671 1126 qui
1700 1079 1830 1113 nostro
1852 1075 1939 1112 loco
1957 1087 2126 1114 nascens

1256 1133 1484 1179 nominatur,
1509 1131 1560 1172 cf.
1586 1132 1691 1182 Vir-g.
1719 1132 1863 1183 Georg.
1888 1130 1914 1169 Ι.
1934 1132 2026 1172 250.
2054 1144 2127 1169 nos

1257 1190 1327 1230 nbi
1346 1191 1513 1243 primns*
1530 1189 1643 1243 equz‘s
1659 1189 1803 1228 Orz'ens
1823 1189 1986 1241 afflavit
2006 1187 2126 1227 anhe-

1260 1247 1320 1286 lis.
1371 1246 1550 1285 Ceterum
1575 1246 1788 1284 terminatio
1815 1245 1883 1284 die
1912 1244 2013 1297 satis
2035 1247 2129 1282 nota

1260 1307 1323 1342 est
1353 1303 1399 1343 cf.
1431 1303 1561 1341 Burm.
1593 1302 1643 1340 ad
1675 1302 1791 1340 Ovid.
1821 1301 1920 1341 Met.
1945 1299 2007 1339 ΙΙΙ.
2034 1304 2110 1341 341

1258 1360 1328 1399 Dr.
1354 1360 1402 1399 ad
1429 1359 1515 1399 Liv.
1542 1359 1590 1397 V.
1608 1363 1672 1399 13.
1696 1358 1726 1409 ἕ.
1742 1363 1778 1399 5.
1802 1357 1932 1397 Bentl.
1958 1357 2008 1396 ad
2031 1357 2127 1396 Hor.

1258 1417 1382 1457 Carm.
1408 1416 1471 1455 ΙΙΙ.
1497 1421 1534 1457 7.
1560 1421 1596 1456 4.
1627 1415 1758 1454 ssurm.
1784 1415 1834 1453 ad
1859 1412 2018 1453 Anthol.
2045 1414 2067 1452 Ι.
2094 1428 2126 1454 e.

1257 1473 1391 1513 Eekst.
1424 1473 1474 1512 ad
1506 1473 1626 1512 Voss.
1657 1474 1778 1512 Arist.
1810 1471 1855 1510 Τ.
1888 1471 1932 1510 ΙΙ.
1964 1485 1999 1522 p.
2033 1474 2126 1513 652.

1259 1535 1352 1572 653.
1399 1530 1485 1569 Nec
1510 1544 1596 1569 raro
1622 1534 1750 1568 famen
1777 1529 1876 1567 haec
1902 1527 2128 1567 insolentior

1258 1588 1381 1626 forma
1416 1600 1551 1625 ansam
1583 1588 1761 1638 praebuit
1791 1584 2051 1636 corruptelae,
2087 1589 2129 1624 ut

1258 1643 1415 1683 Petron.
1444 1647 1508 1684 68.
1534 1657 1570 1694 p.
1598 1646 1711 1689 443„
1747 1643 1813 1680 ubi
1838 1656 1908 1693 pro
1936 1641 2127 1681 barbarie

1257 1700 1392 1752 legere
1416 1701 1563 1738 malunt
1589 1700 1815 1746 barbariae,
1842 1698 1947 1749 quod
1971 1712 2045 1737 non
2067 1712 2130 1737 ne-

1260 1758 1472 1796 cessarium
1494 1761 1565 1803 est,
1588 1769 1821 1808 quamquam
1841 1756 1937 1802 scio,
1958 1756 1993 1793 in
2015 1755 2128 1795 codd.

1257 1815 1549 1854 terminationes
1576 1827 1596 1852 e
1621 1816 1659 1852 et
1689 1827 1738 1853 ae
1763 1813 1928 1864 disiungi
1954 1812 2051 1850 inter
2081 1825 2127 1850 se

1258 1887 1333 1911 non
1362 1885 1493 1922 posse.
1530 1870 1587 1910 lta
1610 1870 1713 1908 male
1739 1870 1946 1908 emendant
1971 1869 2037 1907 viri
2063 1869 2128 1908 do-

1260 1930 1309 1968 cti
1340 1927 1467 1967 locum
1499 1929 1610 1967 Varr.
1641 1926 1690 1965 de
1720 1927 1769 1965 R.
1800 1926 1848 1965 R.
1881 1925 1907 1964 Ι.
1941 1930 1976 1966 2.
2009 1925 2038 1976 ξ.
2072 1930 2126 1967 5.:

1260 1986 1358 2038 Eyo
1378 1986 1447 2025 ln'c
1471 1985 1540 2025 ubi
1559 1999 1647 2023 nox
1671 1990 1709 2023 et
1733 1984 1820 2023 (lies
1838 1983 1996 2022 modice
2019 1983 2131 2022 redit

1259 2048 1296 2083 et
1322 2043 1418 2087 abit,
1443 2047 1576 2081 tamen
1601 2043 1749 2081 aestivo
1769 2041 1875 2079 diem
1893 2041 1926 2079 si
1944 2054 2025 2078 non
2045 2040 2128 2091 dif-

1255 2099 1469 2153 finderem,
1507 2112 1594 2137 'meo
1619 2099 1799 2137 insiticio
1828 2110 1991 2136 somno
2015 2098 2128 2135 meri-

1259 2157 1344 2203 die,
1366 2169 1481 2208 quum
1502 2168 1665 2193 somnus
1684 2154 1853 2194 meridie
1872 2153 1924 2191 sit
1942 2153 2127 2192 meridiei

1257 2227 1289 2252 s.
1315 2212 1563 2251 meridianus.
1616 2211 1670 2250 Ut
1705 2211 1755 2250 ad
1791 2214 1963 2248 nostrum
2002 2209 2130 2248 locum

1256 2269 1433 2309 redeam.
1470 2270 1503 2308 si
1531 2269 1622 2320 quid
1646 2268 1870 2307 mutandum
1902 2270 1980 2314 est,
2019 2266 2129 2306 Solis

1258 2340 1342 2366 cum
1369 2326 1532 2365 Piieaeo
1559 2325 1694 2371 delen,
1731 2326 1820 2375 quia
1848 2323 1926 2363 Sol
1946 2321 2026 2362 κατ’
2055 2323 2128 2371 ἐξο-

1256 2381 1323 2437 χὴν
1348 2384 1447 2421 (leus
1480 2396 1605 2422 nomm
1609 2386 1692 2420 mn
1722 2382 1771 2420 cf.
1799 2380 1956 2420 Herald.
1982 2381 2032 2419 ad
2056 2380 2129 2418 Ar-

1259 2441 1346 2479 nob.
1372 2439 1398 2478 Ι.
1426 2443 1490 2481 29.
1518 2439 1708 2477 'llic-mist.
1736 2438 1844 2478 O1at.
1870 2436 1938 2476 ΧΙ.
1971 2440 2009 2476 οἱ
2034 2433 2128 2489 σφό-

1257 2500 1329 2550 δρα
1354 2495 1628 2548 e'wmfflfflofizzsg
1657 2500 1733 2543 τοῖς
1763 2493 1929 2547 ὄμμασιν
1961 2491 2130 2534 ἀτενίσαι

1258 2558 1308 2601 εις
1329 2551 1395 2593 τὸν
1419 2551 2027 2604 0561·-Cuper.Harpocrat.in
2053 2549 2128 2588 Po-

1258 2610 1333 2650 len.
1361 2607 2127 2663 Suppl.'lhes.Ar1ti‹1q.T.ll.p.-480.

1258 2668 1527 2708 Nascentis
1553 2668 1620 2706 die
1641 2666 1751 2705 Solis
1777 2664 2131 2705 inchoantibus

1259 2725 1392 2764 radiis
1416 2721 1642 2774 ι’σοδύνιιμοι
1667 2726 1747 2768 est,
1781 2720 1885 2773 quod
1910 2721 2057 2765 dicunt,
2088 2723 2130 2758 ut

1260 2787 1369 2821 ortus
1407 2781 1602 2833 oriqz‘m's,
1640 2780 1857 2819 exordium.
1891 2778 2129 2820 nativitatis,

1259 2839 1309 2877 de
1346 2838 1486 2889 quibus
1525 2836 1572 2875 cl.
1610 2836 1696 2875 Intt.
1732 2836 1783 2874 ad
1818 2833 1967 2873 Arnob.
2003 2832 2030 2871 Ι.
2065 2837 2131 2873 28.

1261 2899 1394 2934 ortus
1418 2894 1481 2933 sni
1506 2894 1748 2946 oriqinem
1768 2892 1918 2931 ducere
1930 2893 1969 2927 et
1983 2890 2129 2940 Wsopk.

1256 2952 1292 2989 in
1324 2950 1439 2989 Misc.
1472 2950 1642 2988 Observ.
1675 2945 2129 2997 C1·it.N0v.11.p‚19

1256 3007 1315 3046 Ita
1333 3006 1604 3045 defendendus
1623 3009 1684 3043 est
1697 3005 1744 3042 V
1737 3019 1792 3055 ¹¹'f
1781 3004 1831 3041 il.
1853 3004 1963 3042 locus
1984 3003 2129 3053 hem-g.

1258 3063 1283 3102 1.
1305 3069 1412 3109 441„
1438 3063 1501 3101 ubi
1528 3063 1563 3100 iu
1590 3063 1719 3100 verbis
1745 3047 1971 3100 nascentem
1997 3064 2130 3100 ortum

1257 3120 1360 3160 male
1386 3118 1617 3172 offendunt]
