2155 3590
622 140 810 181 LIBER
841 139 914 182 VI.
968 140 1092 182 c-AP.
1119 140 1215 181 XV.
1757 139 1839 181 443

55 254 182 295 minus
214 253 426 294 truculenti
455 253 576 294 fontis
605 253 668 294 vel
692 267 809 294 unam
832 254 976 295 stillam
1001 268 1116 308 posse
1141 253 1281 304 furari,
1309 253 1372 293 vel
1402 252 1560 293 omnino
1586 252 1841 306 contingere?

54 309 142 351 Diis
173 309 290 350 etiam
319 310 469 364 ipsique
493 308 580 350 Iovi
610 310 876 350 formidabiles
908 324 1029 364 aquas
1052 317 1150 351 lstas
1175 308 1335 365 Stygias
1365 309 1429 349 vel
1453 310 1570 348 fando
1596 308 1842 362 comperisti.

55 366 231 420 quodque
254 380 326 406 vos
351 367 537 407 deieratis
561 380 632 420 per
655 367 813 406 numina
840 368 1020 418 deorum,
1048 367 1141 407 deos
1165 380 1235 421 per
1259 364 1331 420 Sty
1334 365 1394 419 gis
1421 365 1664 405 maiestatem
1688 364 1842 405 solere?

55 421 132 465 Sed
163 423 256 463 cedo
286 423 401 462 istam
432 421 626 463 urnulam.
687 421 742 462 Et
771 425 948 477 protinus
979 430 1174 478 arreptam
1201 412 1473 478 compleltum
1499 434 1637 476 aquae
1662 421 1839 472 festinat,
1865 427 1930 460 409

52 549 181 588 ipsique
200 549 280 579 Ῑουι·
295 550 399 578 etiam
417 548 446 580 ὃ.
493 550 549 579 vel
559 550 677 579 saltem
683 550 798 591 fando
812 560 914 588 comp.
928 561 965 581 π.
1012 551 1231 589 comperui‘slt
1242 551 1262 580 f.
1277 547 1306 580 δ.
1355 558 1417 588 que
1431 557 1490 578 vos
1502 557 1558 584 pro
1572 547 1723 586 quodque
1736 557 1794 578 vos
1807 551 1843 579 0.

52 594 221 634 (legeratis
235 597 269 625 Ο.
293 595 457 634 dn‘geran's
471 593 500 625 δ.
547 595 697 624 Deorum
711 599 821 626 exulat
835 605 855 626 a
869 595 898 627 δ’.
934 595 1086 635 Stygiam
1101 600 1137 627 G.
1151 599 1188 627 P.
1201 598 1240 626 D.
1253 598 1288 626 0.
1303 596 1324 624 f.
1339 605 1372 630 φ.
1384 597 1468 625 Elm.
1481 595 1603 624 Floria.
1628 594 1843 622 maiestatem

52 641 254 670 desideratur
265 643 301 670 in
313 639 343 671 δ.
390 640 489 669 credo
503 650 559 677 pro
572 640 649 670 cedo
664 643 699 670 G.
713 643 752 670 D.
800 641 974 670 vernulam
992 646 1096 678 Marg.
1110 644 1189 671 Bas.
1204 644 1236 671 2.
1283 639 1344 670 sed
1354 641 1513 678 protinus
1531 641 1567 668 F.
1581 641 1611 668 3.
1626 641 1662 668 G.
1674 641 1713 668 D.
1727 641 1762 668 Ο.
1778 640 1800 668 f.
1814 637 1843 668 δ.

48 688 88 715 In
106 689 178 715 cett.
198 687 289 715 codd.
303 690 334 715 et
347 688 417 715 edd.
442 687 660 723 etpromms,
686 688 768 721 quod
782 688 929 721 equidem
944 690 1049 721 probo.
1097 686 1372 724 complexamque
1390 687 1426 714 G.
1445 687 1485 714 D.
1504 693 1561 720 pro
1581 683 1845 721 completumque

49 731 142 760 etita
152 732 251 760 etiam
263 732 392 761 Medius
405 733 553 762 coniecit.
592 732 748 772 festinat
762 734 797 762 F.
815 735 841 762 1.
855 734 886 762 3.
901 734 936 761 G.
952 735 989 761 D.
1003 734 1038 762 0.
1052 734 1088 762 P.
1105 732 1282 772 festinant
1298 732 1319 761 f.
1335 730 1545 772 festr'natt'us
1560 739 1588 766 p.
1613 732 1650 759 In
1665 734 1739 758 cett.
1753 730 1843 758 codd.

49 779 80 805 et
93 777 164 806 edd.
176 780 252 806 ven.
256 776 485 816 festinanter.

52 880 176 915 terum
201 888 337 915 omnes
363 877 477 915 codd.
505 876 567 914 vel
591 879 702 928 ipsae
728 877 919 915 editiones

51 936 207 971 veteres
230 937 450 986 speratque
472 934 672 985 praebent.
709 932 921 972 Praeterea

52 989 249 1028 Stewech.
259 989 442 1028 emendat
453 991 622 1028 traiectis
637 990 798 1028 vocibus
815 1003 920 1043 quae

52 1059 274 1098 sperasque
303 1051 360 1093 te,
390 1046 497 1096 quod
525 1048 612 1085 sine
643 1047 759 1085 dubio
790 1059 918 1084 errore

51 1101 285 1153 typographi
321 1107 542 1153 corruptum
577 1105 613 1142 in
646 1116 751 1156 quae
780 1116 920 1154 speras

52 1163 91 1197 te
115 1158 382 1209 corrigendum
396 1164 470 1198 est.
493 1158 596 1198 Oud.
616 1160 817 1209 cogitavit,
844 1172 921 1211 qne

51 1214 115 1252 vel
145 1227 215 1266 pro
249 1229 413 1268 quoque
446 1215 509 1254 hic
538 1216 646 1266 poni,
682 1215 746 1253 vel
783 1227 836 1252 ex
872 1227 919 1252 eo

51 1276 271 1322 corruptum
307 1284 420 1317 esse,
456 1271 735 1310 subintellecta
765 1273 919 1309 interro-

50 1327 217 1379 gationis
241 1327 431 1379 particula
455 1342 527 1373 an,
560 1333 601 1366 nt
624 1327 768 1366 millies
789 1328 825 1365 in
846 1339 920 1365 usu

51 1386 114 1423 sit.
162 1383 225 1422 De
257 1397 335 1436 qne
367 1388 406 1422 et
431 1398 595 1437 quoque
619 1383 783 1422 conferri
816 1383 922 1420 iubet

51 1440 136 1479 Intt.
149 1440 199 1478 ad
212 1439 299 1479 Liv.
314 1439 365 1479 V.
381 1445 447 1481 27.
460 1440 491 1490 ᾧ.
509 1446 543 1480 1.
562 1440 734 1479 Miscell.
754 1438 921 1478 Observ.

49 1496 153 1536 Nov.
176 1496 268 1535 Vol.
284 1495 385 1535 VIII.
410 1511 446 1549 p.
463 1501 528 1538 38.
553 1497 650 1536 Met.
665 1495 749 1536 vn.
775 1510 811 1548 p.
828 1499 923 1536 452.

52 1552 131 1606 [Ea
159 1553 209 1592 de
238 1552 519 1604 significatione
550 1555 630 1605 agit
654 1553 843 1603 Wagner.
867 1552 921 1600 ,ad

50 1610 159 1661 Virg.
190 1610 290 1648 Aen.
322 1609 390 1649 lV.
423 1613 536 1655 629,
575 1612 640 1662 qui
670 1609 842 1659 Hotting.
874 1608 922 1648 ad

51 1666 132 1706 Cic.
146 1666 196 1705 de
209 1665 298 1705 Div.
311 1664 339 1704 l.
355 1670 392 1707 3.
406 1666 525 1706 Roth.
542 1665 577 1706 in
592 1666 766 1705 Seebod.
782 1666 925 1705 Neuen

52 1722 217 1763 Archiv.
245 1726 365 1764 1829.
390 1737 424 1761 n.
451 1727 515 1764 22.
540 1736 579 1775 p.
605 1728 669 1764 85.
695 1723 840 1761 excitat
875 1721 924 1760 cs.

53 1779 249 1819 Boettich.
277 1777 377 1818 Lex.
411 1779 507 1819 Tac.
536 1793 575 1832 p.
606 1784 696 1821 177.
744 1778 848 1818 Duk.
875 1778 925 1816 ad

54 1835 157 1875 Flor.
170 1835 238 1876 IV.
264 1839 358 1877 295.
383 1835 470 1876 Intt.
483 1837 535 1875 ad
545 1835 624 1875 Cic.
640 1835 758 1875 Tusc.
773 1835 841 1874 IV.
860 1838 922 1875 13.

54 1892 102 1932 Τ.
124 1891 170 1930 11.
194 1907 233 1946 p.
259 1895 342 1934 330
366 1906 427 1944 sq.
452 1893 558 1932 Mos.
583 1892 651 1933 lv,
678 1896 743 1933 37.
769 1905 810 1944 p.
828 1895 924 1932 437.

54 1948 120 1988 De
143 1948 219 1988 hac
242 1961 336 1988 vero
362 1949 642 2001 significatione
666 1949 794 1988 adhuc
818 1948 923 1986 dubii

52 2009 144 2044 sunt
165 2006 236 2044 viri
259 2005 375 2052 docti,
400 2019 518 2057 quum
540 2006 685 2058 ubique
709 2005 926 2056 scripturae

54 2061 316 2113 discrepantia
360 2066 569 2113 appareat,
616 2067 656 2100 et
685 2060 925 2113 compendiis

54 2117 252 2157 scribendi
278 2131 356 2170 que
379 2122 420 2156 et
445 2132 609 2171 quoque
628 2117 811 2156 facillime
830 2117 927 2155 inter

53 2188 101 2213 se
126 2174 350 2213 commutari
374 2178 527 2225 queant.
553 2174 638 2212 Sed
650 2176 691 2212 ut
703 2173 779 2212 hoc
791 2186 926 2212 verum

56 2232 125 2277 sit,
156 2230 289 2270 dubito
321 2244 370 2269 an
401 2231 507 2268 initio
539 2231 722 2270 orationis
756 2244 833 2282 que
856 2243 925 2281 pro

59 2301 223 2340 quoque
257 2287 436 2339 usurpari
471 2286 598 2325 liceat.
647 2286 796 2337 Virgilii
832 2299 924 2324 vero

57 2357 195 2382 versus
209 2348 272 2382 est
284 2342 534 2395 hypermeter
551 2347 672 2394 atque
684 2341 929 2393 disiungendi

55 2404 147 2440 snut
169 2401 251 2452 ipsi
272 2401 294 2438 i.
309 2413 344 2439 e.
368 2400 532 2439 Aeneas
556 2413 643 2438 cum
666 2399 786 2438 sociis
811 2403 928 2450 atque

56 2462 224 2510 nepotes
247 2457 352 2503 eius,
385 2456 490 2507 quod
515 2456 764 2508 apertissime
786 2455 930 2494 indicat

56 2526 198 2552 versus
224 2517 318 2554 627.
366 2513 524 2559 Nunc,
558 2513 690 2558 olim,
718 2526 928 2565 quocun-

61 2583 152 2624 que
175 2570 335 2610 dabunt
355 2583 397 2610 se
420 2575 639 2622 tempore
665 2570 777 2608 vires.
809 2567 927 2619 Equi-

58 2627 149 2666 dem
173 2639 408 2678 quamquam
430 2627 567 2664 retinui
591 2624 818 2677 particulam
844 2639 932 2678 que,

58 2687 187 2723 tamen
213 2683 410 2734 quomodo
441 2687 547 2721 recte
578 2682 763 2733 explicari
791 2683 932 2734 possit,

58 2741 204 2780 meio.
228 2739 331 2784 Nisi,
355 2739 461 2790 quod
484 2744 611 2778 tamen
627 2736 742 2776 valde
761 2737 934 2777 dubitan-

61 2797 153 2836 dum
177 2799 258 2845 est,
290 2797 472 2835 ironicam
496 2794 560 2833 vel
590 2794 867 2846 emphaticam,
897 2795 933 2833 si

62 2854 115 2892 ita
137 2853 268 2892 dicere
293 2851 402 2898 licet,
437 2852 756 2904 significationem
789 2851 934 2890 habeat

65 2913 256 2958 (nostrum
287 2909 325 2949 Ο
356 2910 414 2948 du
443 2909 651 2948 tlto‘richle
679 2908 934 2959 unerfaltrne

64 2965 243 3020 Psyche,
267 2967 369 3006 und
394 2965 452 3006 (Iu
476 2966 641 3019 hoffst,)
664 2964 934 3015 quaeinestin

62 3020 255 3074 particula
276 3027 326 3068 et,
349 3022 452 3060 hunc
476 3020 605 3060 locum
627 3020 845 3072 intelligere
868 3033 934 3059 ne—

66 3077 258 3189 quziiclo
282 3136 529 3188 comperisti.
565 3132 795 3187 [Duplicem
820 3133 934 3173 huius

979 877 1152 928 gerundii
1189 876 1508 928 significationem
1545 879 1584 914 et
1613 876 1777 914 activam
1808 876 1847 912 et

977 934 1179 984 passivam
1202 937 1423 985 proponunt
1446 934 1521 970 iam
1544 936 1700 970 veteres
1725 943 1847 982 gram·

976 991 1104 1028 matici
1139 989 1320 1028 Diomed.
1345 988 1372 1028 I.
1403 1003 1441 1041 p.
1468 992 1562 1029 333.
1609 987 1773 1026 Putsch.
1809 990 1850 1025 et

976 1045 1213 1085 Prisexlll.
1235 1050 1271 1087 9.
1299 1044 1385 1084 Τ.Ι.
1411 1058 1448 1096 p.
1464 1049 1557 1086 396.
1589 1043 1724 1083 Krehl.
1751 1042 1848 1081 Con-

980 1101 1064 1140 serri
1089 1106 1224 1154 potest
1270 1102 1392 1140 Bach.
1419 1101 1468 1140 ad
1493 1100 1608 1140 ovid.
1633 1100 1732 1140 Met.
1756 1098 1848 1138 XV.

979 1162 1090 1199 497..
1117 1160 1181 1209 qui
1196 1158 1320 1196 fusius
1336 1158 1386 1196 de
1401 1157 1573 1207 gerundii
1587 1158 1744 1196 notione
1758 1157 1849 1208 agit,

975 1215 1136 1267 fando
1167 1215 1345 1267 alt'quem
1377 1213 1655 1267 Hippolytum
1688 1218 1849 1258 vestras,

975 1275 1098 1322 puto,
1125 1272 1303 1322 conti-qil
1327 1284 1445 1308 aures
1469 1270 1575 1319 ἲίιχρς.
1603 1270 1700 1308 Aen.
1722 1268 1766 1306 II.
1781 1273 1849 1310 81.

981 1326 1057 1364 Cic.
1083 1326 1133 1364 de
1158 1325 1247 1364 Nat.
1267 1326 1386 1364 Deor.
1402 1324 1428 1364 I.
1444 1329 1508 1366 29.
1535 1312 1624 1364 alia.
1650 1326 1698 1364 cf.
1712 1324 1849 1364 Eekst.

979 1382 1029 1421 ad
1056 1382 1090 1419 V
1095 1396 1176 1421 oss.
1190 1382 1281 1420 Aris
1285 1387 1309 1420 t
1337 1381 1381 1420 T.
1397 1380 1491 1433 11.p.
1508 1386 1600 1422 782.
1625 1381 1777 1421 Eadem
1793 1395 1850 1420 ra-

980 1438 1282 1491 tioneApnleius
1291 1438 1454 1490 Apotp.
1465 1442 1558 1478 396.
1570 1441 1659 1491 quis
1672 1452 1852 1491 unquam

977 1496 1142 1549 faudo
1168 1496 1328 1535 audivit
1359 1500 1437 1533 tam
1463 1495 1629 1534 similem
1654 1495 1851 1546 suspicio-

980 1566 1079 1591 nem.
1093 1565 1130 1603 p.
1149 1555 1239 1593 1195.
1262 1553 1350 1604 quis
1370 1552 1472 1590 enim
1493 1551 1657 1604 fando
1682 1551 1853 1590 audivit.

982 1623 1020 1661 p.
1046 1613 1139 1650 564.
1165 1609 1292 1648 multa
1313 1607 1475 1660 fando
1500 1608 1668 1647 mult'stae‘.
1706 1606 1852 1646 Florid.

983 1680 1020 1717 p.
1046 1669 1082 1706 9.
1109 1670 1152 1705 ut
1173 1665 1333 1718 fando
1358 1664 1626 1717 accepimus]

1034 1736 1115 1774 per
1139 1722 1305 1761 numina
1331 1721 1508 1761 deornm.
1559 1720 1736 1773 [Numen
1762 1720 1854 1759 deo-

983 1792 1064 1817 rum
1077 1782 1157 1816 tum
1171 1778 1417 1830 potissimum
1437 1781 1772 1822 commemoratur,
1790 1776 1856 1815 ubi

981 1834 1032 1873 ad
1057 1848 1190 1873 eorum
1214 1838 1401 1879 mentem,
1427 1834 1598 1872 studium
1618 1847 1665 1872 ac
1682 1837 1855 1884 potesta-

981 1896 1060 1929 tem
1090 1891 1294 1942 respicitur
1341 1889 1389 1928 cf.
1408 1889 1517 1941 Virg.
1548 1888 1650 1928 Aen.
1681 1889 1727 1928 II.
1762 1893 1855 1930 623.

982 1947 1050 1986 Dr.
1077 1947 1126 1985 ad
1151 1947 1221 1986 Sil.
1247 1946 1276 1986 1.
1302 1950 1367 1987 93.
1391 1946 1516 1985 Bach.
1541 1946 1593 1985 ad
1617 1945 1733 1986 Ovid.
1758 1945 1855 1985 Met.

982 2003 1050 2042 XI.
1081 2008 1172 2044 134.
1180 2003 1196 2056 ]

1037 2074 1116 2112 per
1130 2060 1272 2115 Styyz's
1285 2060 1539 2106 maiestatem,
1586 2059 1713 2098 Recte
1725 2063 1857 2098 monet

983 2115 1105 2163 Oud.,
1132 2116 1220 2155 ferri
1241 2129 1315 2154 non
1335 2129 1461 2167 posse
1474 2116 1636 2155 alteram
1649 2115 1856 2155 lectionem

985 2172 1175 2227 Styyiam
1187 2173 1443 2218 maiestatem,
1451 2173 1540 2224 quia
1553 2172 1643 2224 plus
1656 2175 1708 2212 sit
1716 2173 1859 2227 Styyis

984 2231 1180 2275 maiestas,
1196 2242 1311 2280 quam
1325 2228 1486 2283 Styyia.
1512 2228 1610 2268 Eam
1625 2231 1726 2268 enim
1738 2229 1857 2268 modo

985 2285 1035 2325 ad
1074 2286 1204 2337 Styga
1238 2286 1452 2336 pertinere,
1489 2300 1565 2324 non
1601 2300 1694 2324 vero
1731 2286 1857 2337 ipsius

986 2355 1081 2380 esse
1106 2343 1255 2394 Stygis.
1290 2340 1369 2380 Per
1393 2341 1560 2394 Stygem
1582 2344 1736 2382 iurasse
1759 2342 1859 2380 deos

986 2399 1232 2437 notissimum
1256 2402 1330 2437 est.
1357 2398 1404 2437 cf.
1431 2398 1519 2439 Intt.
1543 2400 1593 2438 ad
1611 2399 1758 2439 Minue.
1772 2397 1857 2437 Fel.

986 2469 1018 2494 c.
1044 2459 1109 2496 35.
1133 2455 1382 2508 potissimum
1397 2454 1557 2502 Ouzel.,
1583 2457 1647 2507 qui
1662 2469 1731 2508 pro
1751 2469 1858 2494 more

987 2525 1060 2550 suo
1087 2526 1126 2563 p.
1153 2516 1246 2553 204.
1277 2512 1340 2551 ed.
1365 2511 1493 2564 Lugd.
1525 2512 1692 2565 plurima
1716 2513 1858 2563 compi-

985 2568 1088 2607 lavit.

1020 2568 1861 2678 etpiotinusarreptamcompletumaquae

987 2683 1173 2735 festinat.
1213 2681 1271 2720 Ita
1290 2695 1312 2720 e
1333 2682 1533 2721 codicibus
1553 2682 1708 2733 optimis
1731 2695 1860 2720 emen-

991 2738 1091 2784 davi,
1100 2740 1164 2789 qui
1172 2738 1316 2777 habent
1324 2743 1530 2791 arreptam
1539 2739 1861 2790 completumque

987 2797 1172 2848 festinat,
1182 2795 1284 2846 quod
1294 2794 1400 2834 nullo
1413 2794 1530 2832 modo
1545 2794 1701 2832 delendi
1716 2798 1860 2845 potest.

991 2852 1096 2889 Ante
1125 2850 1228 2890 oud.
1261 2851 1342 2890 sere
1374 2864 1513 2889 omnes
1544 2851 1634 2890 edd.
1664 2850 1863 2890 habebant

991 2912 1030 2947 et
1061 2909 1253 2960 protinus
1289 2912 1495 2959 arreptum
1539 2907 1861 2960 completumque

989 2965 1250 3016 festinanter.
1284 2964 1387 3002 haud
1422 2963 1603 3001 sollicitis
1634 2963 1861 3009 editoribus,

991 3020 1094 3059 unde
1107 3022 1354 3059 accusativus
1363 3020 1429 3058 ille
1437 3018 1811 3071 pendeat.Floridus
1823 3020 1862 3060 iu

991 3077 1222 3129 paraphrasi
1236 3077 1418 3128 explicat,
1427 3080 1466 3115 et
1476 3079 1608 3116 statim
1621 3081 1787 3129 captum
1794 3079 1862 3116 im·

988 3134 1137 3186 plectit,
1164 3146 1399 3185 quamquam
1419 3133 1470 3171 de
1487 3132 1655 3172 lectione
1667 3134 1756 3185 ipsa
1767 3132 1862 3173 nihil
