2155 3590
666 165 853 206 LIBER
883 165 980 206 vn.
1038 164 1166 205 CAP.
1197 164 1270 205 111.
1793 162 1875 204 523

101 281 340 322 miserandus
376 280 516 320 merito
553 280 771 330 videretur,
811 278 972 320 crimine
1001 278 1197 318 latrocinii
1225 277 1264 316 in
1298 276 1487 329 hospitem
1514 276 1605 316 mihi
1631 274 1874 315 carissimum

101 337 339 392 postulabar.
402 335 514 390 Quod
551 336 697 376 crimen
733 349 812 375 non
848 336 960 375 modo
996 334 1264 383 latrocinium,
1302 346 1438 372 verum
1475 331 1588 372 etiam
1627 330 1876 385 parricidium

101 394 262 447 quisque
286 393 434 433 rectius
459 391 684 432 nominarit.
757 390 843 431 Nec
875 391 966 430 mibi
996 398 1123 431 tamen
1153 390 1295 430 licebat
1319 401 1475 428 cansam
1500 401 1623 427 meam
1650 387 1875 436 defendere,

101 450 164 489 vel
188 450 303 489 unico
328 449 450 489 verbo
475 449 611 488 saltem
639 449 850 500 denegare.
913 446 1091 500 Denique
1124 460 1172 486 ne
1204 446 1304 485 mala
1335 443 1575 484 conscientia
1605 450 1683 482 tam
1710 443 1877 482 scelesto

101 505 252 546 crimini
279 518 464 559 praesens
490 505 647 544 viderer
671 504 826 544 silentio
853 503 1095 551 consentire,
1130 503 1202 542 boc.
1228 508 1375 542 tantum
1401 499 1642 554 impatientia
1669 499 1877 552 productus

99 632 218 661 merito
231 632 365 662 viderur
382 634 496 663 Venet.
517 635 546 661 4.
559 633 666 662 Paris.
691 633 793 661 Basil.
810 635 838 661 1.
898 632 1020 659 crimen
1035 630 1210 659 latrocinii
1221 631 1323 658 etiam
1339 625 1367 659 ὃ.
1403 626 1540 656 crimine
1554 625 1730 654 Iatros-inii
1741 625 1841 652 etiam
1858 626 1878 654 f.

100 677 327 706 Karissiumm
341 680 379 707 D.
413 677 614 714 postulabat
625 679 660 706 G.
675 679 705 706 2.
719 679 757 706 D.
772 675 800 706 ὃ.
814 679 895 706 Elin.
910 677 1035 705 vitiose.
1072 684 1184 704 verum
1200 684 1298 713 quam
1311 676 1349 703 D.
1381 673 1507 701 rectius
1521 675 1608 700 abest
1624 675 1663 699 ab
1679 668 1706 699 ὃ.
1717 693 1724 706 ‚
1751 678 1805 705 pro
1820 678 1880 704 quo

99 724 224 751 sectius
236 724 353 752 vitiose
368 725 422 751 dat
444 725 492 751 ed.
507 725 655 751 Beroald.
669 722 855 749 nominari!
867 723 941 751 F.3.
956 723 990 750 G.
1005 723 1030 750 1.
1046 730 1073 756 p.
1089 722 1110 750 f.
1136 719 1359 748 nominaverit
1373 721 1408 748 G.
1419 721 1448 747 2.
1458 719 1492 747 P.
1502 719 1539 746 D.
1549 717 1654 745 Scriv.
1668 718 1782 744 Incelt.
1792 716 1882 743 codd.

99 773 128 798 et
143 770 212 798 edd.
232 768 433 796 nominaret.
481 776 539 796 uec
560 771 669 795 tamen
690 765 772 795 mihi
788 769 825 796 R.
847 767 868 796 f.
916 765 1079 803 denegare
1093 775 1148 794 aa.
1185 764 1338 803 [lenique
1352 767 1387 793 G.
1402 766 1432 792 2.
1445 765 1538 792 habel
1553 770 1573 791 a
1584 770 1625 790 m.
1640 770 1668 796 p.
1683 761 1738 789 sed
1753 762 1883 794 syllaba

100 822 144 841 aa
163 814 263 843 minio
282 818 329 842 est
351 815 466 843 deleta.
514 821 554 841 ne
573 814 606 842 in
626 815 661 841 G.
685 815 712 841 1.
731 821 795 841 non
814 817 878 847 est.
904 812 970 840 nisi
991 819 1009 840 a
1029 820 1068 841 m.
1089 820 1115 840 s.
1163 810 1294 839 silentiu
1316 817 1478 844 perperam
1498 809 1588 836 abest
1602 806 1735 835 editioni
1747 804 1881 833 Floridi.

99 857 163 886 huc
175 860 210 888 F.
228 860 256 888 1.
271 860 301 887 3.
317 861 352 887 G.
366 860 396 886 2.
413 860 447 887 0.
463 867 497 888 π.
512 860 549 887 D.
564 856 592 886 δ.
617 860 700 886 Innr.
716 860 744 886 ἱ).
758 859 904 886 u'ower.
919 859 1001 885 Elm.
1039 855 1122 883 haec
1136 858 1171 885 G.
1187 858 1215 885 1.
1230 857 1265 884 P.
1281 856 1302 884 f.
1327 857 1363 884 In
1377 859 1449 883 ceu.
1469 853 1557 881 codd.
1578 855 1607 880 et
1621 852 1691 880 edd.
1705 853 1792 879 extat
1806 847 1882 877 hac.

101 907 231 932 tantum
246 911 307 933 non
322 908 478 938 comparet
495 904 526 932 in
534 905 627 932 Vulc.
638 905 668 931 ἱ).
695 905 805 930 tamen
819 911 874 938 pro
891 904 1021 929 tautum
1038 902 1103 931 [D.
1114 924 1121 938 ,
1149 902 1329 930 undeColv.
1344 901 1488 928 emendat
1505 895 1647 925 tandem.
1683 893 1847 923 duclusR.
1863 894 1885 922 f.

101 1028 233 1054 verum
257 1015 471 1053 sententias
501 1015 584 1053 eius
609 1014 804 1053 solutares
836 1013 963 1058 rideo.

102 1084 343 1123 quamquam.
359 1084 417 1122 qu
426 1085 450 1108 a
460 1070 489 1107 d
499 1084 517 1108 r
526 1071 575 1121 ip
587 1071 643 1108 ed
652 1084 674 1107 o
695 1071 860 1109 concito
874 1083 964 1107 cur-

99 1142 156 1172 su,
172 1140 286 1176 quum
297 1126 394 1163 alias
409 1125 680 1177 scribatEpist.
692 1126 738 1164 ad
750 1123 915 1163 Faesll.
932 1130 962 1163 l.

101 1197 138 1234 p.
153 1187 216 1223 35.
276 1183 350 1221 vam
375 1196 502 1234 aeque
524 1184 748 1233 pernicitas
772 1194 963 1233 equorum

102 1244 326 1281 ezercetur.
335 1240 415 1276 sice
430 1252 488 1289 qu
499 1253 522 1276 a
534 1239 562 1275 d
570 1252 623 1276 ru
629 1252 661 1288 p
670 1239 726 1275 ed
735 1252 758 1275 o
773 1241 942 1275 currant
950 1249 962 1280 ;

100 1300 139 1333 et
164 1295 216 1332 ita
240 1294 333 1331 Mai.
360 1294 479 1331 edidit
504 1295 538 1331 in
566 1293 632 1331 Iul.
650 1293 736 1331 val.
763 1294 841 1330 reb.
864 1296 963 1340 gest.

102 1351 215 1389 Alex.
252 1349 385 1399 Magn.
423 1349 485 1386 Ill.
524 1353 586 1389 31.
628 1349 965 1401 quadripedes

100 1407 240 1446 beluae
271 1406 519 1444 vehementes.
571 1403 630 1443 De
667 1405 835 1456 Apuleio
867 1416 967 1454 quae

99 1462 302 1501 observavi
315 1461 520 1512 proferam.
548 1461 664 1499 Forte
691 1463 791 1499 enim
818 1460 967 1498 fortuna

101 1520 241 1557 factum
266 1531 359 1555 esse
386 1531 502 1568 nego,
527 1522 568 1556 ut
588 1517 699 1556 codd.
728 1518 876 1569 optimi,
903 1516 965 1566 qui

99 1577 148 1615 ad
169 1574 479 1626 orthographiam
499 1575 668 1612 omnium
687 1573 964 1612 accuratissimi

99 1637 206 1677 sunt,
243 1630 435 1670 nonnullis
469 1631 566 1669 locis
599 1631 841 1683 quadripes,
878 1629 964 1667 aliis

102 1689 339 1741 qzcadrupes
350 1688 574 1739 praebeant.
589 1685 818 1725 ltaMet.Xl.
830 1690 965 1736 p.755.

101 1744 145 1783 F.
166 1748 202 1785 3.
225 1744 271 1783 G.
295 1747 330 1783 2.
350 1747 388 1781 et
407 1744 456 1782 D.
479 1747 699 1782 constanter
711 1743 872 1780 habent:
898 1742 965 1780 de-

99 1801 209 1853 pelle
235 1801 567 1852 quadripedis
591 1800 725 1838 diram
750 1800 903 1851 faelem
928 1803 966 1836 et

100 1857 189 1896 ibid.
213 1870 251 1908 p.
279 1859 371 1897 779.
396 1857 608 1908 repentino
641 1855 970 1908 quadripedIs

102 1915 270 1965 impetu,
307 1912 422 1950 iidem
458 1926 549 1950 vero
587 1912 682 1950 Met.
714 1911 780 1949 lv,
811 1925 848 1963 p.
876 1915 970 1950 237.

101 1969 268 2008 babent:
319 1969 370 2008 de
410 1969 578 2008 iumenti
628 1967 970 2020 quadrupedis

103 2028 272 2064 incurvo
302 2025 455 2076 prada.
504 2023 589 2062 Hoc
620 2023 814 2074 quomodo
848 2023 969 2072 expli-

103 2081 267 2120 candum
292 2082 359 2123 sit.
386 2081 537 2125 nescio.
570 2093 686 2130 quum
717 2094 786 2131 pro
813 2078 969 2117 libidine

104 2137 339 2175 librariorum
366 2136 440 2175 boc
461 2137 601 2175 factum
622 2149 715 2173 esse
738 2136 969 2185 negaverim.

102 2193 204 2232 Nam
231 2192 337 2243 qnod
372 2193 408 2230 in
445 2192 533 2230 aliis
564 2189 668 2231 MSS.
707 2191 969 2229 tantummodo

105 2250 228 2287 forma
254 2249 491 2301 quadrupes
526 2248 730 2293 invenitur,
767 2247 854 2285 binc
885 2261 969 2299 pro-

105 2307 232 2350 batur,
281 2318 412 2343 eorum
450 2305 626 2342 librarios
668 2304 969 2355 negligentiores

105 2362 247 2406 fuisse,
272 2365 331 2407 ut,
358 2362 419 2412 qui
446 2361 544 2399 hanc
571 2360 732 2399 sormam
757 2360 883 2399 solam
910 2374 971 2398 co-

104 2419 347 2469 gnovissent,
373 2418 517 2469 ubique
542 2418 783 2468 corrigerent.
831 2415 974 2468 Neque

105 2475 155 2514 ad
184 2476 269 2512 soni
301 2475 532 2512 suavitatem
566 2474 768 2512 discrimen
801 2486 894 2510 esse
919 2471 973 2510 sa-

105 2531 280 2569 ciendum
294 2531 431 2581 probat
444 2530 649 2582 ipselocus
658 2529 698 2567 M
706 2528 972 2580 e†.Xl.p.779.

105 2589 321 2639 repentino
348 2587 621 2639 quadripedis
645 2587 812 2637 impetu,
838 2585 903 2622 uhi
920 2584 974 2623 lit-

105 2648 187 2682 tera
206 2645 221 2681 i
240 2642 464 2681 cumulatur.
492 2642 530 2680 ln
552 2643 692 2680 ceteris
708 2641 863 2692 Apuleii
878 2641 974 2680 locis

106 2698 212 2738 nulla
235 2701 272 2737 in
298 2698 403 2737 nullo
431 2699 563 2737 codice
578 2698 754 2736 lectionis
770 2698 974 2736 diversitas

108 2756 354 2807 conspicitur.
381 2755 427 2794 cs.
450 2755 761 2806 Met.V.p.43-4.
791 2755 976 2806 quadru-

102 2812 208 2864 pedi
221 2826 341 2851 cursu
351 2813 558 2864 proripio.
586 2811 674 2850 ibid.
700 2824 737 2862 p.
752 2813 846 2850 436.
861 2824 975 2862 eque-

107 2869 184 2907 stri
209 2869 414 2908 celeritate
440 2868 710 2922 quadrupedi
734 2881 865 2906 cursu.
891 2865 975 2903 Vll.

107 2936 145 2975 p.
171 2927 264 2964 499.
291 2925 433 2977 fidem,
467 2925 704 2977 quadrupes
732 2923 981 2975 nequissime.

110 2978 216 3017 VIII.
241 2992 279 3031 p.
306 2984 400 3021 518.
428 2981 667 3034 quadrupes
691 2980 887 3019 recidens.
913 2977 983 3018 IX.

109 3049 147 3087 p.
173 3039 266 3076 607.
293 3038 603 3089 quadrupedem
628 3035 898 3088 cunctorum]

172 3094 323 3145 quovis.
374 3092 504 3145 [Hanc
542 3093 702 3132 sormam
737 3093 852 3130 miror
889 3104 982 3142 quo·

112 3147 230 3186 modo
256 3151 388 3187 contra
412 3151 580 3201 optimos
612 3149 726 3189 codd.
757 3161 983 3202 expungere

1023 1009 1304 1063 potuerit'Ond.
1334 1010 1391 1048 Ea
1405 1009 1503 1046 enim
1519 1008 1675 1046 forsitan
1690 1004 1777 1045 aliis
1792 1018 1883 1055 quo-

1023 1081 1099 1118 que
1141 1068 1392 1118 scriptoribus
1428 1063 1656 1103 vindicanda
1688 1066 1768 1108 est,
1815 1061 1883 1099 ubi

1023 1128 1198 1174 corrupta
1235 1138 1257 1161 a
1295 1123 1454 1160 librariis
1493 1120 1639 1170 legitur.
1689 1118 1745 1156 Ita
1781 1116 1883 1168 apud

1021 1180 1131 1217 Vni-r.
1152 1179 1199 1217 R.
1221 1178 1326 1217 RH.
1347 1177 1372 1215 l.
1401 1192 1481 1229 quo
1509 1178 1609 1215 euim
1631 1179 1776 1226 pastor
1801 1175 1887 1224 ipse

1022 1233 1576 1286 diliyensmederipossit,ubi
1591 1230 1759 1269 nonnulli
1773 1228 1886 1267 codd.

1023 1296 1061 1328 et
1085 1291 1313 1341 interpretes:
1340 1289 1560 1340 praeferunt
1586 1288 1693 1339 quoi.
1725 1286 1788 1323 De
1811 1284 1888 1322 hoc

1023 1348 1150 1386 dativo
1177 1346 1226 1383 ct'.
1255 1346 1373 1383 Voss.
1400 1345 1449 1382 de
1477 1344 1588 1382 Anat.
1610 1343 1676 1381 lv.
1703 1345 1739 1381 6.
1766 1340 1810 1379 T.
1825 1339 1888 1377 III.

1023 1417 1059 1454 p.
1076 1406 1166 1443 929.
1198 1401 1347 1439 Eekst..
1373 1403 1429 1438 cui
1448 1405 1576 1438 tamen
1592 1413 1664 1436 non
1679 1397 1887 1435 assentior.

1025 1474 1105 1512 quo
1131 1461 1165 1496 in
1193 1458 1355 1496 formula
1371 1471 1446 1509 quo
1467 1457 1564 1494 milei
1581 1469 1651 1506 pro
1674 1454 1804 1492 dativo
1829 1465 1888 1490 ac-

1025 1515 1190 1567 cipienti.
1216 1514 1273 1552 Ita
1297 1511 1391 1553 Met.
1417 1512 1485 1550 lx.
1510 1527 1546 1564 p.
1563 1515 1654 1551 633.
1682 1509 1888 1560 legendum

1024 1577 1086 1610 est
1111 1572 1289 1624 quodam
1313 1571 1480 1621 neyotio
1513 1569 1754 1612 destinatus,
1787 1564 1888 1616 quod

1024 1642 1161 1666 omnes
1186 1627 1298 1664 codd.
1324 1626 1528 1677 praebent,
1553 1625 1616 1662 ubi
1638 1623 1726 1660 vide
1741 1626 1779 1659 et
1792 1620 1890 1659 Met.

1023 1684 1125 1723 wll.
1141 1697 1178 1735 p.
1195 1687 1286 1723 531.
1315 1683 1483 1735 quovis
1509 1681 1611 1720 alio
1634 1679 1891 1731 feIIciusma·

1021 1743 1171 1786 ritare„
1193 1741 1241 1777 de
1266 1753 1342 1789 qno
1369 1739 1455 1775 loco
1480 1737 1600 1775 multa
1624 1736 1823 1787 disputant
1841 1733 1893 1770 in-

1022 1802 1228 1848 terpretes.
1265 1796 1331 1833 Sic
1355 1798 1461 1832 recte
1486 1794 1625 1843 legitur
1649 1791 1751 1843 apud
1778 1789 1891 1827 Caes.

1028 1854 1071 1891 B.
1089 1854 1135 1892 G.
1152 1852 1195 1891 n.
1212 1856 1274 1892 30.
1289 1851 1319 1901 ᾧ.
1336 1855 1372 1891 3.
1400 1864 1493 1902 quo
1516 1854 1632 1888 tanta
1645 1846 1895 1886 machinatio

1028 1911 1078 1948 ab
1103 1914 1219 1948 tanto
1243 1908 1378 1959 spatio
1404 1907 1679 1945 institueretur
1711 1907 1750 1940 et
1774 1902 1820 1940 B.
1847 1901 1895 1938 G.

1028 1964 1113 2004 vn.
1135 1969 1208 2005 55.
1245 1978 1294 2002 ne
1320 1976 1413 2016 quo
1444 1967 1542 2000 esset
1569 1962 1660 1999 usui
1686 1959 1895 1999 Romanis,

1028 2021 1131 2073 quod
1168 2020 1301 2071 optimi
1338 2019 1449 2057 codd.
1487 2018 1686 2068 praebent.
1733 2013 1894 2052 Librarii

1028 2079 1091 2128 qui
1117 2077 1212 2115 illud
1236 2090 1311 2114 non
1330 2074 1614 2125 intelligebant,
1640 2073 1721 2110 fere
1740 2083 1897 2120 semper

1030 2134 1144 2186 quod
1179 2132 1440 2183 corrigebant,
1475 2134 1517 2168 ut
1552 2129 1699 2168 Lucan.
1723 2126 1775 2165 X.
1806 2130 1897 2166 166.

1028 2190 1220 2242 infudere
1234 2202 1388 2233 comae,
1417 2200 1512 2240 quo
1538 2185 1714 2224 noudum
1736 2183 1897 2222 evanui!

1028 2259 1143 2291 aura,
1163 2245 1396 2290 Cinnamon.
1411 2243 1474 2281 ubi
1490 2241 1612 2280 codd.
1626 2241 1772 2279 habent
1786 2239 1900 2292 quod

1029 2306 1068 2339 et
1092 2301 1153 2339 alii
1180 2301 1386 2338 emendant
1413 2298 1547 2352 quoi.]

1106 2358 1359 2409 impatientia
1403 2356 1649 2407 productus.
1719 2351 1900 2390 Fini-idus

1033 2427 1146 2465 quum
1178 2415 1409 2452 sententiam
1436 2411 1544 2449 vocis
1567 2409 1801 2463 productus
1825 2421 1899 2445 non

1032 2470 1282 2521 intelligeret.
1315 2469 1533 2519 corrigebat
1561 2467 1788 2518 perductus
1818 2464 1840 2501 i.
1866 2476 1900 2500 e.

1028 2532 1254 2580 permotus,
1279 2524 1429 2564 Pricaei
1445 2525 1700 2562 coniecturam
1712 2521 1903 2572 perditus

1032 2584 1220 2621 reiiciens.
1252 2582 1377 2621 Recte
1403 2595 1493 2619 vero
1518 2593 1653 2630 parum
1679 2576 1902 2627 significans

1033 2639 1217 2678 hocloco
1255 2638 1405 2677 videtur
1429 2636 1531 2675 Oud.
1569 2637 1605 2673 id
1643 2632 1902 2684 compositum

1033 2709 1146 2743 esse,
1185 2699 1223 2734 et
1254 2695 1489 2748 productus
1525 2690 1796 2742 explicandum
1828 2692 1902 2734 est,

1033 2759 1125 2804 post
1151 2752 1305 2803 longam
1326 2763 1470 2789 moram
1491 2748 1682 2791 inductus,
1709 2743 1903 2796 quomodo

1032 2809 1216 2862 produci
1251 2812 1381 2846 notum
1418 2810 1480 2843 est
1515 2817 1605 2849 eos,
1649 2802 1711 2853 qui
1743 2800 1835 2839 dolo
1866 2803 1906 2838 et

1036 2865 1187 2903 insidiis
1224 2865 1448 2902 irretiuntur.
1511 2860 1628 2912 [Hinc
1663 2871 1738 2896 non
1778 2857 1905 2902 video,

1041 2934 1105 2959 cur
1124 2920 1227 2959 Oud.
1248 2919 1374 2969 magis
1398 2917 1587 2969 placuerit
1611 2915 1724 2954 codd.
1748 2913 1797 2952 R.
1824 2917 1861 2951 et
1881 2912 1906 2950 s.

1042 2978 1157 3016 lectio
1183 2978 1345 3020 ductus,
1377 2973 1481 3024 quod
1512 2985 1617 3011 mere
1641 2975 1704 3009 est
1725 2971 1908 3021 interpre-

1039 3037 1251 3072 tamentum
1265 3031 1522 3075 librariorum,
1538 3030 1603 3080 qui
1616 3026 1908 3080 significationis

1041 3089 1221 3128 vocabuli
1243 3087 1478 3140 productus
1507 3085 1646 3136 ignari,
1676 3084 1909 3122 sententiam

1041 3151 1171 3185 tamen
1208 3144 1282 3182 loci
1318 3146 1613 3195 perspexerant.
1660 3139 1750 3180 Nec
1782 3139 1910 3178 minus
