2155 3590
673 177 861 218 LIBER
886 179 981 218 VII.

1042 178 1166 218 CAP.
1193 178 1265 218 VI.
1786 178 1866 220 533

649 382 1090 430 CAPUT
1187 382 1286 430 VI.

187 513 266 555 Sed
291 527 444 554 onmem
468 513 674 568 pristinam
700 514 898 554 sociorum
918 514 1079 554 fortium
1099 513 1385 554 multitudinem
1405 526 1648 567 magnasque
1667 515 1754 554 illas
1776 528 1867 567 opes

76 569 222 624 exiguo
248 570 434 624 temporis
460 570 574 610 amisi
598 570 740 624 spatio.
789 568 894 610 Nam
920 577 1217 624 procuratorem
1248 569 1435 624 principis
1466 569 1679 610 ducenaria
1709 572 1868 623 persuu-

74 633 200 677 etum,
234 626 372 667 dehinc
409 627 568 666 fortuna
596 626 774 666 tristiore
800 626 1028 677 decussum,
1056 633 1373 680 praetereuntem
1397 639 1458 666 me
1484 632 1597 666 orato
1624 626 1774 666 fueram
1800 640 1868 679 ag-

165 753 308 782 omm'unz
327 754 349 783 f.
396 753 514 791 κῆρα·
525 756 561 783 G.
576 755 606 783 1.
620 761 640 783 a
651 762 693 784 m.
708 762 737 789 p.

785 753 1014 783 ammisiG.2.
1051 754 1253 783 amrm'ssiD.
1289 753 1410 782 mm'ssi
1428 756 1465 782 G.
1487 755 1517 783 1.
1534 753 1664 783 Vicent.
1707 756 1870 789 praeler-

74 801 173 826 eunte
184 800 222 827 F.
238 801 268 828 1.
281 801 312 827 3.
327 801 365 828 G.
380 801 408 827 1.
422 801 453 828 2.
468 801 504 827 Β.
517 801 556 828 D.
570 801 606 828 P.
621 797 650 827 δ.
663 808 700 828 π.
715 807 744 834 p.
759 800 1285 834 ed.pr.vicent.Vene1.2.1unt.
1300 801 1330 828 1.
1350 801 1627 836 praetereuntem
1641 799 1761 826 omisso
1774 807 1823 825 me
1837 808 1870 831 (r.

73 844 188 872 Venet.
197 841 227 873 4.
236 845 434 873 ParisJunt.
443 846 475 873 2.
485 848 513 872 et
528 845 613 873 ilain
624 848 696 874 cett.
706 845 796 873 codd.
805 845 870 879 legi
879 845 1016 873 videtur.
1030 845 1241 873 Recemiores
1249 852 1373 878 quoque
1382 845 1451 873 edd.
1460 846 1870 879 habentpraetereuutcm.

72 895 124 915 me
137 891 237 916 orato
250 890 286 917 F.
303 891 332 917 1.
347 890 378 918 3.
393 891 428 917 G.
444 891 473 917 i.
487 891 518 918 2.
532 890 571 918 D.
585 890 622 918 P.
636 898 667 924 p.
681 886 710 918 δ.
724 898 761 918 π.
774 890 823 918 ed.
837 889 1143 923 pr.Viceul.Vene1.
1159 891 1187 918 2.
1213 892 1359 924 morato,
1375 891 1458 923 quod
1471 891 1554 917 Elm.
1568 890 1651 917 exB.
1665 889 1810 924 protulit,
1825 888 1870 916 ibi

72 941 139 962 non
151 938 330 970 comparet,
350 935 408 962 sed
422 933 456 961 in
469 937 580 963 orato.
601 935 798 970 praeterire
811 941 861 961 me
875 937 975 961 orato
989 935 1024 963 Ο.
1049 942 1100 961 me
1113 942 1228 962 eoram
1242 936 1393 964 Beroald.
1406 937 1492 964 lunt.
1503 936 1532 964 1.
1546 934 1660 962 Amin.
1675 934 1743 963 Col.
1764 941 1870 969 prae—

75 980 260 1006 tereuncem
274 986 390 1006 coram
402 981 441 1008 R.
454 979 550 1008 Vulc.
563 981 595 1008 2.
606 981 691 1009 lunt.
704 982 736 1008 2.
749 981 827 1008 Bas.

141 1075 230 1115 CAr.
261 1076 330 1116 Vl.
391 1078 617 1117 ducenaria
662 1080 942 1130 perfunctum.

71 1132 176 1170 Dicti
200 1137 291 1171 sunt
315 1138 582 1184 procuratores
613 1134 846 1179 ducenarii,
878 1134 942 1183 qui

71 1189 316 1227 ducenariam
330 1190 549 1227 mercedem
563 1190 844 1240 procurationis
858 1192 942 1227 sive

71 1244 224 1282 ducena
247 1246 430 1283 sestertia
461 1246 703 1297 accipiebant
734 1247 770 1283 in
795 1246 940 1295 stipen-

71 1300 176 1338 dium
205 1313 279 1338 seu
302 1301 504 1348 salarium3
552 1301 601 1339 cf.
627 1300 728 1339 Oud.
754 1301 805 1338 ad
831 1301 941 1340 Suet.

73 1354 210 1395 Claud.
246 1370 276 1394 c.
310 1361 376 1397 24.
416 1357 666 1396 Ornamenta
703 1357 940 1396 consularia

72 1413 192 1452 etiam
200 1413 547 1464 procuratoribus
572 1413 856 1452 ducenariis
880 1414 940 1450 ἰη-

71 1468 210 1508 tlulsit.
253 1467 452 1520 [Omnium
476 1469 620 1519 optime
644 1467 694 1506 de
719 1468 780 1506 his
806 1482 942 1519 procu-

69 1524 260 1563 ratoribus
274 1525 455 1576 exposuit
468 1525 590 1564 Salm.
604 1525 653 1563 ad
669 1523 832 1576 Capitol.
846 1523 943 1562 Per-

68 1581 135 1618 tin.
160 1593 194 1619 e.
220 1584 257 1621 2.
283 1580 328 1620 Τ.
355 1580 382 1620 1.
409 1594 445 1632 p.
472 1582 572 1626 533,
609 1583 718 1619 cuius
744 1582 863 1619 verba
894 1581 943 1618 ‹le

70 1639 202 1675 nostro
240 1636 326 1675 loco
364 1637 479 1676 liceat
518 1637 757 1676 adscribere:
806 1637 939 1683 Miror,

71 1706 158 1731 cum
184 1692 272 1744 lego
286 1698 601 1745 procuratorem
623 1695 878 1734 ducenariae
891 1706 942 1731 ex

71 1750 239 1800 septima
249 1749 409 1800 Apuleii
422 1749 581 1788 Milesia
595 1751 719 1796 citari,
746 1751 858 1801 quasi
874 1749 941 1788 ali-

70 1806 158 1856 quis
195 1805 426 1844 ducenariae
456 1810 680 1857 procurator
710 1806 841 1851 fuerit,
878 1810 943 1844 ant

71 1862 183 1912 quasi
220 1862 430 1900 ducenaria
464 1862 595 1913 aliqua
630 1864 781 1901 exactio
819 1862 941 1900 fuerit.

70 1917 191 1968 Atqui
228 1919 479 1957 ducenariae
508 1924 827 1970 procuratorem
867 1932 943 1956 non

70 1974 241 2012 nominat
281 1974 495 2024 Apuleius,
543 1975 618 2012 sed
657 1978 945 2025 procuratorem

70 2030 254 2081 principis
290 2030 496 2068 ducenaria
537 2030 706 2068 functum
748 2031 945 2081 dignitate.

71 2086 125 2124 At
143 2086 302 2125 ducena
318 2086 500 2138 diyuitas
513 2086 599 2123 eius
613 2090 691 2131 est,
718 2088 781 2136 qni
797 2087 947 2124 ducena

72 2141 257 2193 stipendii
293 2143 447 2179 nomine
483 2142 711 2192 accipiebat.
772 2143 947 2181 Ducena

74 2197 261 2249 eliquitas
294 2198 329 2235 in
360 2197 494 2235 militia
524 2197 601 2236 alia
626 2202 710 2236 erat
734 2202 773 2237 et
796 2199 845 2236 ab
870 2197 946 2235 alia

73 2253 236 2303 origine,
261 2254 362 2291 sicut
386 2257 426 2291 et
451 2258 630 2293 centena.
657 2253 770 2292 Haec
788 2254 947 2305 protulit

74 2309 306 2348 Salmasius.
356 2309 526 2360 Sa'epius
552 2310 653 2347 enim
679 2311 863 2363 dlyuitas
880 2323 945 2347 vo-

73 2364 254 2403 cabulum
277 2379 352 2404 non
378 2365 505 2404 solum
530 2366 566 2404 in
591 2365 672 2412 his,
697 2366 772 2404 sed
796 2367 832 2404 in
859 2365 945 2404 aliis

74 2433 233 2472 qnoque
256 2421 516 2460 locutionibus
540 2421 693 2460 videtur
717 2435 811 2460 esse
831 2423 946 2460 omis-

72 2490 178 2523 sum,
204 2478 309 2528 quod
328 2492 446 2529 quum
467 2478 607 2516 librarii
621 2479 834 2524 nescirent,
859 2492 946 2517 con-

71 2534 194 2571 textui
218 2535 450 2585 scriptorum
482 2535 648 2573 eandem
672 2548 810 2573 vocem
833 2536 947 2573 intru-

75 2589 230 2628 debant.
290 2589 349 2629 lta
385 2590 558 2630 fortasse
594 2591 779 2642 explicari
814 2594 948 2644 potest

74 2645 186 2684 locus
212 2645 376 2697 Capitol.
402 2649 465 2685 vit.
491 2648 636 2685 Anton.
662 2645 814 2685 Philos.
852 2661 884 2685 c.
910 2651 946 2687 3.

73 2705 229 2742 tantum
254 2707 387 2742 autem
409 2703 588 2742 studium
619 2705 661 2741 iu
694 2717 741 2742 eo
761 2703 948 2755 philoso-

70 2757 310 2811 phiaefuit,
341 2764 387 2798 ut
405 2761 556 2798 ascitus
576 2761 655 2798 iam
675 2760 716 2797 in
740 2760 947 2810 iuzpera-

75 2814 248 2854 torz‘am
285 2816 548 2867 clifflzitatem,
592 2816 655 2853 nbi
698 2828 721 2853 a
756 2813 947 2854 Palatinis

75 2867 230 2908 duobus
253 2883 328 2909 vox
354 2872 400 2909 cli
402 2873 598 2923 quitatem
618 2885 692 2910 non
714 2873 948 2921 agnoscitur,

77 2923 353 2977 adscriptaque
367 2928 426 2965 eis
441 2941 465 2965 a
478 2941 594 2966 manu
605 2932 669 2966 est
677 2928 949 2965 recentissima

77 2978 128 3016 cs.
156 2980 306 3021 Gruter.
332 2983 380 3022 ad
410 2983 448 3022 h.
470 2984 493 3022 l.
521 2983 568 3022 cf.
593 2988 799 3035 praeterea
816 2982 948 3022 Burni.

77 3034 130 3073 ad
151 3034 308 3078 Petron.
333 3052 366 3078 e.
394 3044 458 3080 45.
483 3054 520 3092 p.
548 3039 659 3090 289]

129 3098 450 3142 praetereuntem
463 3110 524 3136 me
539 3101 668 3135 orato.
706 3096 818 3135 Haec
830 3095 947 3135 lectio

78 3150 142 3186 est
172 3150 342 3190 omnium
373 3151 457 3191 sere
489 3153 722 3205 optimorum
754 3152 947 3199 codicum,

1002 1090 1116 1127 quam
1130 1078 1166 1115 in
1179 1081 1289 1115 textu
1300 1078 1435 1129 reponi
1455 1077 1651 1121 iubebam,
1677 1076 1767 1126 quia
1781 1076 1871 1126 quid

1000 1133 1142 1171 melius
1168 1133 1480 1171 substituendum
1506 1133 1574 1177 sit,
1601 1146 1676 1170 non
1704 1136 1868 1169 constat.

1000 1188 1074 1226 Hic
1088 1189 1199 1227 locus
1214 1203 1346 1226 eorum
1361 1192 1440 1233 est,
1467 1201 1567 1238 quos
1581 1188 1733 1226 infinitis
1747 1201 1873 1237 paene

1001 1245 1231 1283 coniecturis
1254 1246 1322 1282 viri
1348 1244 1450 1282 docti
1470 1258 1610 1283 sanare
1629 1244 1872 1289 studuerunt,

1000 1314 1160 1351 quorum
1197 1314 1297 1339 nunc
1331 1301 1535 1338 videamus
1566 1299 1871 1337 emendationes.

999 1357 1077 1394 Diu
1113 1357 1303 1394 editiones
1341 1356 1544 1406 occupavit
1579 1357 1762 1393 correctio
1798 1355 1875 1393 Be-

999 1412 1142 1457 roaldi,
1180 1425 1295 1462 quam
1333 1411 1579 1450 stewechius
1617 1425 1730 1450 snam
1767 1411 1873 1450 fecit:

996 1474 1323 1521 praetereuntem
1344 1469 1548 1512 ‘Ine-oram,
1575 1468 1625 1506 de
1640 1469 1748 1506 cuius
1762 1481 1875 1506 voca-

1003 1525 1079 1563 buli
1106 1538 1181 1562 usu
1205 1528 1243 1562 et
1267 1525 1549 1573 significatione
1581 1523 1799 1562 accuratius
1826 1524 1873 1562 ad

1001 1580 1187 1619 Met.V11.
1201 1594 1238 1632 p.
1249 1584 1341 1620 488.
1357 1593 1561 1632 exponam.
1589 1580 1672 1617 Sed
1686 1580 1785 1617 bene
1800 1579 1874 1618 iam

999 1637 1464 1688 demonstravitSciopp.,
1479 1636 1578 1674 baec
1591 1640 1749 1686 propter
1762 1649 1874 1686 seqq.

999 1693 1087 1731 serri
1123 1706 1198 1731 non
1235 1706 1377 1744 posse,
1404 1706 1454 1730 ex
1480 1692 1620 1743 quibus
1645 1696 1765 1743 patet,
1791 1705 1876 1743 pro-

1000 1754 1215 1788 curatorem
1229 1749 1335 1787 illum
1349 1763 1425 1787 non
1442 1762 1581 1787 coram
1592 1752 1629 1786 et
1643 1752 1792 1799 aperte,
1802 1748 1877 1785 sed

1000 1810 1116 1844 noctu
1141 1807 1176 1843 in
1190 1806 1341 1855 tugurio
1363 1804 1489 1843 fuisse
1508 1818 1531 1843 a
1548 1804 1762 1842 latronibus
1782 1804 1876 1856 peti-

1000 1866 1080 1900 tum
1100 1863 1304 1911 omniaque
1323 1874 1418 1899 esse
1438 1861 1600 1911 direpta.
1625 1860 1725 1898 Hine
1739 1861 1826 1911 ipse
1840 1860 1875 1897 in

1005 1917 1208 1969 Symbolis
1223 1921 1262 1955 et
1271 1916 1385 1968 Corp.
1398 1915 1737 1968 Epist.T.H.p.52.
1748 1929 1880 1954 emen-

1004 1974 1124 2012 davit:
1158 1978 1482 2026 praetereuntem
1521 1973 1673 2012 Orate
1709 1975 1877 2024 fueram

1004 2043 1239 2082 ayyressus,
1261 2042 1378 2080 quam
1398 2029 1591 2068 civitatem
1607 2029 1732 2067 fuisse
1746 2028 1877 2066 Mace-

1005 2087 1143 2124 doniae
1157 2086 1275 2136 fingit.
1299 2085 1410 2123 Haec
1423 2086 1537 2124 etiam
1545 2085 1673 2123 XVow.
1688 2085 1878 2136 probavit.

1004 2142 1059 2180 At
1077 2146 1183 2180 recte
1201 2143 1348 2180 monuit
1366 2141 1399 2180 F
1402 2141 1567 2187 loridus,
1605 2145 1876 2193 praeterquam

1005 2199 1111 2249 quod
1131 2197 1237 2236 nulla
1254 2197 1369 2236 huius
1388 2198 1494 2236 urbis
1512 2197 1616 2249 apud
1632 2197 1877 2241 Strabonem,

1004 2268 1051 2293 ac
1077 2268 1125 2292 ne
1145 2255 1179 2292 in
1203 2253 1408 2293 Thesauro
1435 2253 1593 2304 quidem
1612 2252 1750 2291 Ortelii
1771 2253 1879 2291 lieret

1003 2311 1168 2357 mentio,
1195 2309 1436 2349 latrocinium
1460 2309 1554 2348 illud
1580 2324 1655 2348 non
1681 2311 1716 2347 in
1742 2309 1879 2347 Mace·

1005 2367 1121 2406 donia
1134 2370 1410 2418 perpetratum,
1435 2366 1557 2404 sedin
1574 2366 1701 2404 littore
1716 2366 1877 2403 Actiaco

1005 2423 1148 2468 fuisse,
1179 2423 1244 2461 ubi
1275 2421 1511 2462 Macedonia
1536 2422 1690 2473 delapsi
1723 2435 1878 2472 grassa-

1003 2483 1142 2518 rentur.
1192 2479 1310 2517 Aliud
1325 2493 1417 2530 ergo
1432 2479 1695 2529 quaerendum
1709 2491 1801 2515 esse
1817 2476 1877 2513 vel

1007 2535 1180 2574 Oratum
1203 2535 1297 2573 illud
1314 2536 1349 2573 in
1364 2536 1584 2573 Acarnania
1597 2533 1879 2573 collocandum.

1005 2592 1207 2630 Wasseus
1228 2592 1341 2641 igitur
1362 2590 1532 2629 confecit
1551 2593 1880 2643 praetereuntem

1006 2652 1112 2693 rate,
1139 2648 1230 2699 quia
1249 2649 1285 2685 in
1306 2647 1511 2686 tabernula
1524 2648 1610 2685 navi
1626 2646 1801 2697 proxima
1815 2657 1880 2681 res

1008 2708 1123 2754 gesta
1148 2708 1277 2748 esset,
1308 2704 1369 2741 vel
1396 2705 1526 2755 potius
1553 2705 1881 2754 praetereuntem

1009 2761 1098 2798 oria
1123 2761 1144 2798 i.
1159 2773 1192 2798 e.
1218 2761 1324 2803 navi,
1351 2773 1427 2809 qua
1453 2772 1558 2796 oram
1585 2758 1724 2795 littoris
1751 2755 1883 2806 legunt

1007 2814 1246 2855 coll.Plauto
1263 2815 1488 2866 etFulgent.
1506 2814 1624 2866 [Rud.
1636 2813 1746 2852 lV.2.
1761 2817 1794 2851 1.
1815 2810 1881 2849 IV.

1008 2875 1044 2911 3.
1061 2875 1125 2912 81.
1153 2872 1256 2911 Gell.
1269 2871 1320 2910 X.
1336 2876 1400 2911 25.
1414 2870 1513 2909 Non.
1529 2884 1565 2920 p.
1582 2873 1674 2909 533.
1701 2867 1882 2917 Fulgent.

1007 2941 1039 2966 s.
1056 2941 1088 2966 v.
1102 2942 1140 2980 p.
1157 2932 1251 2969 774.
1272 2928 1333 2966 ed.
1356 2928 1464 2965 Stav.
1487 2927 1628 2965 Oriam
1650 2925 1794 2963 dicunt
1813 2938 1883 2962 ua-

1007 2984 1194 3023 vicellam
1218 2984 1424 3022 modicam
1439 2982 1723 3034 piscatoriam.
1750 2980 1883 3019 Plau-

1009 3045 1071 3080 tus
1100 3040 1284 3079 Cact‘sto:
1320 3039 1439 3078 Malo
1469 3039 1578 3077 huuc
1611 3037 1802 3089 adlt'yari
1827 3036 1886 3073 ml

1009 3097 1179 3141 oriam,
1222 3101 1268 3135 ut
1303 3108 1459 3146 semper
1492 3094 1689 3146 piscetur,
1727 3093 1799 3131 etsi
1835 3093 1886 3130 sit

1008 3157 1220 3204 tempestas
1242 3150 1460 3202 maxima]
1515 3149 1593 3188 Alii
1621 3149 1883 3187 coniecerunt:
