2155 3590
517 129 704 171 LIBER
733 130 807 171 VI.
865 129 994 170 CAP.
1026 129 1170 171 XXV.
1196 126 1365 167 XXVI.
1762 122 1841 166 487

59 260 120 287 me
139 245 263 299 plagis
281 244 412 285 multis
426 243 685 285 obtundentes
705 243 1042 298 propellentesque
1061 255 1178 297 super
1195 239 1360 295 lapidem
1379 246 1537 293 propter
1555 238 1659 279 viam
1679 236 1845 292 positum

61 301 285 342 deiicerent.
325 300 437 342 Unde
457 300 606 341 crebris
626 313 749 353 aeque
767 299 934 354 ingestis
953 299 1115 349 ictibus,
1143 311 1258 338 crure
1279 296 1442 337 dextero
1463 302 1502 336 et
1520 294 1666 349 ungula
1685 293 1847 334 sinistra

60 371 121 400 me
146 357 386 399 debilitatum
412 371 531 413 aegre
557 357 606 397 ad
631 357 924 411 exsurgendum
951 355 1200 412 compellunt.

575 576 610 624 (3
669 576 715 623 11.
771 577 809 622 1?
868 577 911 623 ἶ]
970 576 1013 621 ῗ[“
1116 574 1286 623 2(.}(21V
1304 573 1340 621 Ι.

170 709 225 750 Et
254 724 370 750 unus:
409 708 644 763 Quousque,
681 709 828 763 inquit,
861 716 1018 763 ruptum
1048 708 1165 748 istum
1197 707 1359 748 asellum
1391 718 1493 745 nuno
1523 703 1640 745 etiam
1672 701 1849 742 claudum

59 767 210 806 frustra
233 767 461 820 pascemus?
485 765 539 805 Et
563 766 682 806 alius:
710 766 833 818 Quid,
859 764 987 820 {quod
1013 772 1052 804 et
1075 764 1244 818 pessimo
1276 763 1370 817 pede
1405 762 1558 801 domum
1585 766 1760 799 nostram
1786 770 1851 797 ae-

60 823 194 874 cessit‚
222 837 295 863 nee
320 823 525 876 quiequam
550 822 681 863 idonei
704 822 803 862 lucri
829 822 974 862 exinde
999 822 1187 875 cepimus,
1212 820 1280 861 sed
1296 819 1459 860 vulnera
1483 824 1523 858 et
1546 815 1851 857 fortissimorum

57 970 98 990 ne
109 961 220 1000 plagis
233 965 272 992 D.
314 967 460 1001 propter
472 964 561 992 viam
580 964 617 992 F.
633 965 661 992 1.
677 965 707 991 3.
723 964 758 991 G.
773 964 811 991 D.
825 963 862 991 P.
880 964 964 991 lunt.
979 963 1009 990 2.
1030 962 1112 989 Elm.
1133 961 1272 989 Scriver.
1287 960 1406 989 Florid.
1431 961 1469 988 In
1482 958 1600 987 ceteris
1616 963 1731 994 prope.
1757 955 1800 984 cf.
1814 955 1855 983 ad

58 1011 135 1037 Met.
152 1011 193 1037 11.
218 1017 248 1043 p.
272 1011 346 1038 147.
373 1017 473 1046 quam
500 1012 682 1046 propter
714 1006 894 1035 adsistens.
937 1007 1087 1043 positam
1108 1003 1137 1034 δ.
1185 1004 1353 1032 deis-erent
1373 1007 1409 1033 G.
1433 1006 1471 1032 D.
1492 1004 1620 1032 Vicent.
1639 1003 1752 1031 Venet.
1773 1002 1804 1029 2.
1825 1002 1854 1028 4.

57 1051 249 1081 deiecerunt
264 1063 293 1088 p.
318 1053 502 1082 deiicerunt
518 1056 552 1083 Ο.
589 1053 641 1091 εφ-
655 1055 675 1082 i.
689 1062 716 1082 e.
731 1061 818 1090 equa
840 1061 896 1087 pro
909 1059 1015 1089 acque
1023 1053 1057 1080 G.
1067 1053 1105 1080 D.
1137 1058 1236 1078 crure
1250 1048 1393 1077 dextero
1407 1051 1442 1078 F.
1457 1050 1487 1077 3.
1502 1050 1537 1077 G.
1553 1049 1591 1076 D.
1617 1054 1717 1075 crure
1731 1044 1856 1073 dextro

58 1106 98 1127 ex
111 1096 140 1128 ὃ.
155 1100 189 1128 P.
203 1107 233 1133 p.
250 1099 270 1128 f.
287 1101 322 1128 G.
335 1100 457 1128 excitat
471 1101 550 1129 oud.
576 1101 639 1128 Sed
652 1098 831 1127 verisimile
845 1101 909 1134 est,
924 1097 957 1125 in
972 1097 1014 1124 iis
1028 1104 1153 1130 quoque
1167 1094 1310 1122 desiero
1326 1095 1406 1130 legi,
1429 1095 1512 1128 quod
1526 1095 1565 1122 ab
1580 1094 1659 1122 Oud.
1674 1093 1858 1127 neglectum

59 1148 123 1181 est,
149 1145 203 1178 qui
217 1145 314 1173 etiam
328 1145 360 1173 in
375 1146 411 1173 G.
437 1143 561 1172 dextro
575 1144 640 1179 legi
655 1143 832 1172 adnotavit.
858 1144 895 1170 In
909 1145 982 1169 cett.
996 1139 1138 1168 dez-tera
1154 1148 1252 1168 crure
1263 1148 1274 1166 .·
1299 1139 1439 1167 sinistro
1454 1136 1484 1168 ὃ.

146 1189 232 1217 ίηιιιε
245 1190 373 1219 vicent.
388 1198 442 1224 pro
457 1197 542 1217 unus
569 1187 684 1224 [solita
702 1188 907 1217 aberratione
932 1187 973 1214 cs.
987 1187 1065 1214 Var.
1080 1187 1182 1214 Lecti.
1196 1187 1236 1214 ad
1253 1185 1341 1219 Virg.
1357 1186 1391 1213 G.
1405 1185 1460 1213 IV.
1476 1183 1568 1219 272]
1617 1185 1754 1219 raptum
1769 1182 1804 1209 G.
1819 1182 1856 1210 D.

57 1234 94 1262 P.
108 1235 142 1262 Ο.
169 1233 226 1269 [cf.
240 1235 314 1263 Liv.
326 1236 367 1263 11.
382 1236 435 1263 23.
449 1231 480 1273 §
495 1234 541 1269 8.]
589 1233 782 1261 etiamnunc
795 1230 949 1259 claudum
965 1228 993 1259 ὁ.
1008 1239 1037 1265 p.
1077 1230 1227 1269 frustra
1240 1232 1351 1258 exulat
1365 1236 1385 1258 a
1400 1238 1428 1263 p.
1471 1228 1645 1265 pascimus
1659 1229 1697 1256 R.
1728 1233 1858 1263 pascu·

57 1285 130 1306 neus
148 1280 207 1307 Ed.
227 1280 333 1308 Scriv.
351 1280 490 1308 Amstel.
539 1278 628 1306 alius
644 1276 885 1315 quodpessimo
894 1273 977 1312 pede
991 1277 1025 1304 0.
1065 1274 1146 1312 quid
1158 1274 1292 1312 quadiu
1302 1274 1446 1310 pessimo
1455 1272 1540 1310 pede
1553 1275 1588 1302 G.
1601 1275 1640 1302 D.
1655 1273 1691 1301 P.
1705 1280 1736 1307 p.
1778 1278 1859 1308 pes-

57 1330 150 1351 sumo
169 1325 205 1352 F.
224 1325 255 1353 3.
280 1326 317 1353 In
336 1328 408 1353 cett.
428 1325 577 1353 omnibus
597 1325 687 1353 codd.
708 1326 736 1352 e!
758 1323 827 1352 edd.
843 1320 1000 1359 pessimo.
1048 1319 1175 1349 accesit
1196 1321 1235 1351 D.
1282 1317 1507 1358 nequidquam
1532 1315 1561 1349 ὃ,
1609 1317 1775 1355 coepimus
1790 1317 1859 1346 edd.

1876 750 1974 794 [187]

55 1372 132 1398 vett.
146 1372 274 1404 praeter
284 1371 368 1398 Iunt.
382 1371 414 1399 2.

121 1490 239 1530 Unde
264 1491 425 1530 crebris.
475 1490 607 1543 [Hunc
639 1490 767 1528 locum
793 1490 925 1529 Barth.

57 1546 224 1586 Advers.
238 1544 391 1586 XXXI.
411 1551 472 1587 15.
486 1561 523 1599 p.
538 1552 549 1587 l
563 1550 655 1587 492.
670 1547 723 1586 ita
737 1547 924 1598 explicat:

57 1617 186 1656 aeque
205 1604 355 1656 inyesti
374 1604 477 1643 ictus
496 1603 600 1654 apud
614 1603 823 1655 Apuleium
839 1607 928 1642 sunt

57 1661 258 1712 utrimque
296 1665 565 1700 concurrente
605 1661 726 1699 vitam
763 1661 928 1699 sinistra

59 1730 180 1768 quam
211 1716 402 1762 dextera,
438 1730 533 1755 nam
558 1716 712 1755 dextro
743 1730 864 1756 crure
893 1721 932 1755 et

57 1773 223 1811 sinistra
246 1772 405 1824 unqnla
430 1772 582 1811 exinde
605 1786 646 1811 se
671 1773 927 1812 debilitatum

58 1828 173 1868 dicit.
222 1827 339 1875 Quod
365 1829 546 1879 equidem
572 1843 648 1868 non
673 1828 879 1882 intelligo]

114 1939 366 1980 cmxxxi.
397 1942 560 1981 exinde.
587 1941 714 1993 [Haec
728 1941 928 1992 particula,

58 2010 160 2048 quae
188 1999 345 2049 proprie
375 1997 425 2035 de
451 1997 536 2035 loco
557 1998 693 2036 dicitur
725 2002 764 2035 et
794 2002 927 2036 nostro

58 2067 136 2092 von
161 2054 217 2092 da
243 2053 314 2092 lter
332 2053 564 2104 respondet,
590 2054 640 2092 ad
656 2067 837 2092 caussam
850 2057 930 2091 tum

58 2114 97 2147 et
121 2111 307 2147 rationem
331 2109 509 2155 refertur,
535 2110 637 2148 unde
657 2109 802 2160 aliquid
819 2110 930 2162 proti-

60 2165 224 2204 ciscitur.
273 2165 425 2204 Eodem
452 2179 542 2204 vero
568 2166 703 2212 modo,
729 2167 929 2216 quoinde,

57 2222 167 2261 unde
175 2221 225 2260 al.
240 2221 289 2260 ad
303 2235 494 2272 personas
508 2224 712 2273 pertinent,
728 2236 776 2260 ex
791 2223 930 2273 quibus

57 2291 122 2317 res
149 2278 341 2329 quaedam
356 2278 540 2329 originem
560 2279 682 2324 ducit,
708 2278 755 2317 cf.
770 2278 819 2316 ad
832 2275 929 2317 Met.

57 2333 143 2372 VII.
169 2347 206 2384 p.
232 2338 345 2381 466„
371 2334 435 2373 ubi
459 2335 677 2374 accuratius
708 2348 755 2373 eo
782 2334 832 2372 de
856 2349 931 2373 usu

58 2403 191 2441 agam,
223 2391 375 2430 exinde
399 2404 555 2442 quoque
587 2391 637 2429 de
662 2391 844 2442 personis
876 2391 930 2428 di—

59 2447 169 2491 citur,
196 2460 245 2484 ex
259 2447 401 2497 quibus
415 2447 607 2486 commodi
621 2447 682 2484 vel
698 2447 930 2486 incommodi

58 2503 150 2554 quid
174 2504 361 2554 capimus.
387 2504 443 2542 At
466 2504 675 2555 singularis
701 2504 852 2542 videtur
870 2503 934 2542 hic

58 2559 216 2610 Apuleii
230 2559 362 2604 locus,
386 2573 459 2598 nec
471 2559 575 2598 aliud
589 2561 744 2611 reperiri
759 2564 933 2611 poteram

58 2615 174 2654 huius
210 2616 503 2667 significationis
541 2616 776 2668 exemplum.
830 2615 932 2655 Nam

58 2685 160 2723 quae
183 2671 312 2711 Hand.
340 2672 506 2711 Tursell.
533 2672 578 2712 ll.
603 2687 641 2724 p.
663 2676 756 2714 666.
781 2672 932 2718 adtulit,

59 2728 175 2778 plane
199 2728 310 2767 aliter
334 2728 497 2775 habent,
524 2742 641 2780 quum
661 2729 711 2768 ad
726 2729 800 2767 loci
818 2729 934 2779 signi·

60 2784 275 2824 ficationem
300 2786 528 2836 pertineant.
566 2785 694 2824 Huius
719 2785 934 2837 particulae

60 2852 152 2879 vero
171 2854 287 2892 quum
308 2842 603 2880 dlversissimae
617 2842 696 2880 sint
709 2841 813 2892 apud
826 2841 934 2893 Apu-

61 2893 179 2935 leium
201 2898 523 2948 significationes,
555 2899 774 2937 accuratius
805 2898 855 2936 de
885 2898 932 2936 iis

61 2965 162 2991 nunc
189 2965 387 3005 exponere
421 2955 545 2993 liceat.
594 2954 691 2994 Loci
724 2952 935 2999 notionem,

63 3021 164 3058 quae
188 3010 366 3059 primaria
390 3015 471 3058 est,
504 3011 540 3049 in
572 3024 649 3049 uno
675 3014 823 3049 tantum
849 3010 936 3049 loco

62 3064 200 3113 agnovi
215 3065 266 3104 de
277 3066 426 3106 Mundo
440 3070 603 3119 p.361.,
628 3067 691 3105 ubi
718 3066 768 3104 de
793 3066 936 3118 clypeo

62 3118 264 3160 Minervae
277 3135 407 3164 sermo
421 3128 501 3170 est,
527 3123 587 3163 cui
602 3123 809 3175 imaginem
824 3135 936 3162 suam

985 1490 1037 1527 ita
1062 1489 1180 1527 infixit
1206 1488 1386 1534 Phidias,
1411 1491 1452 1526 ut
1477 1486 1617 1526 exinde
1643 1485 1758 1524 evelli
1786 1499 1860 1523 non

986 1550 1137 1598 posset,
1148 1546 1222 1584 nisi
1235 1549 1319 1584 tota
1327 1544 1457 1596 clypei
1466 1544 1695 1595 compagine
1708 1555 1860 1580 eversa.

988 1602 1180 1642 caussam
1207 1606 1245 1640 et
1270 1602 1475 1647 rationem,
1513 1613 1563 1638 ex
1602 1612 1679 1650 qua
1715 1597 1861 1649 aliquid

988 1659 1257 1710 consequitur,
1272 1659 1431 1708 saepius
1446 1656 1606 1702 indicat,
1619 1661 1662 1694 ut
1675 1653 1860 1694 MetXH.

989 1730 1024 1767 p.
1041 1719 1134 1756 490.
1161 1715 1351 1754 adhibita
1366 1714 1442 1753 tali
1456 1714 1735 1757 detestatione,
1754 1725 1861 1750 man-

984 1777 1115 1812 snetos
1140 1786 1190 1810 ac
1213 1785 1394 1810 mansues
1419 1769 1600 1809 exinde
1621 1772 1762 1822 factos
1787 1768 1862 1807 asi-

984 1843 1069 1868 nos.
1091 1828 1141 1867 X.
1156 1841 1193 1879 p.
1209 1831 1301 1868 709.
1316 1829 1460 1879 inqens
1486 1827 1602 1865 exin
1629 1826 1775 1864 oborta
1795 1829 1862 1864 est.

986 1885 1036 1924 X.
1052 1898 1090 1936 p.
1106 1888 1201 1925 726.
1228 1884 1410 1922 exinde
1436 1883 1586 1932 (matris
1612 1883 1763 1929 amore)
1787 1881 1860 1933 fla-

987 1941 1260 1994 yrantissimis
1281 1940 1470 1992 febribus
1495 1937 1680 1977 ardebat.
1713 1937 1861 1975 Florid.

990 2011 1026 2048 p.
1044 2001 1134 2037 105.
1163 1997 1330 2042 Quanto
1346 1997 1448 2034 enirn
1474 1995 1656 2034 exinde
1682 1994 1862 2033 orationi

988 2053 1274 2106 modificabor.
1311 2051 1376 2090 Ad
1402 2056 1557 2103 tempus
1582 2055 1661 2088 tum
1687 2049 1861 2095 refertur,

988 2110 1091 2148 idem
1106 2110 1346 2160 significans,
1372 2108 1478 2159 quod
1503 2121 1556 2147 ex
1575 2107 1651 2146 illo
1671 2112 1863 2159 tempore.

989 2165 1085 2204 Met.
1112 2165 1139 2204 I.
1165 2179 1203 2217 p.
1230 2170 1266 2206 7.
1294 2165 1477 2204 exinde
1502 2178 1602 2204 cnm.
1630 2162 1676 2202 II.
1702 2176 1738 2214 p.
1768 2167 1861 2203 121.

990 2223 1175 2261 exinde
1198 2227 1244 2261 ut
1268 2222 1509 2273 enaviyasti.
1529 2219 1614 2259 Vll.
1628 2234 1665 2271 p.
1682 2224 1774 2260 448.
1788 2233 1864 2259 nec

989 2279 1171 2318 exinde
1197 2282 1461 2329 compareret.
1487 2275 1571 2315 Vll.
1585 2290 1622 2327 p.
1639 2280 1734 2316 471.
1750 2277 1863 2316 exin

989 2348 1048 2373 me
1062 2334 1279 2374 emicabat.
1307 2333 1408 2371 VIII.
1425 2347 1461 2385 p.
1477 2336 1569 2373 573.
1586 2333 1658 2372 sed
1682 2334 1795 2372 exin
1807 2332 1864 2370 de

988 2405 1070 2430 non
1103 2391 1263 2430 desinit.
1310 2389 1378 2429 ΧΙ.
1405 2403 1443 2441 p.
1471 2393 1564 2430 811.
1587 2390 1863 2441 praecipuum

988 2447 1087 2486 milei
1101 2447 1282 2486 exinde
1294 2447 1472 2486 studium
1484 2447 1581 2498 suit.
1592 2444 1757 2496 Apol.p.
1768 2448 1863 2484 447.

993 2504 1172 2543 exinde
1195 2508 1240 2542 ut
1261 2504 1524 2555 participare
1549 2503 1706 2541 curiam
1732 2501 1862 2552 coepi.

991 2574 1028 2611 p.
1055 2563 1149 2600 385.
1175 2560 1357 2599 exinde
1382 2564 1428 2599 ut
1451 2563 1684 2610 coeperunt.
1710 2571 1746 2608 p.
1769 2560 1862 2597 593.

991 2616 1171 2655 exinde
1193 2621 1239 2655 ut
1260 2619 1397 2668 frater
1421 2617 1506 2655 eins
1531 2615 1707 2653 animam
1720 2613 1864 2652 edidit.

993 2672 1137 2711 Florid.
1165 2685 1201 2723 p.
1215 2672 1282 2713 47.
1309 2671 1493 2710 exinde
1518 2671 1633 2709 beate
1646 2671 1760 2709 vixt't.
1786 2669 1865 2707 Ra-

992 2730 1066 2767 rior
1079 2731 1142 2767 est
1153 2742 1252 2767 usus
1266 2728 1316 2767 de
1331 2731 1508 2778 tempore
1518 2726 1682 2764 etrebus
1692 2725 1791 2764 alias
1800 2737 1864 2763 ex·

993 2785 1244 2837 cipientibus3
1271 2782 1503 2822 cf.n1et.X1.
1519 2796 1556 2834 p.
1568 2786 1662 2822 785.
1682 2782 1866 2821 exinde

986 2843 1229 2893 permixtus.
1243 2839 1312 2878 XI.
1326 2853 1363 2891 p.
1379 2842 1471 2880 791.
1487 2839 1685 2878 Exinde
1702 2838 1865 2891 yauclio

993 2897 1177 2937 delibuti.
1204 2896 1271 2936 VI.
1286 2910 1323 2948 p.
1338 2899 1432 2936 431.
1454 2895 1642 2933 exinde
1666 2894 1865 2934 tunden-

994 2958 1072 2993 tes.
1098 2953 1162 2992 De
1182 2953 1328 3003 Dogm.
1345 2949 1487 2991 Plat.1.
1508 2964 1548 3002 p.
1564 2954 1660 2991 203.
1685 2951 1865 2991 exinde

993 3010 1196 3050 elementis
1223 3009 1358 3047 omnia
1386 3008 1600 3059 occupari.
1624 3007 1647 3046 i.
1662 3020 1696 3044 e.
1711 3010 1804 3058 post
1816 3019 1865 3046 ea

993 3069 1033 3104 et
1057 3066 1109 3104 de
1131 3065 1268 3104 Mund.
1293 3078 1330 3115 p.
1346 3067 1438 3104 295.
1464 3063 1645 3102 exinde
1670 3064 1709 3112 (i.
1724 3076 1758 3102 e.
1771 3066 1866 3115 post

995 3123 1060 3172 ea)
1075 3121 1287 3174 inferioris
1301 3121 1407 3160 aeris
1421 3119 1600 3173 qualitas
1612 3119 1862 3172 infunditur.
