2155 3590
747 103 777 142 C
801 104 837 142 A
860 102 895 142 P
918 102 956 142 U
980 101 1014 141 T
1094 100 1180 141 ΙΙΙ.
1685 114 1859 140 Lxxxvn

65 219 400 258 Emerulattmmm
425 219 468 256 in
491 215 656 256 Indices
681 217 995 256 absolutissimos
1018 216 1183 255 adiecit.
1212 214 1408 264 Francos.
1424 215 1465 252 in
1482 215 1592 266 offic.
1616 214 1789 254 Wechel.
1805 238 1859 242 —

63 274 227 313 Praeter
257 274 534 312 Elmenhorstii
564 273 856 311 emendationes
888 286 934 311 ac
963 277 1097 319 notas,
1135 270 1251 310 habet
1286 271 1385 309 haec
1414 270 1487 308 Ed.
1515 270 1742 321 Specilegia
1768 271 1860 309 Iani

64 332 296 382 Hrclyerst'i,
321 328 467 383 Erycii
491 327 680 374 Puteum,
709 329 765 367 Io.
794 330 982 374 Βνηηΐὶἰ,
1008 333 1048 366 et
1076 326 1199 367 Corn.
1223 325 1403 366 sslartt'm'
1432 327 1791 365 animadversiones
1822 326 1857 364 in

63 386 199 424 librum
223 384 305 435 περὶ
331 387 531 438 ἑρμηνείας.
567 384 867 424 praemittuntur
892 386 1005 423 etiam
1030 385 1108 423 vita
1132 384 1301 423 auctoris
1326 388 1580 433 veterumque
1605 383 1655 421 de
1680 397 1727 421 eo
1752 383 1860 421 testi-

61 443 199 481 monia.
259 442 416 492 Optima
453 442 568 492 vulgo
605 441 737 480 habita
773 446 836 480 est
865 442 963 479 haec
994 441 1141 488 Editio;
1179 446 1218 479 et
1246 439 1366 478 habet
1401 441 1515 478 etiam
1551 452 1648 477 suas
1682 439 1859 484 virtutes,

59 503 205 536 textum
243 497 432 536 exhibens
468 498 600 536 multis
636 497 734 535 locis
772 498 1016 536 emendatum
1048 511 1070 535 e
1095 496 1214 537 MSS.
1250 501 1289 534 et
1325 496 1428 534 haud
1459 495 1638 544 exiguam
1669 496 1859 535 variarum

60 555 266 592 lectionum
291 556 452 606 copiam.
502 554 584 592 Sed
609 553 922 592 Elmenhorstius
947 554 1036 606 ipse
1063 554 1096 591 ei
1121 568 1193 591 non
1219 553 1377 592 multum
1403 553 1543 604 ingenii
1569 556 1608 590 et
1631 552 1859 603 diligentiae

57 610 249 655 adhibuit,
276 612 338 661 qui
363 611 506 660 ubique
531 610 808 661 Lindenbrogii
836 615 1019 662 excerpta
1044 610 1283 661 compilavit,
1310 614 1348 648 et
1367 609 1580 647 doctrinam
1600 621 1712 646 suam
1731 608 1859 659 magis

58 680 108 704 ex
132 667 293 704 aliorum
319 667 486 707 scriniis.
514 680 628 717 quam
655 680 704 704 ex
728 668 970 718 antiquorum
996 667 1168 705 sontibus
1193 666 1338 705 hausit.
1404 665 1656 704 Desideratur
1681 666 1796 702 etiam
1822 666 1857 702 in

57 724 142 760 eius
173 723 572 761 animadversionibus
603 723 796 772 ingenium
827 724 996 762 criticum
1027 728 1067 761 et
1096 727 1276 762 accurata
1306 722 1461 773 linguae
1490 722 1667 760 scientia.
1729 720 1858 766 Quum

57 779 174 817 editio
207 779 288 817 fere
319 780 367 817 ad
393 780 506 818 finem
530 780 718 832 perducta
742 783 871 826 esset,
903 785 1076 819 mortuus
1103 784 1166 818 est
1189 778 1367 818 Elmenh.
1399 780 1513 831 eique
1537 778 1651 817 finem
1676 777 1859 829 imposuit

57 834 81 874 I
82 850 118 874 o.
142 833 381 876 Loccem'us.

441 1039 853 1080 PRAEFATIO
913 1038 1466 1079 ELMENHORSTII.

263 1154 444 1201 (Omissa
469 1158 577 1199 szmt,
605 1167 710 1207 quae
734 1153 792 1192 ad
817 1154 936 1193 vitam
962 1158 1001 1192 et
1022 1154 1179 1205 scripta
1203 1153 1384 1192 auctoris
1403 1153 1648 1205 pertinent.)

164 1276 406 1323 „Plurimum
443 1277 490 1315 ad
528 1277 630 1316 hanc
665 1277 873 1315 editionem
908 1276 1022 1314 nobis
1060 1275 1320 1321 contulerunt,
1358 1274 1428 1314 viri
1465 1280 1504 1314 et
1533 1277 1750 1328 municipes
1781 1276 1858 1314 mei

51 1334 275 1371 amicissimi
306 1333 581 1384 Lindenbrugii
614 1333 772 1379 fratres,
811 1337 996 1384 excerpta
1020 1332 1144 1371 Codd.
1178 1332 1360 1379 Puteani,
1398 1332 1592 1379 Batavici,
1630 1332 1858 1371 Bremensis

52 1394 92 1427 et
123 1390 439 1429 Membranarum
470 1390 777 1428 Florentinarum
811 1393 987 1439 (quarum
1020 1388 1110 1428 alibi
1141 1388 1315 1440 memini)
1353 1388 1521 1439 benigne
1557 1389 1857 1440 suppeditando.

51 1447 242 1485 Submisit
273 1451 311 1484 et
341 1447 455 1484 nobis
486 1461 535 1485 ex
562 1446 809 1485 Bibliotheca
839 1446 1027 1484 Leideusi
1059 1447 1228 1497 optimus
1253 1445 1440 1483 Heinsius
1470 1445 1625 1483 MStum
1652 1445 1746 1483 sod.
1780 1459 1856 1495 quo

51 1503 144 1540 olim
169 1517 266 1541 usus
294 1503 525 1545 Vulcanius.
550 1503 626 1542 sed
651 1515 783 1555 parum
811 1503 1025 1553 diligenter.
1087 1502 1199 1540 Nacti
1233 1503 1346 1540 ctiam
1373 1515 1509 1540 sumus
1534 1502 1857 1539 venerandissimi

49 1560 159 1597 senis
190 1559 268 1598 lani
296 1560 448 1598 Gruteri
480 1561 616 1598 librum
646 1560 696 1598 ad
730 1559 840 1597 cuius
872 1560 1082 1609 marginem
1113 1559 1298 1608 religiosa
1324 1559 1524 1609 diligentia
1549 1559 1757 1597 variantes
1784 1557 1857 1595 Co-

49 1616 147 1654 dicis
179 1615 345 1655 Palatini
377 1616 467 1654 olim
500 1617 781 1668 adscripserat,
814 1620 852 1654 et
883 1615 1076 1654 Melchior
1101 1614 1337 1660 Goldastus‚
1370 1613 1484 1653 homo
1515 1615 1551 1653 in
1577 1615 1716 1653 studiis
1742 1614 1859 1652 bona-

49 1686 130 1710 rum
168 1673 303 1711 artium
333 1673 752 1724 praecellentissimus,
792 1673 990 1723 Excerpta
1020 1671 1163 1710 Bertini
1195 1671 1352 1709 Codicis
1390 1673 1513 1709 amice
1550 1671 1859 1710 communicavit.

50 1728 290 1767 Contulimus
316 1743 472 1780 quoque
497 1731 570 1782 ipsi
596 1729 831 1775 Romanam,
860 1729 1061 1774 Aldinam,
1089 1729 1281 1766 venetam
1309 1733 1347 1766 et
1368 1728 1626 1766 Basileenses
1651 1727 1857 1772 editiones,

47 1799 205 1837 semper
240 1799 309 1837 pro
345 1787 479 1835 regula
516 1786 706 1825 habentes
749 1787 1005 1825 florentinus
1039 1783 1320 1830 Membranas,
1371 1798 1530 1834 quarum
1568 1797 1644 1835 ope
1686 1784 1857 1834 aliquam

47 1842 171 1880 multa
200 1843 335 1881 scabie
366 1843 472 1893 prius
503 1848 621 1893 atque
651 1843 847 1881 ulceribus
880 1842 1014 1887 foeda,
1051 1842 1162 1880 nitori
1200 1842 1359 1892 pristino
1392 1845 1431 1879 et
1460 1842 1613 1879 nativae
1649 1840 1857 1891 integritati

47 1899 210 1937 restitui.
275 1899 469 1937 Resident
497 1905 623 1937 tamen
657 1899 785 1937 adhuc
816 1898 917 1936 haud
950 1912 1090 1949 pauca,
1129 1898 1251 1943 salsa,
1290 1901 1488 1948 corrupta,
1526 1897 1656 1935 hiulca
1694 1897 1855 1941 lacunis,

48 1955 264 1993 deformata
290 1956 471 2000 maculis,
499 1955 683 1994 obvoluta
710 1955 988 1994 obscuritatum
1012 1955 1243 2005 ambagibus
1269 1958 1307 1992 et
1333 1954 1501 1992 tenebris
1533 1967 1720 1999 errorum,
1753 1966 1857 2003 quae

49 2011 236 2049 felicioris
267 2012 406 2061 inf-venii
441 2012 637 2058 homines,
671 2016 710 2049 et
735 2013 875 2063 quibus
901 2013 935 2049 in
963 2011 1143 2049 eruendis
1168 2009 1292 2049 Codd.
1317 2010 1447 2049 Mstis
1474 2010 1626 2048 fortuna
1656 2010 1858 2060 benignior

48 2068 272 2113 adfulserit,
311 2068 480 2106 fortasse
518 2081 564 2106 an
602 2068 881 2106 emendabunt:
918 2068 1032 2105 nobis
1064 2067 1138 2105 hoc
1169 2071 1346 2118 tempore
1377 2072 1556 2115 negatum
1582 2066 1666 2106 suit.
1725 2065 1764 2104 ln
1792 2065 1856 2104 lib.

48 2124 567 2163 EMENDATlONUM
594 2126 779 2163 rationem
804 2124 1050 2161 correctionis
1077 2124 1183 2170 dedi;
1216 2122 1254 2161 ln
1282 2123 1493 2161 INDICE
1526 2124 1703 2161 obscuris
1728 2122 1855 2161 lucem

49 2181 177 2226 attuli,
210 2184 249 2218 et
279 2195 327 2219 ea
358 2195 458 2232 quae
489 2181 538 2218 ad
564 2181 731 2219 salutem
757 2180 1007 2218 eruditissimi
1033 2180 1236 2232 scriptoris
1261 2179 1451 2225 facerent,
1484 2181 1650 2217 breviter
1674 2179 1855 2223 disserui,

48 2252 149 2288 quae
182 2238 310 2276 omnia
339 2238 373 2275 si
405 2239 514 2288 probi
546 2242 586 2275 et
616 2238 750 2275 eruditi
783 2237 1016 2288 probabunt,
1047 2238 1263 2287 (improbos
1289 2241 1328 2274 et
1352 2236 1564 2274 ineruditos
1594 2235 1686 2274 nihil
1713 2237 1854 2284 moror)

46 2308 207 2343 magno,
246 2296 319 2332 imo
357 2296 470 2331 nimio
509 2294 679 2345 praemio
718 2293 875 2331 labores
912 2298 1068 2331 nostros
1105 2297 1384 2344 compensatus
1427 2293 1617 2331 iudicabo.
1688 2291 1855 2330 Tantum

47 2350 125 2389 est!
155 2350 286 2397 salve,
324 2350 576 2389 LECTOR
607 2348 938 2396 STUDIOSE,
977 2354 1017 2388 et
1046 2351 1191 2388 nostris
1214 2350 1258 2391 ¹in
1291 2349 1413 2388 literis
1439 2349 1622 2387 ornandis
1648 2349 1853 2387 conatibus

46 2407 175 2445 save.‘·'

163 2501 280 2538 1623.
339 2497 466 2547 Lugd.
506 2497 591 2536 Bat.
632 2501 693 2537 12.
740 2496 875 2548 Opera
911 2497 1038 2535 omnia
1074 2496 1177 2534 serio
1215 2496 1433 2534 emendata.
1500 2494 1629 2534 Editio
1666 2508 1779 2534 nova.
1815 2496 1851 2533 in

47 2553 171 2593 Catal.
207 2555 307 2592 univ·
345 2554 447 2592 Bibl.
486 2553 714 2592 L'ffenbach.
748 2553 965 2591 Editionem
1003 2553 1077 2591 hoc
1115 2567 1213 2591 anno
1252 2553 1380 2603 Lugd.
1417 2552 1502 2591 Bat.
1533 2552 1724 2603 proditam
1761 2551 1854 2590 citat

44 2611 94 2648 V.
122 2611 170 2649 D.
197 2611 231 2648 in
258 2611 372 2649 Misc.
399 2611 497 2649 Obs.
524 2610 612 2648 Vol.
634 2609 679 2649 Il.
704 2623 742 2661 p.
759 2614 856 2650 401.
880 2610 944 2648 ubi
969 2623 1018 2648 ea
1037 2610 1230 2649 Scriverio
1256 2611 1445 2654 tribuitur,
1471 2613 1512 2646 ut
1537 2612 1576 2646 et
1600 2608 1648 2646 ab
1669 2607 1851 2646 Oudend.

43 2667 92 2705 ad
119 2667 215 2705 Met.
244 2667 288 2706 L.
314 2666 342 2705 I.
370 2681 406 2718 p.
433 2672 476 2713 5,
501 2667 537 2704 b.

163 2761 282 2798 1624.
342 2757 645 2797 Amstelodami,
681 2761 742 2796 12.
786 2755 990 2808 Apuleias
1013 2753 1304 2795 Mariam-ensis
1329 2756 1575 2795 Platonicus
1599 2756 1704 2793 serio
1731 2756 1850 2793 cosli-

43 2818 178 2864 syricus.
211 2814 442 2853 Amsterod.
469 2814 586 2865 apud
608 2814 732 2853 Guili.
759 2811 963 2858 Caesium,
995 2811 1151 2855 CIOJ.)
1164 2810 1348 2852 CXIIII.
1374 2836 1428 2840 -—
1455 2811 1610 2849 Curavit
1633 2810 1732 2850 hanc
1746 2810 1850 2851 Edit.

47 2871 162 2909 Petr.
191 2872 436 2915 Scrirer1'm‚
465 2871 527 2920 qui
553 2874 678 2907 tamen
706 2884 780 2907 non
809 2870 1033 2908 nominatur.
1095 2870 1331 2911 Scriverius,
1363 2869 1420 2906 cui
1454 2868 1610 2905 notulas
1635 2881 1730 2906 suas
1756 2881 1849 2918 quo-

47 2939 124 2976 que
164 2928 431 2965 transmiserat
474 2925 526 2964 lo.
563 2925 736 2964 isaacius
774 2926 972 2964 Pontanus
1016 2927 1113 2974 (vid.
1153 2927 1244 2964 Ant.
1287 2924 1481 2962 Matthaei
1524 2923 1678 2975 Syllog.
1722 2923 1851 2975 Epist.

46 2996 82 3033 p.
108 2987 219 3031 269.)
245 2987 393 3021 textum
420 2983 549 3021 multis
577 2982 673 3020 locis
699 2982 934 3029 emendavit,
959 2983 1144 3021 adhibitis
1167 2981 1355 3020 subsidiis
1381 2981 1538 3027 criticis,
1565 2993 1665 3031 quae
1689 2981 1725 3019 in
1747 2980 1848 3020 Edit.

44 3038 319 3078 Elmenhorstii
344 3039 518 3078 aderant.
