2155 3590
622 147 808 187 LIBER
837 146 912 187 Vl.

44 258 226 314 praetulit
254 258 389 308 nobis,
424 259 605 309 insuere,
644 267 687 299 ut
717 259 801 300 sola
833 259 931 299 facie
962 257 1230 312 praeminente
1267 260 1439 293 ceterum
1479 265 1616 304 eorpus
1644 249 1652 306 Ι
1677 247 1826 304 puellae
1853 254 1917 287 445

971 143 1098 185 CAP.
1128 141 1294 183 XXXI.
1748 137 1828 180 513

42 329 148 355 nexu
173 314 300 354 ferino
326 322 526 365 coereeat,
554 322 646 355 tunc
671 330 788 370 snper
813 315 967 368 aliquod
993 328 1134 354 saxum
1159 323 1389 364 scruposum
1414 307 1625 348 insiticium
1652 314 1691 347 et
1715 305 1826 346 farti-

41 371 113 411 lem
139 370 291 411 asinum
318 384 540 425 exponere,
569 379 608 412 et
632 372 725 412 solis
752 371 926 412 ardentis
951 370 1162 425 vaporibus
1189 368 1354 408 tradere.

39 498 172 538 infuere
185 501 220 527 G.
234 500 266 527 2.
279 500 317 527 D.
343 499 471 527 t‘nsnele
486 509 514 535 p.
558 500 790 536 praeminente
804 501 838 528 1⁸.
854 502 884 528 3.
899 502 934 528 G.
947 501 976 528 1.
989 502 1020 527 2.
1035 501 1072 527 D.
1088 500 1122 527 P.
1137 498 1158 525 f.
1179 494 1429 534 praeeminente
1442 489 1470 521 δ’.
1487 501 1515 527 p.
1539 493 1576 520 In
1590 490 1724 524 reliquis
1738 490 1827 518 codd.

39 548 69 572 et
87 544 156 572 eud.
178 545 325 572 omuibus
344 545 462 580 legitur
475 546 696 581 prominente.

745 548 861 572 celera
880 552 1002 580 corpus
1023 546 1058 572 G.
1072 545 1103 571 2.
1116 544 1156 571 D.

1202 538 1432 577 scrupulosum
1451 539 1490 566 1).
1515 537 1643 566 Vicent.
1662 537 1777 564 venet.
1797 535 1828 562 2.

38 591 140 623 Marg.
153 589 257 618 Basil.
274 591 302 618 ’1.
328 595 525 626 scruposum
539 592 620 619 Iunt.
639 591 665 618 1.
690 589 874 617 insiticium
886 590 922 618 F.
939 591 1005 618 ’1.3.
1021 590 1056 617 G.
1066 590 1096 617 2.
1106 589 1141 616 Β.
1155 590 1186 615 et
1199 587 1268 615 edd.
1281 589 1357 614 ante
1369 584 1504 614 Vulc.2.
1519 584 1646 616 praeter
1658 581 1773 609 Venet.
1784 580 1828 616 4.,

38 641 120 667 uuae
138 636 232 662 habet
253 633 401 661 insiliunt
422 643 463 663 ex
482 637 717 670 typothetarum
737 643 852 663 errore.
889 633 1083 661 insitae-tunt
1103 641 1138 660 π.
1175 629 1345 659 insitivum
1361 637 1390 663 p.
1428 625 1610 656 insurlv'um
1624 626 1660 654 G.
1676 627 1704 654 1.
1724 625 1781 652 sed
1795 624 1829 652 in

35 679 181 713 margine
194 687 214 707 a
225 687 265 707 m.
277 688 303 707 s.
339 679 537 707 insama-inm
551 679 604 707 vel
613 679 796 707 insilim'nm
810 679 874 707 scri
880 682 965 713 ptum
980 682 1038 707 est.
1074 677 1255 705 ins-uticum
1269 675 1424 710 δαῆναι,
1449 679 1532 707 quae
1544 671 1642 700 lectio
1660 669 1756 698 nihili
1770 671 1828 698 est.

35 722 234 752 institicinm
247 726 284 753 D.
325 724 485 763 forle'lcm
499 723 528 754 ὃ.
551 723 710 764 fertilem
725 727 828 759 Marg.
842 726 919 753 Bas.
935 726 963 752 1.

35 821 164 860 Burm.
189 823 238 861 ad
264 823 422 862 Antinoi.
447 823 531 861 Lat.
548 823 591 861 T.
607 822 812 875 1.p.621.‚
839 823 902 873 qui

36 878 71 916 in
98 892 144 917 eo
170 893 254 917 cum
270 880 370 918 Oud.
392 880 598 925 consentit,
625 879 728 929 quod
753 893 901 918 mascu-

37 934 150 973 linum
177 936 314 987 priscis
334 940 479 974 tantum
500 936 750 987 scriptoribus
771 937 805 973 in
825 948 899 973 usu

36 990 160 1028 fuisse
183 993 417 1043 pronuntiat.
450 996 487 1029 et
511 993 574 1030 ubi
601 993 636 1029 in
661 992 821 1042 reliquis
847 993 897 1028 in-

38 1048 219 1092 veniatur,
239 1052 455 1098 corruptum
471 1062 562 1086 esse
577 1048 699 1086 locum
721 1048 903 1086 audacter

35 1104 212 1154 proponit
239 1103 305 1157 [cf.
333 1103 517 1143 Priscian.
534 1105 580 1142 V.
598 1108 633 1144 6.
650 1103 694 1141 T.
711 1103 735 1141 Ι.
757 1118 792 1155 p.
810 1107 900 1144 189·

38 1159 189 1197 Krehi.:
227 1161 358 1199 Anius
383 1166 509 1199 [anien
536 1160 799 1199 mascnlinum
824 1160 902 1198 laeoc

30 1216 211 1266 protulit
229 1216 445 1256 Annalium
456 1218 594 1267 primo
606 1232 617 1254 .·
636 1216 752 1254 Elaia
768 1229 901 1253 nemus

33 1273 207 1310 retinens
218 1273 399 1323 'qrorido
413 1273 601 1323 concepit
613 1273 655 1309 ἰη
669 1272 773 1309 alvo.
799 1270 899 1309 Non.

33 1341 71 1378 p.
102 1330 190 1367 ¹193.
218 1328 342 1367 Ale-ns
366 1329 624 1367 masculino.-
650 1327 801 1366 Accius
816 1326 899 1366 An-

33 1384 194 1423 indibus
204 1400 274 1422 :-
285 1388 455 1435 utquam
465 1384 762 1435 frayilt'ssinms
775 1383 899 1420 alens.

34 1440 89 1478 L‘t
113 1440 217 1478 alins
242 1441 500 1479 auctoritatis
532 1440 750 1478 obscurae:
782 1438 900 1476 ,Μαῖα

32 1509 166 1535 nemus
200 1497 376 1534 retinens
410 1497 591 1547 ffrarz'do
628 1496 819 1546 concepit
857 1495 897 1532 in

33 1551 158 1603 alra]

88 1608 175 1647 sola
187 1609 300 1661 face'e
309 1610 601 1660 praeminente.
639 1607 713 1658 [ita
734 1620 782 1644 ex
803 1607 899 1657 opti-

31 1664 105 1702 mis
147 1664 258 1703 codd.
295 1666 452 1715 scripsi,
498 1677 730 1715 quamquam
775 1663 900 1700 lexica

31 1720 175 1758 nulium
201 1720 421 1771 exemplum
446 1720 650 1771 praebent,
676 1720 740 1757 ubi
759 1719 900 1769 signiti-

33 1777 224 1815 cationem
263 1777 465 1827 compositi
498 1778 734 1827 prominens
770 1776 899 1813 habet.

31 1832 86 1871 At
110 1833 265 1885 propria
288 1847 361 1871 sua
385 1833 541 1871 notione
573 1833 714 1871 dictum
748 1835 827 1877 est,
858 1835 901 1869 ut

28 1894 243 1940 praestare
268 1892 305 1926 et
330 1889 405 1926 alia
436 1889 642 1934 vocabula,
681 1902 782 1938 quae
812 1901 898 1926 cum

32 1945 105 1983 hac
119 1946 405 1997 praepositione
419 1949 509 1982 sunt
523 1946 750 1995 composita.
771 1945 900 1982 Prae·

32 2003 180 2040 minens
205 2001 369 2040 afferunt
389 2015 437 2039 ea
458 2001 490 2037 vi
512 2014 561 2038 ex
578 2000 728 2051 Cipian.
744 2000 897 2050 Digest.

32 2056 102 2095 xl.
131 2062 164 2097 1.
200 2062 260 2097 12.
293 2058 591 2108 proeminentes
629 2057 757 2100 oculi,
795 2055 900 2106 quod

35 2117 165 2150 eontra
190 2112 361 2150 Torrent.
388 2112 576 2157 defendo,
603 2113 667 2162 qui
692 2113 903 2150 eminentes

34 2169 198 2220 corrigit.
231 2170 575 2213 Praemzheentes,
602 2167 706 2219 quod
719 2166 902 2205 Pithoea-

34 2238 105 2263 nus
121 2225 293 2276 praebet,
308 2228 477 2263 nostram
494 2224 700 2262 lectionem
714 2237 761 2260 eo
776 2223 902 2273 magis

33 2285 174 2327 tuetur,
194 2281 295 2332 quod
311 2282 361 2318 ita
373 2281 543 2318 scribere
557 2280 737 2318 solebant
753 2279 902 2324 librarii,

35 2337 125 2375 licet
149 2337 329 2387 equidem
361 2337 459 2375 hanc
490 2337 651 2375 sormam
677 2336 902 2387 improbem.

32 2393 133 2432 Hinc
157 2395 256 2431 enim
282 2393 382 2443 quod
409 2393 495 2431 aliis
517 2393 612 2430 locis
630 2393 902 2444 prominentes

34 2450 172 2500 legitur
197 2450 299 2501 apud
325 2449 553 2500 Apuieium,
585 2462 669 2487 cum
695 2448 798 2485 Oud.
825 2461 898 2485 non

34 2506 237 2551 contendo,
264 2506 325 2544 hic
350 2519 505 2556 quoque
530 2504 769 2542 retinendum
796 2517 902 2548 esse,

32 2562 277 2614 potissimum
308 2575 423 2613 quum
456 2561 554 2599 haec
582 2574 660 2598 vox
691 2561 904 2598 inusitatior

33 2622 154 2663 esset,
180 2631 294 2669 quam
321 2631 422 2669 quae
446 2618 494 2656 ab
521 2617 682 2656 librariis
708 2629 762 2654 ex
788 2616 904 2666 longe

32 2675 163 2712 tritiori
189 2674 378 2713 vocabulo
405 2675 681 2726 prominentes
708 2672 902 2710 emendari

33 2731 206 2783 posset]

89 2787 318 2827 insiticimn.
368 2786 486 2838 [Oud.
512 2786 673 2824 alteram
699 2784 902 2822 lectionem

35 2842 265 2883 iusuticium
302 2844 518 2894 anteponit,
552 2842 650 2880 haec
686 2842 780 2879 mire
817 2854 902 2891 pro-

37 2897 184 2936 serens:
216 2899 421 2938 Insiticius
453 2903 515 2936 est
539 2899 590 2943 is,
623 2898 687 2948 qui
712 2898 901 2942 inseritur,

38 2967 111 2992 non
136 2954 187 2999 is,
211 2951 270 2994 cui
294 2955 394 2994 alius
418 2955 606 2993 inseritur.
640 2952 901 3004 Atquomodo

37 3010 90 3047 ita
123 3014 255 3061 potest
286 3010 385 3051 haec
420 3010 534 3050 lectio
570 3010 751 3048 refutari?
799 3009 901 3048 Nam

37 3065 176 3104 eadem
199 3066 347 3105 ratione
370 3068 581 3107 insuticius
605 3067 639 3104 is
665 3070 743 3112 est,
770 3065 833 3117 qui
848 3065 900 3103 iu-

37 3121 175 3168 suitur,
210 3135 336 3175 neque
372 3137 462 3162 vero
501 3124 560 3162 cui
599 3122 691 3176 quid
727 3122 900 3162 insuitur.

1012 721 1209 751 ardentibus
1227 718 1256 749 δ.

962 821 1052 872 lpse
1078 834 1168 858 vero
1195 819 1330 857 asinus
1355 818 1428 856 hac
1451 814 1731 867 significatione
1755 826 1830 850 non

960 882 1092 929 potest
1116 877 1187 915 dici
1214 875 1443 919 insum-ius,
1469 874 1558 924 quia
1576 885 1650 910 non
1670 869 1831 908 insuitur

958 934 1132 985 puellae.
1158 932 1232 970 sed
1258 932 1292 968 ei
1316 931 1401 968 vice
1426 943 1541 967 versa
1564 929 1683 978 virgo.
1730 925 1831 967 Hinc

957 990 1068 1041 igitur
1088 988 1295 1027 videndum
1322 991 1400 1032 est,
1426 985 1660 1025 insutIct'mn
1678 982 1831 1034 probari

963 1061 1036 1083 non
1062 1058 1203 1096 posse,
1231 1043 1332 1094 quod
1349 1046 1551 1093 praeterea
1565 1039 1830 1090 exemplorum

961 1102 1185 1140 auctoritate
1221 1099 1338 1150 plane
1369 1098 1596 1136 destitutum
1621 1099 1693 1133 est.
1748 1093 1831 1132 Sed

959 1158 1126 1207 ingenue
1152 1156 1353 1199 confiteor,
1378 1159 1583 1204 utrumque
1607 1166 1682 1190 non
1708 1163 1831 1202 posse

960 1212 1012 1252 ita
1037 1213 1202 1265 probari.
1230 1211 1271 1248 Si
1292 1210 1492 1248 insitis-ins
1511 1222 1603 1246 vera
1616 1211 1677 1245 est
1703 1207 1830 1252 lectio,

959 1284 1044 1308 cum
1070 1268 1204 1306 Heius.
1225 1267 1393 1304 Adi-ers.
1410 1265 1454 1303 H.
1469 1270 1506 1305 8.
1532 1278 1569 1315 p.
1591 1268 1683 1304 268.
1710 1263 1831 1314 expli-

960 1326 1036 1363 cari
1057 1325 1193 1363 debet:
1220 1324 1354 1360 asinus
1368 1321 1519 1361 bibrida
1538 1324 1577 1358 et
1597 1334 1646 1358 ex
1663 1332 1831 1369 oenagro

959 1382 1131 1430 genitus,
1170 1391 1404 1429 ‹ptamquam
1442 1378 1608 1426 ingenue
1634 1375 1830 1420 confiteor,

959 1438 1051 1487 quid
1075 1435 1364 1488 significationis
1391 1437 1430 1470 et
1454 1433 1597 1470 ironiae
1616 1433 1650 1470 in
1671 1433 1745 1469 ista
1766 1444 1832 1468 ex·

959 1493 1167 1544 plicatione
1193 1492 1298 1537 insit,
1324 1503 1386 1528 me
1412 1503 1485 1527 non
1512 1488 1741 1539 intelligere.
1779 1487 1834 1525 At

957 1549 1060 1587 aliud
1094 1548 1187 1599 quid
1215 1561 1311 1585 usus
1345 1560 1419 1584 non
1446 1545 1685 1596 comprobat.
1732 1543 1834 1581 Hinc

959 1609 1057 1651 erat,
1083 1610 1125 1643 ut
1149 1603 1396 1642 emendarem
1422 1603 1653 1641 insnticiam
1677 1613 1748 1652 pro
1774 1601 1831 1638 in-

958 1663 1134 1701 sitt'cimn
1160 1663 1180 1699 i.
1196 1674 1228 1699 e.
1257 1661 1459 1709 virginem,
1487 1671 1588 1709 quae
1608 1659 1737 1695 insuta
1756 1659 1830 1701 est,

958 1718 1132 1756 referens
1158 1717 1233 1755 hoc
1257 1716 1307 1754 ad
1334 1727 1570 1767 praegressa
1596 1713 1729 1751 verba:
1753 1726 1830 1764 per

958 1775 1133 1813 mediam
1147 1773 1279 1812 alc-um
1288 1772 1440 1811 nudam
1450 1771 1647 1822 tairqinem
1660 1771 1829 1808 insuere..

960 1831 1039 1868 Sed
1061 1833 1217 1880 propter
1232 1829 1433 1866 verborum
1453 1827 1747 1865 concinnitatem
1768 1825 1831 1861 vix

957 1886 1172 1938 probabilis
1187 1885 1406 1922 coniectura
1420 1887 1490 1921 est.
1517 1881 1628 1920 Haec
1650 1895 1714 1919 me
1729 1893 1830 1918 com-

956 1946 1100 1987 movet,
1114 1945 1155 1979 ut
1168 1941 1216 1979 ad
1226 1940 1375 1979 Heinsii
1390 1939 1623 1976 sententiam
1637 1936 1830 1983 inclinem,

958 1998 1022 2049 qni
1047 1998 1095 2035 ad
1122 1996 1235 2035 Ovid.
1264 1996 1371 2034 Fast.
1396 1995 1440 2033 ΙΙ.
1467 1998 1560 2034 578.
1587 1995 1742 2032 isicium
1765 1993 1831 2030 vei

959 2055 1144 2093 insiciam
1154 2053 1215 2090 vel
1230 2053 1424 2091 §sitiatmn
1437 2050 1683 2095 emendabat,
1698 2061 1830 2099 quem·

961 2123 1038 2159 que
1064 2123 1136 2147 non
1169 2108 1297 2147 solum
1322 2108 1453 2146 Burm.
1481 2107 1530 2145 ad
1553 2106 1714 2144 Anthoi.
1740 2105 1828 2144 Lat.

962 2165 1007 2204 T.
1023 2164 1068 2204 n.
1082 2179 1118 2216 p.
1136 2170 1246 2211 447„
1271 2164 1344 2203 sed
1359 2165 1475 2202 etiam
1490 2163 1592 2201 Oud.
1607 2165 1829 2212 sequuntur.

961 2253 983 2268 „
997 2222 1117 2261 [sicia
1132 2235 1164 2259 s.
1177 2222 1338 2267 insicia,
1363 2224 1404 2258 ut
1428 2219 1592 2258 Meerm.
1605 2219 1656 2257 ad
1669 2216 1829 2256 Anthoi.

962 2279 1048 2317 Lat.
1077 2277 1098 2316 Ι.
1115 2277 1150 2316 d.
1177 2291 1207 2315 c.
1224 2281 1288 2317 35.
1315 2278 1491 2328 exponit,
1519 2275 1672 2327 proprie
1696 2273 1830 2326 appel-

963 2335 1140 2373 labantur
1165 2333 1379 2379 lat-cimina,
1405 2346 1506 2384 quae
1525 2332 1695 2382 impletis
1716 2343 1830 2369 carne

960 2390 1118 2429 concisa
1141 2390 1332 2428 intestinis
1352 2390 1497 2428 fiunt...
1523 2387 1596 2426 Hic
1610 2401 1699 2426 vero
1714 2399 1831 2437 quum

960 2447 1009 2485 de
1033 2447 1199 2498 yallina
1230 2447 1399 2485 esiciata
1429 2458 1560 2483 sermo
1591 2445 1660 2490 sit,
1692 2442 1831 2482 intelli-

961 2503 1089 2554 genda
1113 2510 1174 2541 est
1195 2502 1276 2548 ilia,
1303 2515 1404 2552 quae
1430 2505 1667 2541 evacuato
1686 2500 1832 2552 prius

962 2573 1174 2610 corpore
1202 2560 1292 2598 varii
1308 2557 1448 2597 deinde
1462 2557 1617 2608 generis
1634 2555 1831 2594 sarcimine

961 2615 1202 2666 repiebatur,
1227 2616 1279 2653 uti
1305 2629 1444 2666 capum
1471 2613 1696 2664 pullumque
1722 2611 1830 2649 sarsi-

962 2671 1035 2710 lem
1051 2672 1236 2710 describit
1247 2670 1414 2722 Apicius
1422 2669 1563 2710 Υ1.9.“
1583 2669 1833 2720 Epigramma

961 2728 1013 2766 de
1043 2729 1212 2767 esictata
1244 2727 1306 2766 bis
1343 2726 1471 2765 verbis
1507 2725 1655 2776 incipit:
1688 2723 1833 2764 Amisit

955 2785 1157 2836 proprias
1177 2789 1398 2823 vacuato
1431 2795 1645 2834 corpore
1676 2793 1830 2819 carnes.

961 2838 1170 2879 Forceilin.
1194 2840 1229 2878 in
1258 2840 1382 2878 lexico
1415 2843 1588 2877 nostrum
1614 2837 1739 2876 locum
1765 2849 1830 2874 ex-

960 2898 1067 2946 ponit
1092 2896 1246 2947 iegens:
1272 2896 1524 2935 insuite-ima.-
1555 2895 1690 2932 asinus
1715 2905 1832 2930 exen-

960 2956 1122 2999 tet-atus,
1138 2957 1176 2991 et
1189 2954 1300 2991 vivae
1314 2950 1470 3003 puellae
1485 2963 1664 3000 corpore,
1679 2949 1831 2987 mediae

959 3008 1047 3047 alvo
1072 3009 1219 3053 insuto,
1246 3008 1378 3046 fartus.
1426 3006 1467 3045 In
1493 3010 1601 3045 textu
1626 3006 1830 3044 lectionem

958 3063 1205 3116 plurimorum
1230 3063 1342 3102 codd.
1368 3062 1557 3115 reposui]

1015 3133 1233 3176 exponere.
1258 3120 1321 3160 De
1346 3120 1434 3175 ipsa
1450 3132 1586 3171 *poena
1611 3118 1726 3172 longe
1750 3131 1830 3157 cru-

1463 3185 1516 3230 33
