2155 3590
785 77 815 116 C
839 79 874 118 A
898 78 931 117 P
957 77 993 118 U
1019 78 1051 117 Τ
1123 78 1178 117 11.
1771 90 1871 117 xmu

579 245 629 284 D.
702 245 785 284 DE
833 246 968 286 DEO
1016 245 1364 285 SOCRATIS

79 350 199 388 oratio
219 362 302 387 cum
316 347 486 386 Floridis
506 348 797 387 accuratissime
818 348 1101 399 coniungenda,
1127 349 1232 387 cuius
1254 353 1519 396 argumentum
1544 349 1579 386 in
1604 362 1652 387 eo
1678 349 1868 394 consistit,

78 411 117 445 ut
141 410 274 444 auctor
298 404 478 456 explicet,
504 404 595 455 quid
620 404 804 443 Socrates
827 406 993 443 voluerit
1015 405 1187 443 tribuens
1213 405 1286 443 sibi
1311 405 1553 451 daemonem,
1579 406 1642 455 qui
1668 419 1755 443 eum
1781 419 1804 443 a
1829 419 1870 442 re

78 463 179 501 male
204 461 375 513 gerenda
399 465 557 499 arceret.
616 460 728 498 Deos
755 461 854 498 enim
879 475 971 500 esse
996 461 1087 500 dicit
1109 461 1488 500 medioxumossive
1513 463 1662 500 medios
1689 462 1751 512 qui
1777 463 1871 499 inter

75 523 213 557 terram
239 522 356 568 atque
381 517 532 555 coelum
562 515 752 563 habitent,
785 531 899 567 quum
930 532 979 556 ex
1009 517 1187 556 Platonis
1217 519 1410 556 sententia
1434 519 1530 556 inter
1555 518 1730 556 homines
1755 522 1871 568 atque

79 576 179 613 deos
203 579 359 627 propter
388 574 523 611 horum
553 587 745 612 summam
769 573 1064 625 perfectionem,
1096 574 1246 612 illorum
1272 588 1363 612 vero
1394 575 1485 612 vitia
1509 573 1734 613 necessario
1760 574 1870 611 iuter-

77 645 171 669 esse
195 635 303 682 putet
322 629 481 680 gradum
502 630 695 680 quendam
717 631 927 677 numinum,
953 645 1054 682 quae
1073 631 1201 669 media
1218 632 1294 669 sint
1313 632 1409 669 inter
1429 631 1530 669 deos
1548 635 1666 682 atque
1680 630 1870 669 homiues.

79 688 162 726 Sed
185 688 392 725 redeamus
417 686 466 724 ad
492 687 715 725 orationem.

188 744 308 782 Miror
338 743 584 793 interpretes,
617 742 680 794 qui
711 746 843 781 contra
874 743 1041 782 omnium
1073 744 1134 795 qui
1166 747 1298 782 extant
1328 743 1504 782 codicum
1530 744 1796 782 auctoritatem
1822 744 1871 782 ab

78 801 302 839 novissimis
326 798 570 837 Floridorum
594 799 743 850 eclogis
769 800 978 838 orationem
1010 800 1276 851 seiungerent,
1308 814 1424 852 quum
1449 799 1595 839 Mstus.
1625 814 1650 837 a
1673 799 1871 838 Linden-

77 857 244 908 brogio
271 856 438 895 collatus
455 854 490 907 ι3)
516 856 676 894 meliora
701 869 772 894 eos
797 856 940 894 docere
965 860 1113 908 posset.
1172 856 1209 895 is
1240 858 1339 895 enim
1365 860 1454 895 ante
1478 857 1600 908 prima
1624 854 1780 906 Fragm.
1807 860 1872 896 24.

78 914 196 951 verba
219 913 356 951 habet:
385 912 572 963 Apuleii
597 912 801 951 Madaur.
828 913 877 950 de
898 913 949 952 J).
970 913 1011 951 S.
1032 912 1078 951 L.
1099 912 1127 952 Ι.
1151 914 1301 965 incipit
1320 913 1571 965 prolocutio,
1598 918 1637 951 et
1659 912 1710 950 ad
1736 926 1873 950 vocem

77 969 213 1008 Plato:
240 969 505 1008 Narrationis
529 969 765 1008 exordium.-
789 970 849 1007 cui
873 970 1061 1008 accedunt
1086 969 1179 1008 Cod.
1205 969 1428 1009 Har-lemen.
1455 972 1494 1007 et
1524 968 1652 1008 Cuiac.
1677 969 1874 1007 secundus⁴

79 1027 144 1078 qui
181 1026 381 1064 exhibent:
414 1026 609 1076 E.z·plt‘cit
638 1026 850 1077 Prolosyns
884 1026 936 1068 ‚cle
966 1026 1019 1064 J).
1047 1027 1089 1064 S.
1116 1028 1332 1065 Tractatus
1356 1027 1515 1077 incipit.
1574 1025 1741 1077 Decepti
1773 1026 1873 1063 enim

77 1088 167 1122 sunt
197 1083 426 1134 interpretes
458 1083 671 1132 argumenti
703 1081 806 1132 quod
837 1081 872 1118 in
904 1082 1065 1133 prologo
1097 1086 1279 1121 tractatur
1309 1083 1505 1121 varietate.
1564 1082 1676 1120 Hanc
1706 1096 1786 1120 rem
1823 1083 1875 1119 ita

77 1140 258 1190 expedio,
316 1137 499 1176 Invitatus
526 1142 625 1183 erat,
650 1142 690 1176 ut
716 1137 869 1189 publice
894 1139 1022 1176 subito
1048 1138 1195 1188 aliquid
1219 1139 1431 1176 dissereret
1455 1137 1667 1189 Apuleius,
1699 1139 1750 1176 uti
1784 1153 1874 1176 con-

80 1197 194 1234 iicere
220 1196 326 1241 licet,
352 1195 400 1232 ab
427 1194 562 1232 amicis
588 1193 991 1243 Carthaginiensibus,
1018 1194 1121 1245 quod
1147 1194 1299 1232 dicendi
1323 1195 1578 1233 rudimentum
1604 1199 1646 1233 ut
1670 1198 1876 1233 excusaret

77 1252 184 1303 apud
220 1251 415 1290 auditores
453 1249 550 1288 haec
582 1250 807 1301 prolocutus
839 1255 900 1288 est
931 1255 970 1288 et
999 1265 1064 1288 cur
1095 1250 1146 1289 ad
1176 1251 1213 1288 id
1245 1255 1480 1302 provocatus
1514 1255 1624 1290 esset
1647 1252 1876 1303 explicavit.

79 1308 322 1347 Tritissimos
353 1307 478 1344 fuisse
508 1307 611 1358 apud
640 1306 817 1345 rhetoras
848 1306 951 1345 tales
982 1308 1194 1345 orationum
1225 1307 1414 1358 prologos
1451 1308 1642 1359 exemplis
1679 1308 1877 1346 confirmat

80 1364 281 1403 Cresoll.
305 1363 372 1402 IV.
399 1377 429 1401 c.
445 1368 481 1403 8.
507 1368 642 1415 psi-14
666 1377 751 1414 seq.
789 1363 861 1401 His
888 1364 1091 1402 concessis
1116 1368 1317 1414 utrumque
1344 1363 1447 1413 quod
1473 1364 1604 1401 ultimo
1632 1363 1876 1402 Floridorum

81 1422 166 1460 loco
202 1421 340 1472 legitur
372 1419 628 1468 fragmentum
660 1424 698 1458 et
728 1420 849 1458 oratio
883 1421 971 1471 ipsa
1000 1420 1195 1458 artissime
1226 1424 1502 1459 connectantur
1534 1421 1797 1458 necessarium
1825 1420 1875 1456 vi-

78 1478 201 1516 detur.
258 1477 399 1528 Neque
424 1481 486 1514 est
510 1490 574 1514 cur
599 1478 634 1514 in
660 1477 844 1529 principio
871 1477 1054 1515 orationis
1080 1476 1256 1515 lacunam
1282 1477 1527 1528 suspicentur
1551 1476 1813 1515 W'owerius
1838 1481 1877 1515 et

79 1534 161 1581 alii,
185 1548 301 1585 quum
326 1534 451 1571 omnia
475 1533 532 1571 sic
557 1533 745 1584 disposita
769 1534 840 1571 rite
864 1534 1088 1584 procedant.

190 1590 335 1629 Restat
368 1604 485 1635 nunc,
521 1593 562 1627 ut
586 1590 635 1627 (le
659 1590 884 1641 suspicione
915 1591 1081 1640 quadam
1108 1588 1332 1636 Stahriiss)
1371 1603 1570 1637 moneam,
1609 1590 1672 1641 qui
1708 1589 1876 1628 mediam

79 1648 179 1686 hanc
210 1647 421 1686 orationem
452 1650 561 1697 putat
592 1647 854 1685 detruncatam
888 1660 992 1685 esse.
1054 1646 1172 1684 Extat
1202 1646 1301 1684 enim
1334 1646 1466 1685 incerti
1498 1646 1581 1684 libri
1609 1647 1876 1695 fragmentum.

80 1706 129 1742 ab
154 1703 334 1742 Isidoro
359 1702 583 1754 01·ig.VlH.
610 1717 641 1742 c.
672 1709 731 1743 11.
759 1705 899 1755 §.100.
926 1718 962 1755 p.
984 1707 1076 1743 281.
1102 1702 1279 1741 Lindem.
1306 1702 1491 1742 Bosscha
1515 1702 1561 1742 Il.
1587 1717 1611 1754 p
1651 1707 1744 1744 609.
1771 1702 1878 1753 Apu-

81 1759 156 1798 leio
183 1760 436 1811 adscriptum,
463 1772 538 1810 quo
565 1759 771 1810 explicatio
800 1762 837 1798 fit
863 1760 1039 1798 vocabuli
1066 1760 1260 1799 Manium.
1322 1759 1540 1798 Statu-ius
1565 1760 1601 1798 id
1627 1774 1712 1798 cum
1740 1759 1876 1797 Colvio

81 1817 131 1855 ad
155 1830 243 1854 eum
267 1817 380 1855 huius
406 1816 589 1854 orationis
615 1816 740 1855 locum
766 1817 940 1867 delegat,
966 1818 1029 1854 ubi
1050 1816 1098 1853 de
1118 1816 1313 1861 Manibus,
1337 1816 1570 1854 Lemuribus
1590 1816 1677 1855 aliis
1697 1816 1734 1854 id
1754 1829 1878 1865 genus

80 1873 348 1912 Daemonibus
374 1886 502 1910 sermo
529 1877 607 1918 est,
635 1875 814 1923 quoniam
834 1886 1024 1924 nusquam
1043 1873 1142 1911 alias
1162 1873 1266 1910 aiunt
1292 1873 1377 1910 eius
1404 1873 1510 1910 vocis
1536 1874 1584 1911 ab
1605 1872 1773 1923 Apuleio
1800 1872 1878 1909 lieri

81 1930 325 1968 mentionem.
384 1927 530 1967 Horum
557 1933 683 1967 tamen
710 1930 805 1968 ratio
831 1930 1085 1980 improbatur,
1113 1929 1215 1979 quod
1241 1929 1343 1967 nulla
1371 1929 1592 1980 intelligitur
1618 1943 1780 1975 caussa,
1812 1943 1879 1967 cur

81 1986 117 2024 in
144 1999 373 2036 quocunque
399 1985 475 2024 alio
501 1985 539 2023 id
565 1985 817 2034 fragmentum
843 1986 1011 2036 positum
1037 1999 1129 2022 esse
1155 1985 1251 2022 libro
1278 1999 1482 2036 negemus,
1514 1987 1577 2037 qui
1609 1990 1778 2024 nostram
1803 1999 1876 2022 non

81 2042 211 2080 tulerit
229 2046 405 2080 aetatem.
444 2041 600 2086 Quanta
619 2043 719 2079 enim
745 2047 806 2080 est
833 2042 1010 2080 librorum
1035 2042 1320 2092 ‹leperditorum
1346 2042 1475 2093 copia,
1502 2047 1644 2092 quanta
1663 2043 1879 2092 argumenti

84 2099 119 2136 in
145 2098 327 2136 mutilatis
353 2097 536 2136 varietas!
594 2097 680 2136 Nec
710 2098 910 2137 exordium
940 2099 1124 2137 orationis
1156 2111 1242 2137 cum
1272 2098 1360 2136 aliis
1384 2112 1560 2138 mancum
1585 2112 1679 2138 esse
1704 2098 1877 2137 dixerim.

358 2265 404 2305 E.
463 2266 543 2305 DE
592 2265 899 2306 DOGMATE
945 2265 1263 2306 PLATONIS
1310 2267 1480 2308 LIBRI
1528 2267 1604 2309 111.

195 2447 398 2485 Librorum
429 2448 679 2500 transpositio
712 2461 826 2498 quam
858 2448 1019 2486 instituit
1054 2448 1418 2501 Oudendorpius
1456 2463 1541 2487 cum
1573 2449 1802 2487 Vulcanio
1840 2453 1879 2487 et

85 2504 347 2554 Scaligero,
384 2505 624 2543 assentiente
661 2505 794 2543 codice
830 2504 1070 2552 Florentino,
1107 2510 1149 2543 ut,
1185 2506 1233 2543 ‹le
1271 2505 1417 2543 Mundo
1452 2505 1548 2543 liber
1577 2507 1722 2557 primus
1755 2510 1877 2546 esset.

86 2575 201 2611 quem
237 2562 460 2612 exciperent
495 2561 577 2598 libri
614 2561 664 2598 de
693 2560 945 2613 philosophia
973 2561 1133 2600 naturali
1165 2566 1204 2600 et
1233 2563 1282 2600 (le
1313 2561 1563 2613 philosophia
1599 2562 1751 2601 morali.
1791 2562 1878 2599 ideo

84 2618 234 2655 videtur
269 2631 363 2655 esse
398 2617 681 2668 improbabilis,
719 2617 824 2668 quod
859 2631 958 2668 quae
990 2620 1084 2656 ratio
1116 2619 1329 2657 intercedat
1358 2619 1454 2656 inter
1486 2619 1618 2656 librum
1651 2619 1700 2656 (le
1730 2619 1877 2656 Mundo

85 2679 315 2724 ceterosque
339 2674 389 2711 de
414 2674 596 2722 dogmate
622 2673 815 2720 Platonis,
842 2688 914 2712 non
941 2675 1178 2725 intelligitur.
1240 2675 1341 2713 Dein
1368 2689 1403 2726 p.
1433 2679 1522 2715 189.
1548 2679 1680 2713 auctor
1705 2675 1790 2726 ipse
1816 2677 1878 2713 ini-

85 2732 177 2769 tium
208 2730 349 2769 indicat
379 2744 424 2767 se
462 2730 647 2768 facturum
680 2744 774 2768 esse
798 2744 822 2768 a
848 2732 1030 2770 naturali
1050 2732 1332 2783 philosophia.
1392 2732 1508 2777 Quod
1533 2745 1624 2768 vero
1652 2731 1878 2769 lr'austinum

86 2801 158 2825 non
184 2787 323 2839 primo,
355 2787 406 2824 uti
438 2787 623 2833 debehat,
654 2787 729 2825 sed
760 2787 881 2825 altero
913 2787 1008 2825 libro
1040 2788 1233 2826 allocutus
1259 2788 1309 2825 sit
1333 2792 1484 2829 auctor.
1517 2787 1569 2825 ita
1593 2789 1732 2839 poterit
1757 2789 1877 2839 expli-

86 2844 179 2889 cari,
204 2849 244 2880 ut
269 2857 341 2880 non
367 2858 442 2881 uno
468 2847 601 2881 tenore
626 2857 761 2881 omnes
786 2844 834 2880 ab
854 2843 1020 2894 Apuleio
1043 2844 1161 2882 libros
1187 2846 1354 2895 scriptos
1374 2858 1467 2881 esse
1486 2857 1610 2894 ponas
1629 2845 1703 2884 sed
1723 2845 1876 2884 diverso

85 2900 181 2938 inter
202 2913 296 2938 sese
320 2904 515 2951 tempore,
540 2904 580 2938 ut
603 2899 767 2938 alterum
792 2900 973 2938 facillime
998 2900 1184 2939 Faustino
1209 2901 1378 2952 potuerit
1406 2901 1568 2939 mittere.

175 3038 216 3073 5)
240 3041 318 3068 Item
332 3039 428 3068 etiam
443 3040 582 3068 Florem.
597 3041 627 3067 3.
639 3039 780 3073 optimus
792 3039 924 3068 Florida
937 3043 965 3067 et
980 3041 1018 3067 de
1032 3040 1089 3068 deo
1103 3040 1249 3068 Socratis
1264 3040 1379 3070 librum
1393 3040 1570 3076 coniungit.

175 3086 216 3120 6)
240 3086 367 3114 Stant.
392 3085 426 3113 in
450 3086 548 3114 libro:
577 3082 779 3112 Aristotcles
793 3087 892 3112 unler
904 3083 966 3112 dea
982 3083 1126 3112 Riimern
1140 3094 1169 3120 p.
1189 3087 1259 3114 156.
