2155 3590
597 164 784 205 LIBER
805 164 857 206 X.
916 163 1045 205 CAP.
1075 162 1293 204 XXXIII.
1760 154 1842 197 977

55 274 285 330 originalem
310 276 544 317 sententiam
567 278 702 332 magni
725 276 831 318 Iovis
857 277 1030 318 consiliis
1055 276 1201 317 electus
1225 274 1366 324 iudex,
1394 271 1617 312 rusticanus
1643 274 1682 308 et
1706 266 1839 322 opilio,

53 332 163 372 lucro
186 332 358 372 libidinis
381 333 603 374 vendiderit
626 348 712 374 cum
736 333 856 374 totius
882 334 999 374 etiam
1024 345 1119 373 suae
1144 331 1273 386 stirpis
1298 328 1448 371 exitio?
1500 325 1568 368 Sic
1599 324 1778 365 hercules
1804 330 1843 363 et

54 388 158 428 aliud
194 401 361 442 sequens
397 388 581 430 iudicium
616 390 722 430 inter
750 390 907 431 inclitos
938 389 1180 430 Achivorum
1212 388 1328 427 duces
1363 383 1622 433 celebratum,
1659 380 1724 421 vel
1755 393 1840 419 cum

54 444 164 484 falsis
187 444 542 486 insimulationibus
567 446 786 487 eruditione
810 446 1064 499 doctrinaque
1088 443 1333 499 praepollens
1354 440 1584 481 Palamedes
1607 435 1842 491 proditionis

54 500 280 552 damnatur,
317 501 380 541 vel
421 502 568 543 virtute
603 501 752 542 Martia
787 501 1031 557 praepotenti
1072 501 1295 555 praefertur
1329 496 1471 538 Ulixes
1507 495 1680 536 modicus
1701 492 1707 549 Ι
1727 491 1843 533 Aiaci

53 557 240 597 maximo.
272 556 406 611 {Quale
431 565 560 598 autem
585 565 625 598 et
647 559 742 598 illud
765 558 949 599 iudicium
974 558 1074 612 apud
1098 556 1286 610 legiferos
1311 552 1593 601 Athenienses,
1621 556 1731 590 catos
1754 548 1843 588 illos

53 620 92 653 et
116 613 241 653 omnis
266 614 455 655 scientiae
480 614 715 669 magistros?
745 614 889 654 Nonne
915 614 1071 654 divinae
1096 611 1324 667 prudentiae
1350 621 1491 659 senex,
1519 620 1631 660 quem
1652 604 1844 659 sapientia

53 669 238 724 praetulit
267 670 417 711 cunetis
450 671 678 711 mortalibus
710 671 804 711 deus
830 669 1065 725 Delphicus,
1099 668 1237 709 fraude
1263 673 1302 708 et
1325 664 1475 706 invidia
1500 662 1762 717 nequissimae
1788 660 1845 701 sa-

51 798 113 827 Pro
127 796 324 836 originalem
337 799 491 828 Brantius
505 799 613 834 inepte
626 799 765 828 coniecit
778 797 988 836 virginalem.
1013 797 1155 826 Primam
1168 794 1353 825 hominibus
1367 796 1475 822 notam
1489 795 1518 821 et
1534 790 1774 827 primordialem
1795 788 1846 817 in-

51 843 180 880 telligit,
195 847 227 872 ut
244 846 325 873 bene
339 844 421 878 cepit
437 845 584 873 Beroald.
621 843 703 881 opv'lr'
714 844 807 872 lucro
820 845 894 873 Vic.
906 845 1060 872 Venet.2.
1074 844 1157 871 lunt.
1176 843 1202 870 1.
1251 847 1333 868 suae
1347 846 1409 867 non
1424 839 1585 872 comparet
1600 836 1634 864 in
1649 835 1668 864 f.
1717 841 1752 869 ⁸3
1766 832 1845 860 lter-

52 886 142 916 eules
155 890 193 918 L.
205 889 263 918 i.e.
277 887 344 919 sed.
391 896 531 926 sequens
547 891 636 919 codd.
651 897 761 918 omnes
774 893 803 918 et
817 890 887 918 edd.
900 892 1027 923 praeter
1038 879 1171 917 tulo).
1181 907 1189 921 ‚
1215 893 1298 920 quae
1312 892 1385 913 cum
1397 885 1480 912 Elm.
1495 890 1535 911 ac
1548 881 1687 910 Scriver.
1712 878 1847 916 sequius

50 934 157 963 habet.
204 931 429 962 Arc-laieorum
444 936 480 963 G.
494 937 524 963 2.
538 936 574 963 P.
588 936 626 963 D.
673 933 798 962 iudices
813 942 867 968 nro
880 932 979 961 duces
993 934 1028 962 Ο.
1076 930 1294 959 celebrantur
1306 930 1343 958 P.
1392 936 1464 956 cum
1483 936 1548 956 non
1561 930 1611 955 est
1624 926 1658 954 in
1672 933 1701 960 p.
1749 922 1845 951 dam-

51 977 153 1005 natm·
169 979 203 1008 Ο.
262 977 331 1016 vel,
363 981 446 1014 quod
471 983 547 1008 ante
571 979 700 1007 virtute
724 980 858 1015 legitur,
883 987 948 1008 non
966 982 1015 1007 est
1035 978 1069 1006 in
1092 977 1129 1006 F.
1148 978 1179 1005 3.
1204 977 1241 1005 G.
1262 977 1292 1004 1.
1312 975 1341 1003 2.
1361 975 1396 1002 Ο.
1416 974 1453 1002 P.
1474 974 1512 1002 D.
1532 969 1561 1001 δ.
1582 972 1602 1001 f.
1622 980 1652 1006 p.
1672 972 1708 999 B.
1729 970 1776 998 ed.
1799 977 1844 1004 pr.

50 1023 177 1052 Vicent.
190 1025 305 1053 Venet.
318 1026 348 1052 2.
384 1024 508 1052 αατὴτε
521 1025 556 1054 F.
573 1026 601 1054 1.
617 1023 731 1060 (etiam
745 1025 778 1052 in
791 1024 954 1059 excerptis
969 1024 1009 1052 ad
1022 1029 1123 1057 marg.
1138 1022 1187 1050 ed.
1202 1019 1313 1054 Colv.)
1325 1020 1362 1048 F.
1376 1020 1407 1048 3.
1421 1020 1457 1047 G.
1468 1019 1537 1047 1.2.
1551 1018 1587 1046 0.
1619 1013 1749 1043 Ana-ies
1765 1015 1800 1044 F.
1815 1017 1845 1043 2.

50 1069 88 1098 L.
102 1069 138 1097 P.
153 1070 191 1098 D.
206 1069 227 1097 f.
280 1067 410 1106 myses
431 1070 501 1098 edd.
519 1073 595 1098 vett.
615 1077 717 1103 usque
736 1070 777 1098 ad
797 1070 886 1098 Colv.
911 1071 948 1097 ln
967 1071 1039 1097 cett.
1064 1065 1213 1103 Ulyssee.
1253 1063 1373 1092 Ulixes
1388 1065 1505 1092 nabent
1525 1064 1560 1091 B.
1576 1065 1606 1090 et
1623 1058 1651 1090 ὃ.
1699 1059 1846 1088 modicus

50 1114 87 1142 F.
103 1115 132 1142 1.
148 1115 261 1151 (etiam
274 1115 307 1143 in
321 1115 482 1149 excerptis
496 1116 537 1143 ad
550 1122 649 1150 marg.
665 1116 713 1143 ed.
728 1114 838 1149 cmv.)
851 1115 888 1142 F.
901 1115 933 1142 3.
948 1122 977 1148 p.
992 1117 1022 1141 et
1035 1114 1070 1141 B.
1086 1113 1155 1140 edd.
1170 1115 1245 1140 ante
1259 1111 1348 1139 Colv.
1374 1106 1519 1135 medicus
1531 1109 1568 1136 F.
1582 1109 1613 1136 2.
1627 1108 1663 1135 G.
1676 1107 1742 1135 1.2.
1757 1107 1795 1135 D.
1809 1106 1845 1134 P.

52 1157 169 1193 (etiam
182 1159 215 1187 in
229 1160 390 1194 excerptis
404 1160 444 1188 ad
458 1167 557 1194 marg.
571 1161 620 1188 ed.
634 1159 744 1194 colv.)
757 1160 793 1187 L.
809 1156 838 1186 ὃ.
872 1161 909 1187 In
924 1161 997 1187 cett.
1011 1155 1190 1184 mendicus.
1236 1153 1330 1183 istud
1341 1155 1377 1183 P.
1425 1155 1460 1180 et
1471 1154 1552 1187 quod
1567 1156 1642 1181 ante
1660 1154 1758 1179 caeos
1776 1151 1847 1179 edd.

51 1206 83 1232 et
100 1205 190 1232 codd.
210 1205 335 1238 aliquot
353 1206 487 1241 habent,
514 1204 716 1233 desideratur
733 1204 767 1232 in
785 1205 821 1233 F.
844 1205 872 1232 1.
893 1205 923 1232 3.
944 1205 979 1232 G.
1002 1204 1030 1232 1.
1051 1204 1081 1230 2.
1101 1204 1136 1230 Ο.
1150 1203 1185 1230 Ρ.
1200 1203 1238 1230 D.
1253 1208 1282 1235 p.
1298 1195 1459 1231 f.‹5.{1·:1m.
1475 1200 1605 1226 Rulink.
1651 1203 1751 1224 caros
1766 1198 1801 1224 G.
1817 1197 1846 1224 1.

51 1246 223 1287 legafcros·
237 1251 272 1278 G.
286 1251 318 1277 2.
331 1250 370 1278 D.
417 1248 670 1277 omm‘sctentz'ae
684 1257 713 1283 p.
755 1246 993 1285 providentiae
1008 1245 1037 1276 ὃ.
1052 1247 1073 1275 f.
1099 1247 1141 1275 cf.
1156 1247 1239 1276 Cort.
1260 1246 1301 1274 ad
1320 1244 1404 1273 Plin.
1416 1244 1471 1272 IX.
1486 1249 1557 1276 cap.
1575 1243 1626 1270 13.
1645 1243 1701 1271 Dr.
1721 1242 1763 1270 ad
1774 1242 1846 1269 Liv.

50 1293 152 1323 XXV.
175 1296 230 1323 34.
253 1295 383 1323 XXXV.
406 1295 461 1324 25.
509 1293 696 1331 quempiam
715 1301 771 1328 pro
792 1301 886 1331 quem
906 1292 1078 1329 sapientia
1097 1293 1132 1321 G.
1149 1293 1178 1320 1.
1225 1289 1451 1328 nequissimae
1466 1287 1634 1324 factionis
1647 1285 1848 1324 nequissime

108 1403 247 1455 stirpis
271 1403 411 1442 est-itio.
485 1402 557 1455 [cf.
588 1401 673 1441 Fea
698 1402 752 1440 nd
782 1401 917 1440 Horat.

51 1459 129 1498 Od.
147 1458 177 1498 I.
199 1463 260 1499 15.
276 1463 353 1505 22„
380 1460 442 1509 qui
467 1458 569 1497 hunc
593 1458 719 1496 locum
746 1458 917 1509 excitat]

107 1528 284 1568 sequens.
356 1514 480 1567 [Oud.
512 1515 682 1567 praefert
712 1528 797 1553 cum
829 1514 917 1552 aliis

51 1573 213 1624 sequius
254 1572 277 1611 i.
302 1585 335 1611 e.
361 1572 487 1624 peius,
522 1572 650 1622 magis
678 1583 916 1623 perversum,

52 1629 165 1679 eique
197 1628 411 1667 obsecutus
442 1632 505 1666 est
533 1627 690 1667 Ruhnk.
747 1626 833 1678 Ego
864 1640 917 1666 se-

54 1698 176 1736 quens
199 1684 347 1723 retinui.
396 1684 567 1737 Sequius
591 1684 692 1722 enim
717 1682 918 1733 exemplo-

50 1753 133 1778 rum
158 1753 260 1791 quae
282 1740 428 1793 profert
455 1740 592 1778 rationi
623 1753 696 1779 non
729 1740 917 1777 convenit.

53 1796 152 1835 Tum
173 1797 273 1835 enim
297 1796 561 1836 necessarium
587 1795 738 1842 fuisset,
765 1795 919 1833 adiecti-

52 1866 141 1891 vum
172 1859 379 1906 poneretur
409 1866 543 1903 seqq.,
568 1853 630 1890 ubi
663 1852 714 1890 de
745 1852 918 1890 Socratis

51 1909 175 1960 agitur
200 1909 350 1955 iudicio,
377 1909 481 1960 quod
507 1909 594 1947 sine
614 1909 730 1947 dubio
751 1909 919 1946 omnium

52 1969 116 2004 est
128 1966 402 2017 turpissimum,
423 1969 684 2016 quantumque
699 1965 825 2015 possit
838 1977 920 2014 par-

50 2023 143 2061 tium
169 2023 338 2061 studium
362 2020 609 2073 apertissime
627 2019 895 2072 demonstrat]

92 2078 347 2118 Palamedes.
362 2078 428 2130 [cf.
437 2077 520 2116 Intt.
530 2078 578 2116 ad
589 2076 703 2115 Ovid.
712 2075 919 2115 Met.X111.

53 2139 118 2176 56.
126 2134 317 2186 etlHygin.
328 2134 404 2174 fab.
417 2134 497 2173 CV.
507 2134 660 2184 etVirg.
670 2134 769 2172 Aen.
779 2132 822 2170 II.
834 2132 917 2184 82]

109 2192 255 2231 virtute
269 2191 426 2230 blartia
447 2191 714 2242 praepotenti
734 2190 921 2242 praefer-

53 2252 119 2287 tur
150 2247 292 2287 Ulixes
316 2248 513 2286 modicus.
573 2245 653 2298 [lta
683 2246 733 2284 de
762 2258 808 2283 se
839 2244 921 2296 glo—

51 2304 168 2342 riatur
203 2304 290 2355 ipse
322 2304 423 2342 Aiax
453 2302 557 2355 apud
593 2301 708 2340 ovid.
742 2302 765 2340 l.
796 2315 830 2340 c.
858 2305 920 2341 11.

54 2364 249 2414 quantum
268 2373 347 2413 eyo
371 2360 531 2399 Marte
552 2359 701 2411 feroci,
730 2362 922 2410 quantum

53 2417 146 2455 acie
171 2415 298 2454 valeo.
354 2416 496 2456 Ulixes
528 2428 578 2453 ex
603 2418 782 2466 corrupta
806 2413 919 2452 codd.

52 2469 219 2510 lectione
246 2471 384 2511 Aua-es
407 2471 471 2509 vel
492 2471 631 2510 Araxes
655 2469 920 2520 corrigendum

53 2541 165 2574 esse,
203 2528 342 2577 cuique
372 2528 678 2578 persuadebitur.
727 2526 842 2565 Error
871 2538 922 2567 ex

53 2585 242 2636 scriptura
273 2584 415 2623 Ulia-es
439 2588 554 2622 natus
580 2588 658 2630 est,
691 2595 804 2633 quam
829 2585 920 2620 vett.

53 2640 290 2692 praetulisse
326 2654 396 2691 pro
429 2640 568 2694 Ulyses
598 2644 638 2677 et
675 2639 826 2692 Ulysces
856 2638 921 2676 de-

53 2700 308 2736 monstratum
333 2700 395 2734 est
417 2696 467 2734 ad
492 2696 589 2735 Met.
614 2695 643 2734 I.
666 2699 785 2747 p.46.
821 2693 921 2732 Tum

55 2755 244 2804 scriptura
266 2754 388 2791 variat
419 2752 516 2790 inter
544 2752 768 2797 υιεηιῖἰειιε,
798 2751 922 2790 medi-

57 2823 128 2849 cus
157 2812 196 2847 et
223 2809 422 2849 modicus.
471 2809 680 2854 Aledio-us,
711 2807 816 2858 quod
846 2807 923 2844 ine-

54 2868 164 2915 ptum
188 2869 267 2913 est,
305 2878 354 2903 ex
383 2878 482 2903 voce
510 2864 716 2904 mendicus
740 2863 924 2915 deprava.-

54 2921 185 2967 batur,
221 2934 322 2972 quae
356 2921 432 2961 hoc
468 2922 552 2960 Ioco
588 2920 744 2959 tolerari
780 2919 925 2969 nequit.

56 2975 196 3016 Ulixes
226 2978 326 3016 enim
356 2992 430 3017 non
463 2981 545 3016 erat
578 2977 785 3016 mendicus
819 2980 922 3021 tunc,

57 3046 173 3085 quum
197 3034 386 3085 agebatur
418 3047 606 3073 armorum
631 3032 800 3071 Achillis
830 3030 924 3069 iudi-

56 3091 167 3136 cium,
191 3090 265 3129 sed
290 3089 355 3128 diu
379 3094 534 3142 postea.
573 3089 716 3140 Neque
741 3087 925 3139 opposita

55 3150 147 3184 sunt
170 3147 377 3187 mendicus
401 3151 440 3186 et
463 3147 676 3187 maximus,
727 3144 854 3184 Aliter
877 3155 923 3182 se

976 1401 1097 1439 habet
1123 1400 1232 1438 locus
1256 1397 1416 1437 Anthol.
1442 1397 1531 1437 Lat.
1557 1396 1602 1435 T.
1628 1395 1674 1437 II.
1699 1411 1738 1448 p.
1754 1399 1846 1436 505.

976 1458 1145 1509 nat³i9et
1179 1461 1217 1494 et
1249 1458 1398 1508 fluctus
1440 1454 1561 1493 lasset
1599 1453 1848 1492 mendicus

984 1513 1164 1552 Ulixes.
1231 1511 1333 1549 Oud.
1371 1511 1435 1561 qui
1471 1509 1571 1548 haec
1607 1509 1846 1561 comprobat,

977 1569 1138 1607 offendit
1162 1568 1198 1606 in
1223 1580 1321 1606 voce
1342 1567 1621 1619 praepotenti,
1648 1578 1763 1617 quam
1783 1563 1847 1602 de-

979 1625 1134 1664 lendam
1159 1637 1253 1662 esse
1279 1626 1414 1662 censet
1439 1621 1670 1661 emendans:
1701 1622 1848 1661 virtute

977 1683 1136 1721 Martia
1181 1683 1421 1733 praefertur
1474 1679 1616 1718 Ulixes
1662 1678 1847 1717 modicus

979 1738 1102 1777 Aiaci
1120 1739 1310 1776 maximo.
1347 1735 1435 1774 Nec
1454 1739 1559 1786 puto,
1580 1734 1848 1787 praepotenti

978 1794 1147 1832 dativum
1162 1806 1267 1838 esse,
1295 1792 1356 1843 qui
1377 1791 1427 1829 ad
1447 1790 1569 1830 Aiaci
1587 1791 1765 1829 maximo
1790 1803 1844 1827 re-

977 1849 1163 1888 ferendus
1188 1851 1255 1896 sit,
1292 1848 1364 1886 sed
1396 1848 1525 1899 potius
1556 1846 1766 1885 ablativum
1796 1845 1846 1883 ad

977 1908 1123 1945 virtute
1153 1906 1313 1945 filarte'a
1348 1904 1624 1955 pertinentem,
1659 1906 1701 1940 ut
1725 1915 1846 1954 prae·

973 1967 1122 2015 potens
1157 1963 1282 2002 virtus
1313 1961 1471 2000 Martia
1507 1959 1558 1998 sit
1593 1958 1846 2011 praepollens

979 2023 1020 2057 et
1042 2019 1297 2069 vegetissima
1321 2016 1515 2055 fortitudo.
1562 2015 1664 2054 Nam
1690 2015 1725 2053 si
1750 2014 1846 2053 alte-

977 2089 1060 2113 rum
1090 2075 1256 2125 probare
1287 2073 1475 2119 volueris,
1508 2073 1638 2111 obstat
1665 2072 1734 2109 tibi
1765 2085 1847 2108 ver-

978 2132 1114 2170 borum
1149 2131 1301 2183 positus
1338 2130 1392 2168 ita
1425 2129 1543 2181 plane
1579 2127 1846 2167 intolerabilis.

979 2188 1175 2227 Modicus
1188 2186 1329 2225 Ulixes
1354 2186 1571 2224 nominatur
1594 2188 1751 2237 propter
1770 2197 1845 2223 non

978 2245 1032 2283 ita
1056 2257 1234 2295 magnam
1253 2243 1313 2282 sui
1332 2241 1504 2293 corporis
1524 2240 1781 2280 fortitudinem
1801 2254 1848 2279 ac

978 2301 1171 2352 vigorem,
1202 2303 1244 2338 ut
1268 2298 1372 2337 Veli.
1398 2297 1425 2338 I.
1453 2302 1515 2338 12.
1540 2298 1763 2337 modicus
1791 2298 1846 2336 υἰ-

977 2358 1098 2403 rium,
1137 2356 1239 2394 Curt.
1263 2354 1348 2394 Vll.
1374 2359 1410 2395 8.
1436 2354 1467 2404 §.
1494 2358 1530 2395 9.
1559 2354 1848 2406 maqm‘tudine

979 2414 1168 2465 corporis
1204 2413 1377 2452 animum
1414 2410 1713 2450 aestimantibus
1754 2423 1847 2448 mo-

979 2471 1121 2509 dicus
1156 2469 1479 2521 haudquaquam
1511 2468 1651 2518 famae
1681 2479 1765 2518 par
1794 2466 1846 2503 ri-

980 2526 1166 2572 debatur,
1180 2525 1310 2575 ibique
1325 2524 1408 2562 lntt.
1433 2523 1496 2562 De
1510 2535 1702 2562 armorum
1715 2520 1847 2560 Achil-

980 2581 1029 2620 lis
1048 2582 1185 2620 iudicio
1207 2581 1255 2620 cs.
1270 2581 1354 2619 Intt.
1369 2579 1418 2618 ad
1432 2578 1546 2618 Ovid.
1562 2578 1658 2616 Met.
1671 2576 1777 2616 XIII.
1795 2576 1845 2628 1.]

1037 2638 1236 2690 leyiferos
1261 2636 1533 2677 Athenienses,
1581 2634 1661 2687 [De
1685 2647 1768 2672 voc.
1796 2634 1845 2671 le-

978 2695 1138 2747 yz'feros
1173 2693 1222 2732 cf.
1252 2693 1445 2732 Buenem.
1479 2692 1526 2730 ad
1563 2689 1675 2729 Lact.
1710 2689 1846 2727 Institt.

979 2750 1049 2790 lv.
1089 2755 1150 2790 17.
1190 2751 1221 2798 δ.
1247 2755 1285 2790 7.
1320 2764 1358 2801 p.
1384 2752 1479 2789 531.
1527 2747 1664 2786 Gloss.
1692 2744 1848 2784 Phitox.

980 2820 1018 2858 p.
1048 2810 1138 2847 130.
1178 2807 1357 2859 leyifera
1406 2800 1667 2855 θεσμοφόρος,
1716 2801 1846 2853 Cyriu.

983 2876 1017 2913 p.
1045 2866 1139 2903 495.
1165 2860 1412 2913 θεσμοφόρος
1438 2861 1600 2913 leye’fer.
1643 2858 1707 2897 De
1730 2871 1772 2896 re
1797 2857 1846 2896 cs.

981 2918 1129 2957 Mem-s.
1154 2918 1204 2956 de
1228 2918 1347 2958 Attic.
1373 2917 1458 2956 fort.
1481 2929 1564 2966 cap.
1591 2913 1647 2968 8.]

1037 2975 1135 3014 deus
1172 2974 1412 3025 Delphicus.
1482 2971 1586 3024 [Rei
1622 2970 1847 3009 notissimae

978 3031 1201 3069 testimonia
1230 3034 1403 3068 veterum
1435 3030 1717 3079 congesserunt
1746 3025 1847 3066 Elm.

980 3087 1031 3125 ad
1060 3086 1205 3125 Minue.
1234 3085 1319 3124 Fet.
1349 3099 1385 3137 p.
1417 3083 1510 3123 XX.
1546 3083 1607 3122 ed.
1643 3083 1679 3121 in
1711 3080 1777 3122 fol.
1808 3086 1848 3120 ct

979 3142 1064 3184 Intt.
1091 3142 1140 3181 ad
1165 3140 1328 3182 Tei-tun.
1353 3141 1506 3182 advers.
1530 3139 1652 3180 Marc.
1677 3138 1705 3179 I.
1731 3153 1763 3179 c.
1790 3138 1846 3192 4.]

1420 3207 1476 3251 62

1867 495 1930 528 747
