2155 3590
676 140 864 180 LIBER
894 141 965 180 IV.
1027 139 1154 180 CAP.
1183 139 1232 178 V.
1786 138 1868 182 ‘223

75 253 243 295 situdine
274 268 361 294 cum
390 253 508 294 rebus
540 253 632 293 totis
663 252 898 305 offunditur·
930 252 1141 306 iacensque
1169 250 1212 291 in
1241 257 1438 291 mortuum
1462 263 1542 290 non
1567 250 1755 298 fustibus,
1789 264 1868 291 non

75 310 242 351 stimulis
272 323 319 350 ac
349 323 399 350 ne
429 310 553 349 cauda
581 316 621 349 et
644 309 804 349 auribus
830 309 1087 362 cruribusque
1108 307 1115 364 Ι
1134 307 1303 360 undique
1326 320 1487 347 versum
1511 306 1597 347 elev
1589 307 1675 347 atis
1700 307 1869 348 tentavit

74 379 310 420 exsurgere,
338 366 464 419 quoad
487 365 643 405 tandem
668 372 871 419 postumae
895 365 978 419 spei
1002 364 1158 419 fatigati
1181 376 1390 416 secumque
1415 362 1619 412 collocuti,
1646 376 1695 403 ne
1720 364 1868 404 tamdiu

74 429 228 462 mortuo
258 422 376 461 immo
404 435 501 462 vero
530 421 682 475 lapideo
712 421 824 461 asino
855 421 1077 461 servientes
1108 421 1240 474 fugam
1271 425 1548 468 morarentur,
1582 419 1751 459 sarcinis
1782 420 1866 460 eius

75 478 169 517 mihi
192 491 368 531 equoque
392 477 626 528 distributis,
655 477 840 517 destricto
867 477 995 530 gladio
1020 476 1183 540 poplites
1208 475 1292 516 eius
1316 481 1421 515 totos
1446 481 1661 537 amputant.
1688 474 1751 515 Ac
1775 490 1868 529 pau-

74 534 194 574 lulum
219 547 240 573 a
265 533 331 574 via
354 540 569 574 retractum
595 547 664 588 per
688 533 920 573 altissimum
945 546 1131 596 praeceps
1155 531 1197 572 in
1220 531 1362 573 vallem
1387 530 1608 584 proximam
1628 530 1745 570 etiam
1764 545 1868 571 nunc

74 590 287 653 spirantem
312 589 584 643 praecipitant.
634 588 749 629 Tunc
774 603 848 642 ego
873 589 1008 629 miseri
1033 587 1306 629 commilitonis
1332 588 1531 627 fortunam
1557 586 1759 640 cogitans,
1787 594 1867 627 sta-

74 646 130 686 tui
160 646 238 685 iam
268 645 366 686 dolis
396 646 556 686 abiectis
587 653 627 686 et
655 645 859 685 fraudibus
890 644 1042 685 asinum
1072 659 1134 686 me
1163 645 1290 685 bonae
1319 643 1427 698 frugi
1462 642 1628 683 dominis
1659 643 1864 684 exhibere.

1219 743 1226 750 ,,
1255 712 1346 762 μὴ
1554 720 1573 752 ..⁹

71 780 108 801 se
122 781 193 801 cum
207 772 274 801 reb.
290 775 312 802 t.
327 771 476 810 effundet
487 780 571 808 quae
583 778 617 802 ut
631 773 753 803 Berlin.
767 774 835 802 cod.
849 772 947 802 lectio
959 775 1000 802 ab
1013 773 1096 801 ELm.
1110 775 1269 809 motatur,
1282 779 1347 800 non
1359 773 1519 806 comparet
1532 778 1567 799 ιιι
1579 771 1652 799 coll.
1665 770 1820 800 Madian.
1833 770 1868 799 in

71 825 137 853 qua
155 816 345 855 effunditur
361 819 481 855 legitur
499 823 533 847 ut
552 819 585 847 in
599 820 636 848 D.
651 816 680 847 δ.
693 826 730 847 π.
776 827 813 845 m
830 817 961 846 modum
979 816 1108 845 mortui
1124 825 1179 852 pro
1197 826 1232 845 m
1243 819 1412 844 mortuum
1424 824 1465 844 ex
1477 816 1760 850 interpretamento
1773 817 1869 844 habet

73 864 110 891 B.
125 871 155 898 p.
169 868 199 892 et
213 871 323 893 omnes
336 865 407 894 edd.
418 872 440 892 x
443 867 495 892 ett.
508 868 636 898 praeter
645 865 729 893 lunt.
742 865 773 892 2.
795 865 847 892 Ita
860 871 984 898 quoque
996 871 1037 892 m.
1051 870 1116 892 sec.
1130 862 1313 891 emendavit
1325 861 1361 890 in
1373 862 1440 890 cod.
1452 862 1492 889 D.
1538 859 1696 888 slantulr's
1707 861 1739 889 V
1740 864 1822 889 enei.
1837 862 1868 888 4.

72 907 204 944 quidem
223 910 308 943 quod
324 912 398 944 post
417 907 528 937 cauda
546 909 581 937 ln
600 917 697 938 nonn-
710 911 790 938 Mss.
810 912 840 937 et
861 909 1011 937 omnihus
1029 909 1099 937 edd.
1113 910 1190 937 vett.
1208 907 1329 942 legitur
1341 908 1486 935 exulata
1497 906 1534 934 F.
1547 907 1579 934 3.
1594 907 1630 934 G.
1642 907 1682 935 D.
1695 906 1731 934 L.
1745 907 1784 934 R.
1799 905 1821 933 f.
1837 902 1867 934 δ.

72 953 228 982 cruribus
240 962 297 989 pro
308 953 529 992 cruribusque
543 951 573 983 δ.
623 956 791 981 tentatum
804 960 972 991 exurgere
984 955 1020 982 0.
1067 951 1155 988 quod
1165 950 1212 979 ad
1221 949 1249 981 ὃ.
1276 959 1340 989 quo
1351 960 1382 987 p.
1401 948 1582 988 posthume
1592 951 1702 985 inepte
1714 951 1869 979 scribitur

72 999 107 1027 in
119 1000 233 1028 venet.
245 1001 277 1029 2.
296 1004 327 1028 et
344 1001 495 1028 Beroald.
513 1000 598 1034 quod
615 1007 688 1028 cum
706 999 784 1028 aliis
800 999 959 1034 improbat
972 999 1053 1028 oud.
1100 996 1265 1025 collacum·
1278 999 1363 1026 lunt.
1375 998 1407 1025 2.
1456 998 1526 1024 tam
1544 995 1609 1023 imo
1623 1003 1680 1030 pro
1692 993 1820 1022 tamdiu
1833 995 1867 1033 β.

75 1052 152 1071 cero
166 1045 255 1073 deest
269 1043 304 1073 in
315 1041 345 1074 δ.
392 1042 520 1080 lapides
537 1045 577 1073 D.
591 1051 611 1073 a
623 1053 655 1079 p.
666 1052 708 1073 m.
755 1051 771 1072 s
785 1044 900 1072 deinde
918 1044 952 1072 in
972 1052 990 1070 o
1003 1046 1143 1072 correcto
1162 1049 1183 1071 a
1194 1050 1235 1071 m.
1249 1050 1276 1070 s.
1326 1044 1419 1069 totas
1433 1040 1760 1075 G.D.P.L.0.z.p.f.
1775 1037 1804 1069 δ.
1817 1042 1868 1069 ed.

72 1089 176 1123 princ.
221 1088 280 1116 via
292 1091 460 1117 retentum
473 1089 496 1118 f.
542 1089 578 1116 in
591 1087 711 1116 vallem
719 1088 916 1125 proximum
930 1090 967 1117 F.
984 1090 1012 1116 1.
1027 1089 1058 1116 3.
1105 1087 1299 1114 etianmunc
1312 1094 1422 1115 omnes
1435 1089 1517 1115 Mss.
1537 1089 1567 1114 et
1586 1086 1656 1114 edd.
1673 1089 1751 1114 vett.
1765 1093 1869 1120 usque

71 1135 114 1162 ad
138 1135 296 1172 vulcam,
325 1134 381 1169 qui
408 1141 510 1169 prave
540 1134 723 1161 etiamnum
751 1133 900 1163 mutavit.
958 1131 1166 1160 Etiamnunc
1189 1131 1377 1168 spirantem
1402 1133 1522 1160 absunt
1540 1138 1560 1159 a
1584 1132 1620 1160 G.
1643 1132 1684 1160 Ι).
1707 1131 1745 1159 Ρ.
1768 1132 1804 1159 Ο.
1830 1139 1867 1158 π.

71 1186 130 1216 ego
144 1187 209 1208 non
226 1183 390 1215 comparet
407 1179 442 1207 in
459 1180 498 1207 D.
517 1180 575 1207 sed
593 1179 628 1207 in
645 1179 791 1214 margine
811 1185 831 1207 a
848 1186 889 1207 m.
904 1186 931 1207 s.
951 1177 1096 1206 additum
1114 1180 1176 1207 est.
1222 1176 1288 1204 mei
1299 1177 1382 1211 quod
1395 1180 1471 1205 ante
1484 1174 1718 1204 commz’la'tom's
1731 1177 1867 1212 addunt,

70 1226 217 1253 exulata
228 1225 264 1252 F.
278 1226 309 1253 3.
324 1225 359 1252 G.
372 1225 412 1252 D.
424 1225 461 1252 P.
475 1225 509 1252 0.
524 1231 554 1257 p.
569 1225 619 1252 ed.
631 1232 680 1258 pr.
692 1226 722 1252 et
733 1225 818 1252 lunt.
831 1224 863 1251 2.
888 1223 954 1251 mei
966 1220 1107 1250 comnu‘l.
1120 1221 1142 1251 f.
1190 1220 1306 1250 eiectis
1320 1221 1344 1250 f.
1382 1219 1548 1261 sradibus
1567 1222 1606 1250 D.
1654 1223 1688 1248 et
1701 1224 1797 1256 atque
1810 1227 1867 1248 eos

68 1271 190 1298 absunt
200 1276 221 1298 a
232 1266 262 1298 δ.
308 1267 463 1296 dominiis
475 1269 524 1297 ed.
538 1276 586 1304 pr.

69 1377 240 1430 simplex
269 1393 288 1417 s
310 1376 376 1416 vel
399 1378 633 1429 compendio
658 1388 724 1428 sc3
748 1377 938 1423 scribitur,

72 1433 209 1473 fallere
234 1434 386 1474 facilius
404 1438 560 1487 poterat
577 1433 765 1481 librarios,
790 1439 832 1472 ut
852 1447 938 1472 cum

70 1491 196 1530 minus
231 1493 375 1530 usitato
410 1492 530 1529 verbo
568 1492 755 1530 ementita
787 1492 938 1529 coniun-

72 1551 216 1597 gerent.
257 1547 322 1585 De
345 1549 528 1586 mentiri
551 1547 598 1585 cs.
625 1545 759 1586 Creuz.
785 1546 835 1585 ad
860 1545 937 1585 Cic.

71 1603 121 1641 de
143 1603 193 1642 N.
217 1603 267 1642 D.
292 1603 338 1643 11.
364 1608 428 1644 21.
458 1616 496 1655 p.
523 1606 615 1644 289.
647 1603 710 1654 qui
742 1602 938 1642 Schwarz.

70 1659 122 1698 ad
154 1658 253 1698 Plin.
289 1658 436 1711 Paneg.
474 1664 539 1700 81.
577 1673 613 1711 p.
651 1663 744 1700 408.
783 1661 936 1698 excitat.

71 1714 169 1754 Pric.
195 1716 246 1754 ad
269 1715 367 1755 Met.
391 1716 442 1756 V.
465 1730 503 1768 p.
530 1713 643 1768 347]

129 1773 366 1826 offunditur.
428 1772 600 1826 Offuudi
629 1772 693 1810 hie
723 1777 785 1811 est
812 1776 937 1811 terrae

71 1827 199 1879 adfligi
221 1830 424 1880 magisque
442 1829 602 1868 denotat
619 1829 774 1880 pondus
791 1830 936 1867 ruentis

72 1885 188 1934 asini,
231 1898 347 1936 quam
388 1885 511 1923 altera
547 1885 662 1923 lectio
702 1886 935 1938 effimzlitur.

69 1938 229 1979 Passim
248 1942 350 1980 enim
369 1942 419 1981 ob
432 1941 602 1993 Apuleio
622 1940 728 1979 valet
746 1942 938 1980 adsensu

73 1997 275 2035 obiiciendi
305 1997 353 2036 cf.
383 1996 481 2036 Met.
512 1997 558 2036 Π.
589 2011 625 2047 p.
660 2001 751 2038 169.
790 1998 937 2050 dissitis

68 2053 223 2104 pedum
232 2054 409 2092 detunsis
418 2053 467 2092 ob
476 2053 565 2105 lapi
569 2054 638 2092 des
650 2057 689 2091 et
701 2053 835 2103 ibid.p.
848 2057 937 2093 161.

74 2109 125 2147 ob
156 2123 200 2148 os
229 2110 419 2160 corporis
443 2110 627 2160 imponit.
687 2108 752 2160 [cf.
778 2108 863 2148 lntt.
889 2109 939 2148 ad

75 2162 151 2203 Cic.
172 2163 288 2204 Tusc.
307 2164 370 2203 III.
388 2168 450 2205 18.
469 2165 500 2216 ξ.
516 2168 581 2205 39.
602 2164 707 2203 T.11.
725 2179 763 2216 p.
786 2169 865 2205 124
878 2178 939 2215 sq.

72 2220 134 2259 ed.
157 2217 324 2273 Mosen]

130 2278 314 2329 undique
342 2290 504 2317 versum.
565 2276 632 2329 [ct.
664 2276 833 2316 Gronov.
860 2276 940 2315 Ob-

74 2345 175 2371 serv.
199 2332 226 2372 I.
243 2337 278 2373 7.
303 2347 342 2385 p.
357 2337 422 2374 39.
448 2334 511 2373 ed.
536 2333 715 2371 Frotsch.
773 2331 850 2371 Est
878 2346 940 2371 se-

75 2389 220 2439 quioris
234 2388 584 2429 tantumlatinitatis
595 2388 822 2428 vocabulum
830 2402 940 2440 prae-

75 2446 216 2483 ceteris
247 2445 366 2484 Gellii
401 2445 449 2485 cs.
479 2445 566 2485 XII.
600 2449 662 2486 13.
694 2444 724 2495 ᾧ.
757 2449 822 2486 20.
854 2445 939 2484 Vll.

79 2505 140 2541 14.
166 2503 199 2552 ς’.
224 2506 260 2543 6.
286 2501 405 2554 Apul.
430 2502 550 2554 Apol.
576 2514 612 2552 p.
639 2501 751 2553 544]

131 2562 236 2597 totos
242 2559 437 2610 poplites.
482 2557 557 2610 [lta
570 2558 704 2609 optimi
717 2557 830 2597 codd.
844 2557 888 2597 F.
907 2563 941 2598 1.

77 2616 127 2658 3.,
156 2626 257 2664 quos
284 2628 317 2653 c.
342 2613 444 2653 Oud.
468 2614 696 2664 sequendos
720 2627 815 2652 esse
838 2614 941 2660 duxi,

77 2682 309 2721 quamquam
328 2670 395 2708 ille
414 2670 634 2709 femininum
654 2683 780 2721 genus
792 2670 941 2721 Apule-

77 2724 188 2764 ianae
220 2725 398 2766 licentiae
423 2727 601 2766 adtribuit
626 2725 714 2765 coll.
739 2725 888 2766 Ferrar.
912 2725 942 2765 I.

79 2780 139 2819 El.
160 2787 223 2823 14.
267 2782 494 2822 Sententiae
517 2786 660 2828 autem,
685 2795 800 2832 quam
825 2781 940 2828 addit,

79 2850 151 2876 non
182 2842 261 2877 tam
292 2839 534 2878 licentiosum
564 2839 688 2877 fuisse
718 2837 940 2889 Apuleium,

79 2894 151 2932 sed
173 2895 556 2946 scrupulosissimum
579 2894 844 2933 affectatorem
863 2895 942 2945 qui-

80 2947 168 2987 dem
185 2952 420 3002 antiquitatis
435 2956 474 2990 et
486 2951 729 2990 exoletorum
742 2951 943 2989 verborum

81 3005 153 3043 sed
169 3007 261 3045 nihil
279 3009 514 3046 scribentem
532 3009 617 3045 sine
635 3007 829 3058 exemplo,
854 3007 942 3045 sub-

82 3061 248 3101 scribere
271 3063 374 3103 nolo.
422 3063 503 3103 Iam
531 3063 830 3114 Bernhardyus,
867 3064 942 3115 qui,

83 3121 261 3166 quantum
284 3133 408 3171 penes
431 3134 495 3160 me
520 3124 583 3160 est
606 3119 805 3166 iudicium,
829 3132 941 3171 saga-

998 1377 1180 1416 cissimus
1229 1376 1398 1415 omnium
1450 1378 1513 1414 est
1554 1374 1765 1425 Apuleiani
1813 1376 1866 1413 in-

998 1434 1100 1485 genii
1129 1433 1322 1484 cognitor,
1357 1432 1459 1471 hanc
1494 1431 1712 1483 opinionem
1747 1432 1866 1482 impu-

998 1490 1148 1541 gnavit;
1173 1488 1220 1528 cf.
1242 1488 1343 1528 Hist.
1368 1488 1445 1528 Lit.
1470 1487 1584 1527 Rom.
1610 1500 1647 1538 p.
1672 1491 1763 1528 132.
1789 1491 1866 1526 not.

997 1551 1090 1587 230.
1117 1544 1218 1584 Oud.
1249 1559 1341 1584 vero
1365 1545 1401 1583 si
1425 1557 1523 1583 suae
1548 1544 1716 1596 opinioni
1739 1547 1866 1595 patro-

997 1603 1113 1642 cinari
1136 1601 1241 1647 velit‚
1266 1602 1318 1641 ad
1336 1614 1383 1639 ea
1401 1605 1588 1652 provocet
1606 1613 1772 1638 neeesse
1791 1604 1866 1645 est,

997 1672 1099 1710 quae
1129 1662 1261 1697 nostra
1284 1662 1462 1709 tempora
1486 1671 1562 1696 non
1587 1656 1762 1702 tulerint,
1792 1656 1867 1694 sed

996 1717 1048 1754 ita
1072 1715 1147 1754 sibi
1171 1719 1210 1753 et
1233 1715 1346 1754 nobis
1371 1727 1521 1753 omnem
1547 1712 1794 1752 discernendi
1812 1712 1865 1752 fa-

997 1770 1179 1811 cultatem
1203 1771 1358 1810 ademit.
1410 1769 1512 1808 Nam
1538 1769 1731 1820 quomodo
1757 1768 1868 1808 aliter

996 1828 1047 1866 de
1084 1827 1216 1866 formis
1253 1831 1292 1866 et
1326 1827 1559 1865 dictionibus
1594 1830 1634 1864 et
1662 1825 1865 1864 vocabulis

995 1885 1145 1923 noviter
1155 1883 1318 1935 prolatis
1333 1884 1476 1921 sentire
1488 1882 1649 1934 possis?
1673 1881 1866 1933 Equidem

995 1941 1072 1979 hoc
1094 1943 1241 1979 tantum
1265 1939 1539 1984 contenderim,
1563 1938 1684 1976 multa
1702 1950 1797 1976 esse
1816 1938 1865 1976 ab

996 1995 1167 2048 Apuleio
1192 2000 1350 2041 novata,
1376 2008 1477 2046 quae
1501 2008 1574 2033 nec
1596 1993 1712 2033 hodie
1737 2007 1865 2032 exem-

997 2053 1074 2105 plis
1098 2056 1266 2103 possunt
1285 2051 1495 2090 confirmari
1514 2064 1587 2090 nec
1604 2063 1773 2102 uuquam
1792 2050 1866 2089 sor·

998 2113 1109 2146 tasse
1128 2107 1336 2147 consu-mari
1355 2111 1534 2159 poterant
1552 2106 1626 2146 sed
1645 2120 1694 2145 ex
1711 2107 1865 2157 ingenio

998 2164 1160 2203 fluxisse
1183 2164 1342 2214 Apuleii
1374 2167 1676 2202 consentaneum
1707 2167 1771 2201 est
1801 2163 1866 2208 ita,

998 2225 1041 2259 ut
1070 2233 1266 2272 nunquam
1295 2219 1502 2271 analogiae
1526 2219 1639 2271 leges
1662 2212 1866 2258 violarent.

999 2276 1087 2316 Hoc
1110 2276 1214 2315 idem
1239 2276 1379 2315 cadere
1404 2276 1584 2315 videtur
1575 2290 1612 2314 m
1632 2274 1826 2315 vocabula
1843 2288 1868 2313 a

998 2332 1254 2383 Bernhardyo
1290 2332 1326 2371 d.
1363 2332 1389 2371 l.
1426 2336 1668 2377 enumerata,
1706 2344 1867 2383 quorum

998 2390 1093 2428 ratio
1106 2403 1178 2428 suo
1193 2389 1278 2428 loco
1291 2388 1474 2429 habenda
1486 2390 1566 2427 erit.
1620 2387 1726 2426 Cave
1738 2402 1866 2440 porro,

998 2459 1048 2484 ne
1083 2447 1120 2484 in
1150 2445 1214 2484 his
1242 2446 1360 2484 rebus
1390 2445 1490 2484 Mss.
1522 2445 1676 2483 nimium
1705 2445 1865 2482 tribuas.

1000 2501 1058 2540 Ita
1093 2502 1194 2540 enini
1222 2503 1352 2540 statim
1384 2515 1496 2553 seqq.
1525 2501 1655 2540 verbis
1687 2513 1737 2538 ex
1772 2504 1867 2551 optt.

1001 2558 1114 2597 codd.
1133 2557 1303 2597 Florent.
1328 2558 1612 2597 emendandum
1636 2560 1748 2595 esset
1766 2569 1865 2608 pro-

999 2615 1153 2654 ximum
1175 2613 1351 2667 vallem]

1057 2671 1166 2710 dolis
1211 2671 1380 2710 abiectis
1426 2675 1464 2710 et
1496 2670 1731 2722 fraudibus.
1792 2668 1867 2721 [lta

999 2739 1138 2777 graece
1174 2722 1283 2765 δόλοι
1323 2730 1362 2765 et
1397 2722 1544 2765 ἀπάται
1580 2726 1867 2777 coniunguntur.

999 2783 1125 2836 Soph.
1147 2781 1314 2822 Philoct.
1339 2787 1457 2823 1228.
1483 2782 1530 2821 cs.
1557 2782 1633 2820 Cic.
1659 2781 1774 2821 Dom.
1803 2786 1865 2822 14.

1000 2838 1114 2878 Caes.
1146 2838 1193 2878 B.
1221 2837 1261 2877 C.
1287 2838 1333 2877 ll.
1362 2843 1424 2879 14.
1457 2838 1505 2877 cs.
1532 2837 1662 2876 d'Orv.
1693 2838 1744 2876 ad
1769 2837 1866 2876 Cha-

997 2896 1054 2934 rit.
1084 2895 1151 2934 lv.
1182 2908 1220 2946 p.
1252 2899 1344 2935 438.
1381 2895 1443 2934 ed.
1479 2894 1590 2945 Lips.
1627 2898 1667 2932 et
1700 2893 1865 2933 Ramsh.

1002 2951 1217 3003 Synonym.
1244 2951 1353 2990 Tom.
1379 2950 1406 2989 l.
1432 2964 1469 3002 p.
1498 2950 1607 3003 127]

1053 3009 1187 3061 fraqi.
1225 3006 1290 3058 [cf.
1310 3019 1413 3058 quae
1431 3007 1602 3058 disputat
1615 3005 1735 3046 Voss.
1749 3007 1866 3046 Arist.

1001 3063 1046 3102 T.
1065 3063 1092 3103 I.
1119 3077 1157 3115 p.
1177 3067 1270 3104 518.
1295 3063 1489 3110 Fortsch„
1515 3064 1579 3116 qui
1603 3063 1686 3103 eius
1711 3068 1865 3104 senten-

999 3120 1091 3161 tiam
1115 3119 1307 3172 correxit]

1891 307 1911 342 10

1916 307 1935 339 *x

1938 306 1957 339 Φ
