2155 3590
661 131 845 172 LIBER
872 132 946 172 lv,

1007 131 1134 173 CAP.
1166 133 1204 171 V
1211 133 1238 171 Ι.
1787 128 1869 176 225

71 241 184 284 bullis
220 242 446 296 ingentibus
482 243 743 295 scaturribat,
784 259 930 299 perque
977 260 1101 301 prona
1131 245 1312 299 delapsus
1342 243 1550 284 evomebat
1579 244 1704 286 undas
1729 259 1870 299 argeu-

70 305 172 339 teas:
204 298 356 352 iamque
385 299 525 341 rivulis
549 299 725 354 pluribus
756 301 955 356 dispersus
986 316 1032 343 ac
1064 302 1186 344 valles
1209 301 1298 342 illas
1323 300 1546 355 agminibus
1565 299 1574 356 Ι
1593 302 1870 356 stagnantibus
1893 309 1960 344 248

67 459 166 488 vullis
180 457 208 490 δ.
234 461 330 490 solito
344 469 460 491 errore.
508 462 723 490 scaturiebat
734 464 770 492 F.
786 461 816 492 1.
831 466 866 492 G.
882 466 911 493 2.
925 466 963 493 D.
979 466 1014 494 P.
1029 466 1064 494 Ο.
1089 462 1304 492 scaturre'hat
1317 464 1353 492 F.
1368 464 1396 491 3.
1412 465 1447 492 In
1463 466 1536 492 cett.
1552 463 1755 493 semarihat.
1794 465 1868 502 qm·-

66 512 250 542 queprona
263 513 292 540 ι).
306 507 433 536 Vicent.
448 508 563 536 Venet.
578 510 607 536 2.
621 510 742 538 Iunt.2.
763 513 791 538 91
807 514 838 537 111
853 509 971 538 coniici
985 511 1061 539 licet
1076 511 1123 539 ed.
1147 510 1247 544 princ.
1266 512 1399 538 notante
1417 509 1498 537 Oud.
1519 515 1715 543 quamquam
1733 510 1767 538 in
1786 511 1867 538 meis

65 551 233 580 schedulis
246 552 328 580 nihil
341 553 529 581 adnotatum
543 553 648 582 video.
681 553 811 590 qm’per
819 562 933 590 prona
945 556 1019 583 Ald.
1035 559 1063 583 et
1079 555 1182 584 Colin.
1214 553 1346 582 rivulus
1360 554 1380 583 f.
1407 552 1564 590 pluribus
1578 556 1670 582 abest
1685 562 1705 583 a
1718 556 1753 583 B.
1769 559 1797 583 et
1811 556 1847 583 P.
1857 577 1865 591 ,

66 599 146 624 ueste
158 597 258 630 Elin..
283 598 340 626 sed
360 597 390 625 si
408 598 485 627 flues
505 600 654 627 habenda
673 603 720 628 est
741 600 910 629 collationi
930 600 1158 635 Gramrianae,
1184 600 1216 628 iu
1235 601 1429 628 vocabulum
1450 599 1482 627 in
1502 600 1537 627 P.
1557 603 1657 627 extat.
1705 598 1866 635 dispersis

65 642 100 668 G.
116 643 145 670 ⁸2.
158 642 197 670 D.
221 640 312 673 :illas
327 645 418 671 abest
433 650 452 671 a
466 644 501 672 G.
520 644 547 672 1.
562 645 592 672 2.
607 645 642 672 Ρ.
657 645 693 672 Β.
708 645 742 673 0.
782 644 969 681 agminibus
982 646 1018 673 F.
1032 647 1058 673 1.
1076 646 1106 674 3.
1123 647 1158 674 G.
1171 647 1198 673 1.
1213 643 1301 680 (eum
1313 647 1428 680 glossa
1441 642 1774 684 congregatiomms)
1790 646 1826 673 G.
1836 646 1865 673 2.

62 686 101 714 Ι).
120 687 156 715 Β.
174 687 209 715 Ο.
228 686 251 715 t'.
272 696 304 721 φ.
319 684 348 716 δ.
362 692 402 727 1³-ss
416 690 452 717 In
472 692 544 717 cett.
564 692 593 717 et
612 690 682 718 edd.
697 693 774 718 vett.
794 690 945 719 omnibus
959 689 1110 718 amathus
1125 691 1255 726 legitur.

62 828 186 870 IL45.
213 830 307 869 Hirt.
333 830 378 870 B.
404 832 520 870 Alex.
539 837 603 874 72.
630 831 922 872 Ovid.Am.111.

62 889 97 926 G.
124 891 160 926 7.
193 887 322 937 ibique
347 888 481 927 Heins.
509 892 547 927 et
577 890 707 928 Burm.
741 889 807 928 Sic
832 903 925 940 ergo

59 946 98 980 et
123 943 326 983 convalles
352 958 652 997 quaquaversus
670 947 874 998 repositae
893 960 926 985 S.

57 1000 94 1037 in
111 999 267 1050 longum
282 1006 321 1039 et
334 1002 466 1052 procul
480 1003 650 1041 iacentes
666 1002 925 1040 circumcirca:

57 1060 98 1093 ut
123 1061 257 1095 terroe.
280 1063 469 1109 repostae
493 1057 599 1110 Virg.
621 1059 720 1097 Aen.
745 1057 808 1096 III.
832 1062 924 1099 364.

57 1112 128 1150 sil.
154 1111 216 1150 llI.
243 1117 335 1153 325.
366 1112 503 1152 Heius.
535 1128 737 1165 perperam
764 1115 927 1152 coniecit

56 1182 259 1220 reprosae.
309 1168 404 1222 [Cic.
436 1170 530 1220 Agr.
563 1175 598 1211 2.
631 1175 694 1211 35.
730 1170 856 1209 Plaut.
888 1171 923 1208 in

56 1224 190 1276 fragm.
207 1224 321 1263 Caeci
336 1225 577 1265 s.P1·aedon.
592 1227 696 1278 apud
713 1226 862 1264 Charis.
879 1224 923 1263 ll.

53 1294 90 1331 p.
128 1284 227 1320 179.÷
255 1283 362 1321 m'lu'l
391 1284 616 1335 quidquam
650 1285 809 1335 factum
846 1283 926 1320 nisi

49 1337 186 1389 fabre,
201 1351 275 1378 nee
291 1339 517 1391 quidquam
526 1340 707 1391 positum
721 1339 805 1377 siue
820 1339 921 1382 luce,

50 1393 115 1430 ubi
142 1394 424 1433 emendandum
444 1396 513 1433 erit
536 1396 621 1434 siue
641 1397 755 1446 fuco.
783 1394 923 1432 Lucus

52 1450 152 1488 enim
196 1463 265 1501 pro
290 1452 425 1505 'liquo
469 1452 553 1490 luci
588 1451 728 1489 dietum
766 1450 920 1488 omnino

52 1506 268 1560 displicet]

107 1587 366 1626 scaturribut.
417 1586 611 1640 [Saepius
647 1586 722 1625 hac
760 1589 919 1636 quartae

51 1643 330 1693 coniugationis
356 1643 478 1683 forma
502 1645 536 1682 in
564 1644 671 1682 ibam
695 1656 762 1695 pro
791 1642 919 1681 iebom

50 1712 146 1737 usus
157 1700 434 1752 estApuleius,
445 1699 663 1752 quaeAsris
671 1699 917 1751 potissimum

48 1756 167 1793 tritior
191 1756 340 1795 videtur
365 1757 489 1795 fuisse
514 1762 553 1795 et
579 1756 720 1795 Gellio.
748 1756 795 1794 cl.
820 1754 916 1793 Met.

48 1809 98 1851 X.
124 1826 160 1864 p.
187 1816 280 1854 703.
311 1814 636 1866 ablifflcrribmu:
667 1811 738 1851 XI.
764 1826 800 1863 p.
823 1816 915 1852 804.

35 1869 293 1922 insignibar.
339 1867 393 1908 X.
432 1883 468 1921 p.
505 1874 599 1911 701.
643 1869 831 1908 mollibat
867 1868 917 1906 de

48 1924 197 1964 Mundo
211 1939 249 1977 p.
265 1929 356 1966 347.
371 1927 592 1968 munibsmt.
606 1925 702 1964 Met.
711 1924 760 1963 X.
776 1938 812 1976 p.
824 1928 916 1965 723.

50 1982 202 2034 quibat.
230 1981 313 2020 5'11.
340 1996 376 2033 p.
399 1987 492 2023 452.
519 1982 780 2034 parim-ibam
804 1985 844 2019 ut
869 1993 918 2018 ex

48 2042 143 2090 optt.
169 2038 276 2077 libris
302 2040 351 2077 ibi
378 2038 585 2090 legendum
612 2042 684 2076 est.
711 2037 842 2076 Front.
868 2037 918 2075 de

47 2094 116 2133 fer.
140 2094 314 2133 AlsienS.
345 2110 382 2147 p.
409 2099 501 2135 212.
535 2094 594 2132 ed.
620 2094 734 2132 Rom.
771 2095 905 2146 imper

47 2151 161 2189 tibat.
187 2150 316 2190 Rudd.
342 2151 448 2189 lnstt.
475 2150 582 2189 Orat.
597 2149 624 2189 1.
639 2164 678 2201 p.
693 2154 784 2190 281.
802 2164 835 2188 n.
852 2154 916 2191 91.

47 2206 177 2245 Ursin.
209 2207 273 2245 Gr.
307 2221 345 2259 p.
378 2211 489 2252 672„
527 2205 593 2257 qui
627 2206 769 2245 licitam
801 2206 917 2244 docet

48 2277 142 2302 esse
173 2263 208 2301 in
247 2265 414 2302 carmine
440 2263 620 2308 sormam,
656 2277 730 2301 non
763 2263 852 2301 item
879 2263 914 2300 in

46 2334 166 2373 prosa
192 2318 264 2358 nisi
292 2321 379 2372 quis
399 2334 483 2358 cum
499 2318 685 2371 Apuleio,
712 2319 914 2369 Fulgentio

45 2380 112 2415 aut
145 2376 307 2428 Capella
345 2375 537 2429 ἀρχαῖζειν
566 2376 670 2415 velit.
706 2375 828 2414 Bach.
865 2375 915 2414 ad

47 2432 161 2471 Ovid.
186 2433 282 2472 Met.
310 2432 354 2471 11.
381 2437 472 2474 582.
500 2432 548 2470 V.
575 2436 667 2473 361.
702 2431 836 2470 Eckst.
863 2431 913 2470 ad

45 2488 167 2527 Voss.
197 2489 318 2529 Arist.
350 2489 394 2528 T.
421 2489 465 2527 ll.
495 2503 532 2540 p.
559 2493 672 2533 868..
705 2489 769 2539 qni
794 2487 916 2527 multa

45 2543 175 2584 Plauti
217 2545 399 2597 exempla
441 2550 652 2584 enumerat.
711 2544 768 2583 lta
811 2544 914 2596 apud

44 2600 158 2641 Mart.
191 2601 338 2654 Capell.
370 2602 397 2641 Ι.
430 2602 460 2652 §.
487 2606 550 2642 88.
582 2616 619 2654 p.
649 2605 738 2642 127.
765 2614 814 2638 ex
839 2615 914 2639 uno

44 2659 130 2698 cod.
144 2658 332 2698 Leidens.
346 2658 609 2710 recipiendum
630 2671 724 2696 esse
738 2658 914 2696 arbitror:

46 2715 221 2765 ‚qestibat
239 2716 304 2755 ubi
324 2717 416 2754 mire
436 2715 580 2754 haecce
599 2714 731 2767 Kopp.
759 2714 912 2753 adtulit:

49 2770 133 2810 Sed
158 2775 276 2825 quum
302 2773 451 2825 reliqui
476 2776 513 2811 et
538 2785 671 2810 omnes
701 2771 803 2810 editi
835 2784 913 2810 me-

43 2826 217 2873 liorem
258 2828 603 2881 ortltoyrapltiam
639 2828 831 2872 habeant,
875 2832 914 2882 et

48 2881 280 2925 Martianus
307 2886 486 2938 quamvis
512 2883 616 2936 Afer
641 2884 790 2923 rectius
814 2884 910 2923 sori·

52 2937 143 2980 bere
172 2944 291 2982 etiam
323 2941 525 2994 potuerit,
564 2940 679 2980 haud
714 2940 800 2980 scio
838 2954 912 2980 cur

44 3007 244 3045 prauum
267 3003 404 3038 recto
428 2997 723 3037 substituamus.
773 2993 838 3034 De
852 3010 909 3035 or-

50 3050 278 3107 thographia
323 3055 431 3093 vocis
479 3055 701 3092 scarum-ire
736 3053 910 3092 dubitant

49 3107 175 3149 adhuc
197 3112 435 3164 interpretes.
462 3109 547 3162 Ego
567 3109 710 3162 duplici
738 3109 863 3148 littera
887 3112 938 3149 r*

986 834 1233 872 scribendum
1275 835 1425 884 putavi,
1474 833 1579 885 quod
1628 834 1864 884 praetulisse

985 890 1162 928 videntur
1188 890 1300 928 codd.
1326 890 1480 928 vetusti.
1507 889 1570 927 De
1595 890 1862 942 abliqzcrrire,

987 946 1091 997 quod
1134 946 1273 985 eadem
1318 948 1465 985 ratione
1500 946 1749 984 scribendum
1789 950 1861 993 est,

987 1002 1036 1041 es.
1065 1002 1114 1041 ad
1139 1002 1236 1040 Met.
1264 1002 1314 1041 X.
1340 1016 1377 1054 p.
1405 1001 1518 1055 703]

1042 1070 1282 1121 affininibus.
1346 1070 1527 1122 Affluiua
1557 1070 1630 1108 dici
1662 1070 1711 1108 de
1743 1071 1859 1109 fluvio

984 1124 1086 1163 Oud.
1113 1126 1251 1176 probat
1276 1139 1325 1163 ex
1351 1125 1448 1164 locis
1464 1127 1612 1164 Auson.
1630 1126 1680 1164 de
1695 1126 1751 1166 Cl.
1767 1127 1860 1166 Urh.

985 1180 1094 1219 XIV.
1123 1185 1187 1221 22.
1213 1182 1342 1219 Amm.
1369 1181 1489 1221 Marc.
1511 1182 1602 1221 XV.
1632 1188 1693 1223 11.
1720 1185 1859 1223 Avien.

983 1237 1169 1287 descript.
1213 1237 1306 1275 Orb.
1349 1243 1468 1277 1158.
1516 1238 1645 1277 Burin.
1684 1240 1730 1277 ad
1770 1240 1860 1280 val.

983 1292 1114 1331 Flacc.
1131 1292 1196 1331 lv.
1214 1297 1305 1332 721.
1334 1293 1503 1333 Salmas.
1530 1295 1579 1332 ad
1595 1295 1718 1333 Solin.
1740 1310 1776 1347 p.
1795 1301 1856 1337 11.

984 1348 1087 1387 Gell.
1116 1348 1180 1387 VI.
1209 1353 1244 1389 2.
1271 1351 1438 1401 uqmiua
1465 1355 1504 1388 et
1528 1352 1744 1391 volmuina.
1785 1353 1856 1391 So-

983 1404 1063 1442 lere
1089 1406 1189 1443 enim
1215 1419 1359 1457 aymeu
1386 1409 1425 1443 et
1450 1409 1578 1445 (mauis
1600 1407 1856 1447 1113155101]-

982 1460 1087 1499 fundi
1114 1461 1203 1500 coll.
1231 1461 1297 1499 Dr.
1325 1462 1374 1500 ad
1400 1462 1485 1500 Liv.
1511 1461 1621 1501 XXI.
1644 1468 1682 1504 5.
1708 1464 1854 1516 [Bm-m.

982 1516 1117 1556 Claud.
1147 1517 1257 1568 Idyll.
1279 1516 1426 1558 lv.32.
1458 1518 1615 1570 Aymeu.
1642 1534 1727 1558 cum
1753 1520 1855 1559 oud.

979 1588 1052 1612 non
1074 1574 1124 1612 de
1143 1574 1256 1625 copia
1277 1578 1315 1612 et
1334 1575 1576 1612 multitudine
1597 1577 1853 1615 intellexerim

979 1630 1095 1669 sontis
1134 1630 1305 1682 limpidi,
1350 1632 1424 1669 sed
1462 1633 1591 1682 potius
1623 1633 1673 1670 de
1710 1633 1854 1681 rivulis,

978 1701 1139 1739 quorum
1164 1691 1293 1725 motus
1319 1691 1396 1725 tam
1426 1687 1553 1726 lentus
1573 1693 1611 1726 et
1633 1690 1740 1741 piger
1760 1694 1854 1736 erat,

976 1748 1018 1781 ut
1047 1745 1110 1781 vix
1143 1743 1309 1781 discerni
1339 1749 1498 1795 posset,
1533 1747 1676 1797 quique
1711 1748 1745 1784 in
1773 1747 1853 1785 val-

978 1800 1052 1838 lem
1074 1800 1304 1839 delabentes
1325 1801 1469 1838 exitum
1490 1802 1636 1839 nullum
1656 1802 1856 1842 habebant

976 1856 1144 1907 indeque
1188 1857 1416 1895 videbantur
1460 1871 1555 1895 esse
1609 1862 1852 1910 stagnantes.

977 1912 1223 1964 Quamquam
1260 1913 1343 1951 seio
1381 1915 1541 1964 saepius
1578 1914 1628 1952 de
1665 1916 1775 1967 copia
1815 1919 1854 1953 et

977 1970 1081 2007 mole
1095 1983 1280 2020 aquarum
1298 1969 1371 2021 legi
1387 1985 1554 2022 affinem
1581 1970 1628 2009 cf.
1640 1971 1746 2022 Virg.
1763 1972 1809 2010 G.
1822 1971 1851 2011 I.

980 2029 1072 2066 320.
1105 2026 1193 2076 ibiq.
1226 2025 1311 2064 Intt.
1344 2025 1499 2065 Lucret.
1533 2027 1582 2066 V.
1615 2031 1707 2068 272.
1740 2026 1853 2079 Virg.

978 2082 1077 2120 Aen.
1094 2081 1177 2120 Vll.
1205 2085 1296 2122 464.
1324 2082 1370 2121 cs.
1397 2082 1526 2122 Dood.
1555 2083 1711 2134 Synss.
1738 2098 1773 2136 p.
1792 2084 1848 2138 6.]

1034 2150 1332 2202 stuyuouiibus.
1383 2150 1534 2202 [Barth.
1553 2151 1723 2190 Advers.
1739 2151 1848 2190 XXI.

976 2220 1008 2244 c.
1036 2211 1070 2246 7.
1097 2221 1134 2258 p.
1165 2209 1280 2247 1032.
1307 2221 1441 2259 aquae
1463 2213 1702 2261 staynautes
1727 2209 1848 2260 expli-

976 2267 1037 2300 cat
1049 2264 1232 2316 fluentes,
1260 2263 1452 2313 (1110(111011
1476 2264 1654 2310 fecisset,
1680 2266 1712 2303 si
1729 2266 1848 2304 verba

974 2332 1086 2370 seqq.
1107 2321 1322 2358 accuratius
1343 2320 1590 2372 perlegisset.
1617 2321 1732 2368 Quae
1746 2322 1847 2361 9111111

973 2375 1085 2414 affert
1110 2375 1291 2427 exempla
1315 2376 1431 2428 plane
1457 2377 1568 2416 aliter
1593 2378 1753 2429 intelligi
1780 2378 1845 2416 ‹le-

974 2433 1078 2471 bent.
1126 2433 1332 2485 Staymzre
1357 2435 1456 2472 enim
1477 2434 1628 2472 etiamsi
1649 2449 1722 2472 non
1743 2448 1846 2472 sem-

972 2503 1043 2541 per
1080 2488 1129 2526 de
1159 2490 1271 2539 aquis
1309 2489 1460 2536 dieitur,
1493 2504 1594 2542 quae
1625 2491 1841 2542 quiescunt.

972 2550 1014 2584 ut
1038 2545 1139 2584 male
1154 2545 1323 2596 explicat
1336 2545 1445 2585 Fest.
1460 2560 1493 2585 s.
1509 2560 1542 2586 v.
1557 2561 1594 2598 p.
1610 2550 1701 2588 249.
1731 2548 1845 2599 quod

973 2603 1075 2641 ineo
1089 2616 1198 2654 aqua
1214 2607 1420 2654 perpetuo
1441 2609 1526 2642 siet.
1554 2604 1666 2642 Serv.
1680 2604 1729 2642 ad
1743 2604 1842 2644 Aen.

973 2658 1108 2699 1.130.
1134 2663 1323 2711 staffilum.
1349 2673 1461 2711 aqua
1486 2665 1611 2705 smus,
1638 2664 1766 2698 tamen
1794 2660 1843 2699 de

970 2715 1019 2753 iis
1043 2728 1199 2764 semper
1223 2716 1257 2753 in
1282 2729 1356 2753 usu
1376 2719 1454 2761 est,
1481 2729 1581 2766 quae
1603 2716 1706 2754 lente
1725 2716 1844 2755 fluunt

971 2775 1011 2810 et
1024 2770 1242 2810 immobiles
1259 2771 1441 2810 videntur.
1467 2771 1525 2810 lta
1544 2772 1594 2810 de
1613 2774 1718 2812 mari
1735 2786 1842 2812 usur-

966 2831 1082 2880 patur
1128 2827 1175 2866 cf.
1209 2827 1317 2866 Serv.
1349 2828 1399 2866 ad
1430 2829 1535 2880 Yirg.
1568 2828 1591 2867 1.
1618 2843 1649 2867 c.
1681 2827 1766 2867 lntt.
1792 2829 1843 2868 ad

967 2883 1114 2923 Lucan.
1142 2883 1246 2921 VIII.
1274 2888 1368 2924 838.
1394 2884 1469 2922 Hic
1494 2885 1607 2922 etiam
1634 2884 1683 2923 de
1708 2886 1842 2925 rivulis

931 2940 934 2943 ¹
968 2941 1122 2986 dicitur,
1155 2940 1218 2990 qui
1252 2941 1378 2990 ignavi
1410 2942 1526 2979 maris
1551 2941 1672 2979 instar
1696 2942 1842 2981 vallem

969 2996 1073 3036 lente
1116 2996 1401 3042 circumfluunt,
1444 2999 1534 3048 quia
1574 2997 1734 3037 effluere
1770 3013 1840 3037 ne-

968 3058 1130 3106 queunt,
1154 3052 1228 3090 sed
1252 3054 1473 3092 recentibus
1499 3055 1715 3105 agminibus
1739 3069 1840 3095 sem-

944 3113 1036 3163 'pes
1061 3109 1297 3161 moventur]

1527 3178 1579 3220 15
