2155 3590
607 144 796 187 LIBER
824 144 873 185 V.
897 160 901 161 ⁷
934 142 1062 184 CAP.
1091 141 1242 184 XXII.
1748 137 1826 183 361

576 328 1008 403 CAPUT
1098 325 1300 374 XXII.

163 452 277 493 Tunc
307 450 460 507 Psyche
491 457 530 491 et
560 449 734 504 corporis
767 456 806 489 et
836 449 955 489 animi
985 447 1156 502 alioquin
1192 446 1366 496 infirma,
1405 444 1474 484 fati
1505 450 1633 484 tamen
1664 444 1828 485 saevitia

55 509 396 557 subministrante,
423 507 571 548 viribus
595 506 826 555 roboratur,
855 513 894 546 et
912 505 1062 558 prolata
1081 505 1241 544 lucerna
1259 509 1297 543 et
1316 508 1471 555 arrepta
1486 501 1676 540 novacula
1690 515 1828 541 sexum

55 565 216 605 audacia
247 564 424 604 mutavit.
477 561 555 604 Sed
585 577 670 602 cum
701 563 862 615 primum
896 561 1051 601 luminis
1082 560 1277 600 oblatione
1306 558 1382 598 tori
1408 564 1558 597 secreta
1586 557 1827 607 claruerunt,

53 622 160 661 videt
184 621 353 661 omnium
379 621 550 659 ferarum
575 619 817 658 mitissimam
845 617 1182 670 dulcissimamque
1207 615 1391 664 bestiam,
1423 614 1547 668 ipsum
1579 613 1686 652 illum
1712 611 1830 666 Cupi-

55 678 181 718 dinem
207 678 418 717 formosum
444 677 555 716 deum
576 675 745 715 formose
767 674 991 724 cubantem,
1020 674 1128 713 cuius
1149 679 1305 727 aspectu
1328 671 1510 710 lucernae
1531 683 1681 724 quoque
1701 669 1829 709 lumen

134 794 236 834 faeti
245 796 282 823 D.
297 791 327 822 δ.
353 790 502 830 Furio„
527 794 610 821 unde
624 793 702 821 Oud.
716 790 1049 830 coniecitfurz'arum.
1097 793 1165 817 tum
1184 788 1295 817 saevit
1314 797 1342 823 ρ.
1381 783 1565 826 fatifidel.
1584 786 1732 814 saevitia
1750 787 1833 820 quod

54 841 87 869 in
101 840 173 868 suis
186 839 348 874 excerptis
359 839 438 874 legit
449 839 545 873 Oud.,
567 838 600 866 in
613 839 680 866 cod.
696 839 730 865 G.
748 839 774 865 1.
789 845 850 865 non
865 837 1071 871 conspicitur.
1107 835 1177 862 sine
1189 834 1404 862 ministrante
1419 833 1441 861 f.
1477 834 1618 868 accepta
1632 832 1653 860 f.
1690 829 1834 858 πόνει-ια

53 887 92 914 l).
138 892 246 912 secum
260 893 290 919 p.
337 883 508 917 mutuavit
519 884 553 912 0.
578 885 743 910 mutatum
758 891 786 916 p.
835 880 985 909 oblatent
996 889 1051 916 pro
1066 879 1233 907 oblacione
1252 881 1286 913 G.
1306 880 1331 907 l.
1351 886 1371 908 a
1384 886 1422 907 m.
1436 886 1466 913 p.
1515 880 1623 904 lorum
1638 878 1672 905 0.
1712 876 1833 914 seram

56 932 92 959 G.
104 932 131 959 1.
145 937 166 959 a
178 937 217 958 m.
233 938 262 964 p.
275 928 509 968 proferarmn.
546 926 638 955 illum
650 927 755 963 ἱμειιηι
771 928 818 955 ed.
832 927 950 956 Florid.
964 933 1140 962 perperam.
1187 924 1280 953 cuius
1294 922 1484 960 adspectum
1500 924 1535 952 G.
1551 924 1581 952 1.
1618 921 1652 949 in
1665 920 1758 949 cuius
1772 918 1833 948 ad-

56 978 203 1012 spectum
216 976 251 1004 0.
287 981 372 1002 anus
386 976 524 1010 aspectu
538 971 577 1001 D.
625 971 828 1009 lucernaque
843 972 864 1000 f.

60 1063 134 1100 ‹lici
157 1075 278 1112 posse
303 1075 371 1112 pro
405 1060 646 1099 descendere
675 1061 718 1098 in
742 1059 918 1110 aliquid,

57 1118 130 1156 sed
143 1118 272 1169 potius
287 1130 379 1155 esse
392 1116 609 1161 contendat,
624 1117 680 1154 de
694 1129 768 1165 quo
780 1115 918 1164 aliquis

57 1174 268 1219 delabatur,
295 1173 380 1212 coll.
397 1173 482 1210 dict.
497 1173 545 1210 ad
561 1172 666 1209 Suet.
678 1170 789 1209 Caes.
807 1184 838 1208 c.
854 1174 917 1211 37.

57 1231 125 1269 Dr.
152 1229 201 1267 ad
226 1229 294 1268 Sil.
314 1228 425 1267 XIV.
448 1232 539 1269 600.
570 1227 726 1266 Ruhnk.
746 1226 795 1265 ad
814 1226 917 1265 Vell.

58 1287 104 1325 ll.
120 1290 184 1326 25.
203 1285 234 1335 §.
248 1290 286 1325 4.
311 1289 479 1323 montem
505 1284 780 1327 descenderat,
805 1283 856 1320 ita
878 1286 920 1320 ut

59 1342 303 1381 descendere
338 1342 463 1380 allum
504 1353 690 1389 soporem
731 1339 919 1387 significet

59 1398 273 1450 eviyilare,
299 1411 320 1436 e
337 1410 484 1448 sopore
505 1396 669 1439 dimitti,
695 1396 917 1433 necessario

57 1454 120 1492 vel
153 1453 370 1491 addendam
397 1447 490 1490 esse
513 1451 693 1503 proponit
717 1451 919 1502 praeposi-

57 1513 199 1549 tionem
222 1511 278 1555 in,
301 1509 364 1546 vel
379 1523 428 1547 ex
441 1507 645 1558 Fulgentio
658 1508 919 1558 recipiendum

59 1567 308 1606 extenderat.
356 1564 456 1604 Eum
475 1566 575 1602 enim
589 1564 705 1602 videri
722 1564 782 1601 hic
795 1564 919 1614 ipsam

59 1623 214 1674 Apuleii
236 1622 465 1660 locutionem
485 1622 693 1672 arripuisse
707 1633 751 1658 ac
766 1620 919 1669 longum

60 1679 288 1718 dormivisse
326 1678 552 1729 Cupidinem
597 1690 667 1728 per
718 1677 922 1727 sequentia

60 1736 185 1774 omnia
197 1736 347 1774 narrari.
390 1735 625 1773 Extendere
638 1747 726 1771 vero
742 1733 790 1771 de
806 1733 920 1783 longo

59 1792 243 1842 temporis
278 1792 406 1842 spatio
443 1791 604 1841 saepius
640 1790 676 1828 in
711 1803 784 1828 usu
816 1802 922 1833 esse,

61 1847 147 1886 coll.
172 1846 308 1886 Heius.
335 1851 375 1885 et
396 1846 528 1885 Burm.
553 1846 602 1885 ad
623 1846 726 1896 Virg.
741 1847 841 1884 Aen.
856 1843 922 1882 VI.

61 1908 153 1944 807.
178 1903 293 1942 Ovitl.
316 1903 413 1941 Met.
433 1902 460 1942 l.
483 1906 574 1943 663.
600 1902 704 1940 vell.
725 1901 751 1940 Ι.
767 1906 830 1943 23.
858 1900 923 1952 [cs.

61 1959 189 1998 Peerl.
219 1959 269 1998 ad
298 1959 432 1998 Horat.
457 1973 494 2010 p.
520 1962 612 1999 430.
638 1957 807 1996 Primum
833 1971 922 1995 vero

62 2016 294 2055 monendum
330 2020 408 2062 est,
445 2028 581 2053 omnes
626 2014 746 2059 locos,
784 2014 924 2064 quibus

65 2072 307 2111 descendere
353 2085 437 2109 cum
484 2072 705 2109 accusativo
759 2072 925 2108 iunctum

62 2128 260 2173 invenitur,
274 2131 472 2178 corruptos
487 2140 591 2172 esse,
605 2130 646 2163 ut
658 2126 762 2164 multi
779 2130 926 2169 essent,

65 2185 129 2235 qui
165 2197 213 2221 ea
248 2183 298 2221 de
333 2197 378 2222 re
414 2183 639 2221 dubitarent.
671 2182 825 2220 Ruhnk.
859 2194 926 2232 per

63 2240 281 2289 analogiam
322 2238 499 2278 vocabuli
545 2239 720 2289 ‹leyredi
756 2251 805 2276 cx
842 2237 925 2275 loco

64 2297 245 2336 Arusiani
265 2294 570 2334 MessiiElocut.
597 2294 745 2332 libello:
775 2294 925 2345 Deyre-

67 2354 163 2392 diar
186 2352 301 2391 illum
325 2353 458 2391 locum
483 2355 521 2389 et
541 2351 735 2389 Sallustii:
774 2350 926 2389 exerci-

67 2415 147 2449 tum
166 2408 320 2448 dimisit
336 2413 382 2447 ut
387 2409 564 2459 primum
578 2406 703 2458 Alpes
716 2407 928 2458 deyressus

66 2466 124 2504 est
144 2465 246 2503 hunc
270 2477 402 2502 casum
432 2463 616 2501 defendit.
652 2463 927 2500 Accusativum

66 2521 245 2572 equidem
258 2535 331 2558 non
346 2525 463 2566 muto,
473 2533 704 2571 quamquam
717 2518 821 2557 aliud
830 2519 928 2555 eius-

66 2578 153 2616 dem
167 2578 462 2615 constructionis
476 2575 696 2627 exemplnm
716 2574 839 2612 afferri
853 2587 927 2611 non

67 2634 167 2672 ticet.
204 2631 265 2671 Ex
282 2633 465 2683 analogia
482 2632 590 2669 vocis
610 2631 804 2678 ascendo,
824 2629 929 2680 quod

66 2689 185 2729 modo
216 2702 301 2728 cum
325 2687 567 2733 accusativo,
593 2688 707 2725 modo
732 2686 931 2738 praeposi—

69 2747 172 2784 tione
196 2747 239 2784 in
261 2745 394 2784 addita
417 2745 661 2788 construitur,
692 2743 794 2781 hunc
817 2755 931 2780 usum

70 2802 240 2854 explico,
269 2806 311 2840 ut
340 2801 529 2852 Apuleius
561 2801 704 2838 oblitus
730 2799 854 2837 fnisse
879 2799 930 2836 vi-

71 2859 223 2904 deatur,
255 2857 449 2909 quomodo
479 2861 682 2907 utrumque
713 2857 808 2893 inter
837 2868 930 2893 sese

72 2913 233 2953 differat.
253 2913 337 2952 Sed
353 2915 488 2952 mirum
508 2917 580 2959 est,
593 2917 635 2950 ut
652 2912 687 2950 in
699 2911 931 2950 Scholastici

71 2974 212 3022 poetae
242 2970 477 3020 argumentis
512 2971 547 3007 in
573 2967 762 3006 Aeneidis
788 2966 932 3005 lib.Vl.

73 3030 138 3066 54.
169 3025 272 3076 apud
301 3025 430 3065 Burm.
461 3026 497 3064 in
527 3024 688 3063 Anthol.
716 3023 804 3062 Lat.
836 3021 882 3061 T.
906 3021 934 3061 Ι.

74 3093 114 3132 p.
138 3084 230 3122 382.
261 3081 372 3121 codd.
405 3084 625 3120 constanter
647 3081 853 3119 retineant:
880 3079 936 3118 Et

74 3141 181 3176 vates
194 3138 394 3191 longaeva
405 3153 489 3179 una
501 3136 935 3183 descenditAvernum,

976 1060 1039 1097 ubi
1064 1058 1250 1096 Francius
1281 1056 1498 1094 emendavit
1524 1055 1698 1100 Averno,
1732 1053 1836 1105 quod

977 1128 1073 1152 sane
1106 1114 1287 1163 frequens
1318 1117 1397 1157 est,
1433 1113 1484 1150 uti
1518 1112 1588 1149 Sil.
1613 1109 1715 1148 XIII.
1743 1113 1834 1150 759.

978 1170 1221 1209 descendere
1271 1169 1417 1207 Erebo.
1471 1167 1557 1205 Nec
1599 1168 1708 1205 aliter
1750 1165 1834 1204 cod.

976 1225 1089 1264 Bern.
1116 1225 1216 1263 Dict.
1243 1223 1342 1262 Cret.
1367 1223 1429 1262 Ill.
1457 1228 1492 1264 7.
1526 1224 1645 1262 habet
1674 1237 1837 1262 currum

978 1282 1152 1321 desilire.
1180 1280 1265 1318 Hoc
1284 1280 1504 1330 exemplum
1525 1279 1692 1316 sortasse
1710 1291 1837 1316 meam

977 1351 1056 1375 rem
1083 1338 1318 1387 comprobat.
1355 1335 1435 1373 Sed
1462 1336 1561 1385 prior
1586 1336 1698 1372 etiam
1723 1334 1837 1372 huius

977 1395 1152 1432 carminis
1170 1406 1308 1430 versus
1326 1393 1376 1430 ita
1388 1391 1632 1441 retingendus
1652 1394 1729 1427 est:
1756 1391 1839 1428 Ra-

976 1465 1079 1489 mum
1098 1450 1207 1488 artri
1227 1454 1318 1488 aute
1332 1449 1382 1486 dl
1392 1463 1410 1486 e
1418 1463 1444 1487 u
1453 1462 1488 1486 m
1499 1448 1670 1498 placato
1682 1447 1841 1485 numine

972 1511 1138 1559 portat,
1167 1509 1209 1544 ut
1221 1519 1375 1544 ramum
1387 1505 1479 1543 {turi
1493 1504 1627 1542 dit-um
1641 1508 1732 1542 ante
1742 1515 1840 1554 por-

979 1568 1035 1602 tat
1050 1561 1316 1610 coniungenda
1329 1563 1414 1599 sint.
1435 1559 1489 1597 lta
1504 1561 1617 1597 etiam
1632 1559 1842 1598 escendere

977 1632 1112 1659 mtrem
1127 1618 1174 1657 cf.
1189 1614 1748 1656 Deam-,adDiet.C1·etens.V1.
1761 1613 1840 1666 11.]

1036 1674 1122 1713 Cn».
1159 1673 1289 1713 XXII.
1343 1674 1438 1725 fati.
1499 1671 1715 1724 [Con-uptio
1752 1681 1842 1708 non-

980 1731 1168 1771 nullorum
1191 1730 1302 1768 codd.
1320 1731 1429 1782 facti
1448 1729 1567 1767 tritior
1586 1732 1663 1774 est,
1688 1731 1730 1766 ut
1744 1739 1843 1778 quae

981 1804 1004 1828 a
1041 1801 1100 1825 me
1142 1789 1440 1826 connnemorata
1483 1798 1557 1823 non
1600 1788 1728 1828 esset,
1769 1783 1841 1821 nisi

983 1845 1113 1896 plures
1126 1848 1299 1881 veterum
1321 1842 1405 1887 loci,
1425 1846 1466 1880 ut
1481 1846 1621 1885 noster,
1642 1842 1694 1879 ita
1707 1842 1844 1878 essent

982 1901 1193 1953 depravati.
1248 1898 1314 1937 Sic
1349 1898 1512 1935 emendo
1548 1909 1701 1935 versum
1737 1896 1844 1934 illum

981 1958 1079 1995 satis
1122 1955 1316 1994 difficilem
1359 1955 1643 2005 epigrammatis
1688 1951 1845 1990 Caecilii

981 2013 1094 2052 Plinii
1108 2012 1268 2051 secundi
1282 2012 1317 2049 in
1327 2009 1622 2049 Burm.Anthol.
1633 2009 1676 2048 T.
1688 2008 1715 2047 Ι.
1733 2022 1770 2060 p.
1783 2011 1844 2048 18.

1050 2081 1229 2110 Alcmenae
1243 2080 1336 2109 Iovis
1355 2088 1389 2108 et
1406 2080 1520 2115 magni
1523 2078 1723 2118 fortissima
1732 2076 1846 2115 proles

1102 2127 1260 2155 Trieosus
1274 2126 1383 2155 subito
1393 2128 1470 2162 post
1486 2133 1561 2155 mea
1576 2124 1674 2163 fac!
1685 2133 1707 2152 α
1732 2130 1844 2152 vocor.

982 2181 1242 2219 Retinendum
1288 2193 1376 2217 vero
1419 2183 1481 2217 est
1523 2178 1617 2216 illud
1658 2179 1845 2216 tricosus.

985 2237 1192 2289 Explicant
1205 2236 1302 2274 enim
1319 2235 1490 2274 Glossae
1502 2249 1539 2286 p.
1556 2238 1648 2274 218.
1674 2236 1848 2273 tricosus

984 2292 1144 2346 ἀχρεῖος,
1181 2292 1347 2338 ἔκλυτος,
1383 2288 1591 2343 λαγγωὸὸς,
1629 2290 1732 2342 quod
1762 2290 1847 2328 sine

986 2350 1101 2388 dnbio
1127 2349 1392 2399 corrigendum
1418 2352 1479 2386 est
1498 2349 1532 2386 in
1557 2343 1749 2399 λαγγωὸής
1771 2347 1792 2384 i.
1813 2359 1847 2384 e.

985 2407 1187 2455 fatigatus,
1212 2405 1432 2456 negligens,
1457 2404 1559 2455 quod
1578 2405 1677 2442 bene
1689 2415 1848 2453 respon-

985 2464 1052 2501 ‹let
1087 2463 1249 2501 vocibus
1285 2460 1427 2513 ἀχρεῖος
1462 2464 1501 2498 et
1537 2459 1698 2505 ἔκλυτος.
1750 2457 1850 2496 Post

985 2522 1115 2557 tantos
1137 2517 1251 2568 igitur
1277 2518 1432 2556 labores
1452 2521 1490 2555 et
1508 2518 1607 2555 bene
1627 2519 1739 2567 gesta
1751 2527 1849 2552 mor-

986 2579 1074 2613 tuus
1109 2574 1176 2612 ille
1212 2574 1407 2622 Hercules
1445 2573 1588 2612 inutilis
1624 2573 1848 2616 nominatur,

986 2635 1026 2669 et
1050 2631 1208 2682 gloriam
1232 2644 1317 2669 cum
1345 2631 1419 2668 vita
1437 2631 1574 2668 amisit.
1611 2628 1671 2667 Ex
1685 2628 1850 2665 lectione

986 2688 1100 2726 unius
1115 2687 1259 2726 codicis
1273 2688 1375 2726 Furi
1389 2685 1587 2725 fabricavit
1600 2684 1701 2723 Oud.
1717 2687 1848 2721 nostro

985 2742 1074 2783 loco
1099 2744 1333 2787 Furiarum,
1359 2742 1463 2792 quod
1487 2756 1560 2780 non
1584 2739 1736 2792 probo]

1045 2800 1264 2839 oblatione.
1312 2797 1377 2850 [cf.
1396 2797 1538 2836 Deder.
1559 2797 1609 2836 ad
1627 2796 1728 2835 Dict.
1750 2794 1849 2834 Cret.

988 2855 1126 2894 Introd.
1153 2869 1190 2906 p.
1215 2854 1286 2908 L.]
1799 2852 1802 2854 ’

1042 2915 1266 2964 formosum
1290 2911 1408 2950 deum
1428 2913 1606 2962 formose
1630 2909 1850 2949 cubantem.

992 2967 1057 3019 [cf.
1083 2967 1186 3019 Prip.
1200 2966 1289 3006 XL.
1309 2980 1371 3017 ap.
1390 2966 1519 3004 Bm-m.
1541 2967 1576 3003 in
1591 2964 1751 3004 Anthol.
1764 2964 1851 3004 Lat.

993 3023 1038 3062 Τ.
1068 3023 1113 3062 11.
1146 3038 1181 3075 p.
1209 3028 1300 3063 514.
1335 3022 1645 3075 formosissimus
1681 3023 1854 3061 omnium

994 3085 1051 3119 est
1077 3080 1252 3132 Cupido.
1278 3079 1341 3117 De
1362 3082 1543 3130 formose
1569 3078 1778 3118 cubantem
1804 3078 1851 3116 cf.

993 3135 1078 3175 lntt.
1099 3136 1148 3177 ad
1172 3134 1288 3188 Prop.
1314 3134 1359 3176 ll.
1385 3138 1421 3177 2.
1446 3134 1537 3187 27.]
