2155 3590
660 117 847 160 LIBER
872 116 945 158 IX.
1004 115 1129 156 CAP.
1167 114 1307 155 XVII.
1793 110 1874 153 793

101 241 230 290 peret3
269 232 466 275 servulum
503 246 614 273 suum
648 230 912 287 Myrmecem,
952 229 1134 270 fidelitate
1177 227 1382 283 praecipua
1418 226 1637 280 cognitum,
1681 222 1873 264 secretum

101 296 320 332 commonet
343 302 510 342 suaeque
532 288 539 344 Ι
559 289 735 328 dominae
754 288 992 327 custodelam
1012 299 1164 326 omnem
1182 283 1389 339 permittit:
1417 296 1612 322 carcerem
1634 287 1672 320 et
1690 287 1876 334 perpetua
1899 286 1962 320 625

101 349 273 397 vincula,
311 352 474 386 mortem
511 345 675 398 denique
710 344 981 394 violentam,*
1017 343 1238 382 defamem*
1273 338 1549 387 comminatus,
1591 337 1623 378 si
1644 336 1650 393 Ι
1672 336 1875 390 quisquam
1901 342 1964 377 625

103 482 232 502 serrum
253 473 276 503 f.
321 470 510 503 Me‘rrm'cem
524 475 558 503 F.
575 476 603 503 1.
618 475 647 501 3.
667 472 710 509 [et
725 474 773 501 sIe
787 480 910 507 semper
923 472 954 500 in
969 474 1027 500 boe
1041 469 1126 505 coit]
1139 466 1167 498 ὃ.
1182 469 1203 497 f.
1218 471 1248 497 et
1260 468 1305 496 ila
1318 467 1413 496 eliam
1427 468 1462 495 G.
1477 468 1594 494 habere
1612 469 1699 493 notat
1713 465 1792 493 Oud.
1817 463 1880 492 Sed

103 523 153 549 est
167 520 199 548 in
218 521 254 548 G.
270 521 300 547 1.
335 519 515 555 mirrm’cm,
535 520 569 547 in
581 520 616 547 G.
631 520 661 547 ⁶2.
697 518 882 551 mnmr'cvri,
908 518 991 551 ηιιοᾱ
1004 521 1112 551 aperie
1125 515 1222 543 etiam
1234 515 1272 542 D.
1293 513 1414 542 scribit.
1450 509 1640 547 Myrmftem
1655 511 1690 539 0.
1704 517 1723 538 a
1735 517 1776 537 m.
1791 518 1819 543 p.
1843 510 1880 538 ln

103 569 177 593 cett.
191 571 395 601 myrmecem.
419 567 464 592 Ne
476 566 593 598 longus
606 565 666 592 sim
676 586 683 597 ,
703 563 844 592 sufficiat
858 568 1103 590 commemorare
1114 561 1150 588 F.
1169 561 1194 587 1.
1208 563 1238 587 et
1251 560 1282 587 3.
1295 565 1420 592 semper
1432 556 1562 584 sormam
1578 553 1751 591 Myrmim‘s
1765 559 1793 582 et
1807 558 1881 582 oen.

101 612 239 646 habere,
269 617 328 637 nec
350 616 491 643 unquam
512 617 567 643 per
584 616 600 635 e
619 610 651 636 in
670 610 803 637 casibus
821 607 962 641 obliquis
983 607 1128 634 formare.
1175 606 1303 632 secreto
1324 610 1433 630 omnes
1460 603 1550 630 codd.
1571 602 1654 628 Elui.
1681 599 1786 627 scriv.
1804 600 1882 627 Flo-

104 656 165 683 rid.
191 658 316 689 praeter
340 656 376 682 G.
401 656 427 682 1.
446 658 476 682 et
495 655 548 686 O.‚
573 654 627 687 qui
646 657 774 680 secrete
794 655 932 687 praebet.
966 653 1002 679 Iu
1022 654 1095 678 cell.
1114 651 1182 678 edd.
1202 653 1250 677 est
1269 650 1450 681 secretum,
1476 647 1557 681 quod
1582 646 1752 674 Ruhnken.
1772 647 1884 672 contra

104 700 184 729 Oud.
197 700 388 728 sententiam
402 709 419 726 e
434 700 526 727 vulo.
541 700 570 726 2.
591 699 622 726 in
638 703 758 726 textum
774 698 902 732 recepii.
928 697 1062 725 Frustra
1076 697 1111 723 L.
1127 695 1294 724 d'Orleans
1307 694 1346 721 ad
1361 690 1718 721 '1¹ae.Ann.11.c0niecit
1733 691 1882 716 set-reln-

104 752 196 779 rwu,
223 748 255 772 ul
274 752 345 773 cum
356 742 531 780 fidelitate
556 744 717 778 iungatur.
765 744 943 769 cmmunrel
964 743 998 769 G.
1021 742 1049 769 1.
1070 742 1107 768 D.
1155 745 1314 775 suamque
1333 735 1484 764 dmm‘nne
1503 738 1539 764 G.
1562 737 1588 763 1.
1638 732 1824 761 custodiam
1846 735 1884 761 L.

106 790 195 818 Colv.
208 792 307 818 Mete.
322 790 416 818 vuic.
430 790 460 817 ἱ).
484 791 520 817 In
534 793 606 816 een.
620 786 834 815 custodelam.
881 785 992 814 rint-Ia
1006 787 1042 813 G.
1061 787 1087 813 1.
1136 783 1314 811 rinlentam
1329 781 1492 821 defamem
1505 782 1542 810 F.
1557 782 1586 808 1.
1601 778 1701 814 (leste
1714 780 1793 808 Oud.
1808 781 1836 806 et
1852 778 1886 806 In

106 835 268 868 excerptis
281 834 395 868 Lind.)
408 834 482 862 Ra.
497 835 532 861 G.
544 836 554 861 1
566 856 571 862 .
582 834 611 862 2.
625 834 662 862 D.
676 830 705 861 δ.
721 829 784 861 f.'0.
799 840 818 861 a
831 840 908 866 m.p.
924 832 1042 859 etElm.
1059 831 1132 861 Ed..
1159 836 1241 863 quae
1254 835 1348 862 quum
1363 828 1396 856 in
1409 830 1559 856 contextu
1574 824 1743 863 etsnmem
1758 825 1885 853 habeat.

105 879 142 906 iu
154 879 270 907 erratis
283 883 386 907 tamen
403 882 489 907 notat
499 901 506 911 ,
521 880 691 913 legendum
704 876 867 916 defamem
882 884 965 904 esse.
990 878 1023 902 et
1036 873 1200 913 defamem
1215 875 1251 902 F.
1267 875 1294 902 1.
1309 876 1439 901 auctore
1452 874 1534 900 Elm.
1547 873 1630 900 lunt.
1644 871 1674 898 2.
1711 867 1887 907 defamem

106 925 144 952 1..
159 926 221 952 ms.
235 925 345 952 Branl.
369 923 539 963 etfmuem
554 924 623 951 edd.
638 927 712 951 ven.
728 927 756 950 el
772 926 899 950 recenti.
925 920 1108 949 Lectionem
1122 923 1297 948 ceterorum
1312 919 1402 946 codd.
1414 918 1492 946 Oud.
1506 924 1568 945 non
1581 915 1765 949 adscripsit.

110 1025 253 1073 quanta
277 1021 375 1060 fides
394 1021 680 1071 Lindenbrogio
701 1021 735 1058 in
761 1020 835 1058 hac
860 1020 971 1057 libro·

108 1091 192 1117 rum
216 1077 423 1116 collatione
445 1077 649 1115 tribuenda
672 1077 735 1122 sit,
760 1082 821 1114 sat
842 1089 972 1126 snper-

111 1147 187 1184 que
201 1135 490 1184 comprobatum
506 1137 577 1171 est.
603 1131 680 1170 Per
694 1146 804 1170 usum
821 1132 972 1180 linguae

112 1190 226 1228 lectio
252 1189 340 1227 ferri
364 1193 515 1240 posset,
542 1189 590 1227 cf.
604 1188 745 1226 Klock.
760 1188 806 1226 ad
823 1188 906 1226 Liv.
922 1187 971 1226 X.

112 1249 176 1286 23.
203 1246 234 1292 δ.
249 1249 305 1291 6.,
331 1244 394 1295 qui
415 1245 467 1282 ita
484 1249 655 1282 nostrum
677 1244 801 1282 locum
815 1244 972 1289 excitat:

110 1300 197 1340 Inst.
221 1301 272 1339 ad
297 1300 392 1339 Plin.
418 1299 519 1340 Hist.
544 1299 633 1338 Nat.
653 1298 705 1338 X.
730 1304 792 1340 12.
821 1304 901 1343 15„
925 1299 975 1336 ad

110 1356 287 1407 Propert.
320 1356 383 1395 IIl.
417 1361 479 1396 11.
513 1360 576 1397 18.
624 1356 710 1394 Nec
745 1355 881 1392 melior
915 1359 976 1392 est

112 1412 213 1451 Oud.
239 1413 460 1451 coniectura
484 1413 686 1463 coniotyae
712 1411 772 1449 vel
794 1412 974 1463 eortivtyi.

113 1469 162 1508 cf.
187 1469 237 1507 ad
261 1468 356 1507 Met.
373 1467 477 1507 VIII.
500 1481 536 1519 p.
562 1467 672 1520 547]

169 1525 420 1579 Illyrmecem.
469 1523 588 1577 [Edd.
621 1524 735 1562 lectio
767 1528 829 1561 est
860 1523 975 1576 Illyr-

113 1595 276 1626 mecem,
303 1594 416 1632 quam
441 1594 491 1618 ex
509 1593 650 1632 graeca
667 1580 781 1619 huius
800 1579 980 1618 vocabuli

113 1638 382 1676 terminafione
410 1637 511 1675 bene
541 1641 768 1689 receperunt
798 1636 979 1675 editores.

114 1694 325 1744 Apuleium
351 1694 450 1731 enim
475 1698 676 1744 tantopere
700 1707 722 1731 a
748 1706 886 1742 graeca
909 1696 981 1730 ter-

114 1750 322 1788 minatione
346 1750 581 1793 descivisw,
606 1754 647 1787 ut
672 1749 882 1802 Myr-mseis
908 1748 981 1785 soi·-

116 1806 295 1851 maverif,
321 1819 422 1856 quae
443 1806 675 1857 negligentia
690 1805 887 1855 pessimae
900 1810 981 1842 tan-

116 1868 196 1900 tum
241 1862 440 1900 latinitatis
482 1862 732 1912 scriptoribus
775 1861 980 1898 condonari

120 1919 264 1968 possit,
289 1920 352 1956 vix
377 1918 621 1963 crediderim,
645 1917 747 1955 unde
769 1917 984 1970 Myrmecis

120 1974 183 2012 hic
211 1978 250 2012 et
274 1974 389 2012 simul
414 1975 556 2025 ubique
579 1973 745 2025 retinui}

177 2030 427 2069 custodelam
453 2043 612 2068 omnem.
652 2029 733 2082 [De
758 2028 984 2067 custodibus

121 2086 266 2130 servis,
311 2099 412 2136 quos
448 2086 656 2136 pudicitiae
691 2084 985 2123 conservandae

123 2155 266 2180 caussa
289 2142 411 2179 mariti
436 2141 607 2192 zelotypi
631 2143 814 2180 uxoribus
839 2141 985 2179 addere

121 2198 315 2242 solebant,
340 2197 389 2236 cs.
415 2197 498 2236 lntt.
524 2197 654 2236 Burni.
669 2197 717 2236 ad
737 2196 852 2247 I'rop.
873 2196 898 2234 l.
923 2202 984 2236 11.

125 2259 190 2294 15.
215 2253 277 2292 III.
305 2258 366 2294 10.
396 2258 457 2294 17.
484 2253 621 2292 Heind.
641 2254 689 2293 ad
706 2253 836 2291 Horat.
857 2254 938 2291 Sat.
958 2253 984 2291 l.

123 2315 159 2349 ⁵2.
186 2314 250 2351 98.
275 2309 436 2361 Rupert.
463 2310 511 2348 ad
537 2309 741 2348 luvensVI.
763 2313 855 2349 348.
882 2308 925 2346 Τ.
942 2308 984 2347 II.

124 2380 162 2417 p.
176 2369 268 2406 319.
284 2369 360 2404 not.
379 2369 442 2406 93.
465 2365 613 2404 'l'rillein
627 2364 836 2405 observat.
848 2379 883 2416 p.
897 2370 910 2405 1
924 2370 987 2405 14.

125 2421 275 2473 Pignor.
297 2422 346 2460 de
361 2422 495 2460 Servis
515 2422 550 2460 in
565 2421 698 2460 Polen.
714 2422 851 2473 Suppl.
869 2420 988 2460 Thes.

123 2479 256 2530 Antiq.
282 2477 325 2516 T.
351 2478 412 2517 III.
439 2492 475 2529 p.
505 2482 609 2519 1284
635 2477 713 2530 sq]

180 2535 390 2586 defamem.
460 2534 523 2572 Ne
559 2548 581 2572 a
618 2534 729 2573 codd.
766 2534 990 2572 auctoritate

123 2591 369 2636 recederem,
407 2590 610 2629 lectionem
642 2590 748 2635 dedi,
788 2590 916 2641 qualis
952 2591 986 2628 in

124 2647 237 2686 codd.
259 2647 341 2685 fere
361 2647 537 2685 omnibus
557 2647 753 2685 invenitur.
800 2646 856 2685 At
867 2646 989 2684 diver-

124 2703 284 2742 sissima
306 2703 454 2742 ratione
481 2703 591 2741 locus
609 2717 633 2741 a
650 2703 741 2740 w‘ris
761 2702 886 2741 doctis
904 2707 989 2741 ten-

126 2763 230 2798 tatus
254 2763 327 2799 est.
375 2759 535 2798 Plurimi
555 2759 655 2798 enim
673 2758 723 2798 ad
736 2758 989 2798 coniecturam

128 2817 181 2855 tle
201 2817 312 2866 fame
335 2815 534 2861 inclinant,
559 2815 887 2860 demonstrantes,
911 2828 990 2854 set-

126 2885 200 2909 vos
223 2871 314 2910 olim
339 2885 363 2911 a
386 2872 550 2910 dominis
576 2871 678 2911 same
703 2872 857 2923 punitos
882 2883 989 2917 esse,

127 2941 214 2966 cum
235 2927 284 2966 iis
307 2928 460 2967 scilicet
477 2932 623 2966 statuta
641 2932 680 2966 et
696 2927 830 2966 debita
849 2927 992 2966 cibaria

127 2983 221 3021 data
253 2997 327 3022 non
369 2984 524 3031 fuerint3
571 2984 621 3022 de
662 2983 803 3035 quibus
839 2983 991 3029 cibariis

127 3039 291 3090 piurima
306 3039 369 3078 hic
385 3042 538 3079 minime
556 3044 650 3092 apta
661 3038 807 3091 profert
821 3037 993 3085 Colvius,

129 3096 238 3134 cuius
252 3096 432 3148 exempla
442 3101 621 3149 repetere
633 3110 656 3135 a
675 3110 716 3135 re
735 3099 797 3134 est
809 3095 994 3142 alienum3

1029 1018 1076 1057 cf.
1093 1017 1273 1056 Antonin.
1289 1017 1324 1055 in
1340 1015 1469 1054 lustin.
1485 1014 1574 1053 lust.
1589 1014 1676 1053 Lib.
1688 1013 1718 1053 I.
1732 1011 1888 1052 T.VIII:

1029 1075 1099 1113 sed
1112 1079 1149 1112 et
1162 1074 1415 1112 dominorum
1428 1074 1606 1116 interest,
1628 1084 1676 1109 ue
1689 1070 1891 1109 auxilium

1030 1135 1175 1169 eontra
1201 1130 1405 1168 saevitiam
1432 1128 1493 1166 vel
1512 1129 1681 1178 famem
1708 1126 1769 1164 rel
1789 1127 1891 1164 into-

1031 1186 1235 1225 lerabilem
1261 1185 1451 1223 iniuriam
1475 1184 1699 1235 ‹Ieveqetnr
1723 1183 1790 1228 iis,
1824 1182 1893 1233 qni

1030 1244 1129 1281 iuste
1141 1241 1426 1292 deprecantur.
1448 1240 1657 1290 Scioppius
1671 1239 1705 1276 in
1716 1237 1892 1289 Symbol.

1033 1302 1073 1335 et
1086 1296 1319 1347 Suspect.V.
1336 1299 1399 1336 23.
1419 1296 1565 1333 mavult
1576 1296 1765 1346 infamem
1778 1298 1895 1344 atque

1035 1353 1211 1402 intelligit
1225 1354 1358 1391 cruc-fs
1371 1351 1600 1402 supplicium
1611 1382 1619 1390 .
1646 1364 1721 1401 quo
1736 1351 1896 1400 saepius

1033 1410 1134 1447 servi
1168 1409 1328 1459 improbi
1360 1422 1381 1444 a
1414 1408 1606 1445 veteribus
1632 1405 1897 1457 puniebantur,

1033 1466 1214 1504 Brantius
1239 1466 1374 1502 retinet
1394 1464 1589 1513 defamem
1611 1476 1677 1513 pro
1696 1463 1897 1512 infamem,

1035 1535 1119 1560 cum
1147 1521 1266 1566 Elin..
1292 1521 1354 1571 qui
1381 1533 1429 1557 ex
1456 1519 1570 1558 codd.
1594 1518 1764 1556 Florent.
1791 1517 1900 1557 addit

1037 1583 1076 1617 et
1106 1580 1320 1629 defamem,
1358 1589 1456 1626 quae
1492 1575 1679 1627 particula
1713 1575 1748 1613 in
1784 1574 1900 1613 Lind.

1037 1635 1243 1673 conatione
1258 1647 1331 1671 non
1347 1636 1554 1683 comparet.
1579 1630 1680 1670 Oud.
1693 1644 1785 1668 vero
1798 1631 1900 1669 bene

1037 1691 1172 1735 sentit,
1216 1689 1416 1728 lectionem
1452 1688 1649 1738 vulgatam
1685 1692 1723 1726 et
1752 1688 1901 1737 famem

1039 1747 1123 1785 ferri
1139 1760 1211 1783 non
1227 1758 1362 1797 posse,
1384 1745 1473 1796 quia
1485 1743 1672 1794 gradatim
1687 1743 1902 1781 adscendat

1038 1807 1188 1848 auctor,
1215 1803 1264 1840 ita
1278 1806 1319 1840 ut
1329 1803 1476 1852 famem
1491 1805 1580 1838 ante
1595 1805 1776 1845 mortem,
1801 1812 1902 1850 quae

1039 1859 1172 1897 ultima
1195 1871 1324 1908 poena
1348 1861 1427 1902 est,
1458 1856 1677 1908 ponendum
1704 1859 1830 1901 esset,
1862 1854 1902 1893 id

1040 1914 1143 1966 quod
1190 1918 1280 1952 ante
1327 1926 1413 1952 eum
1468 1912 1736 1951 animadvertit
1788 1911 1903 1950 etiam

1041 1972 1199 2022 Sciopp.
1214 1971 1248 2007 in
1264 1970 1383 2020 Susp.
1404 1982 1569 2020 eamque
1588 1981 1766 2006 caussam
1782 1967 1905 2006 fuisse

1041 2026 1248 2065 verisimile
1273 2031 1351 2072 est,
1383 2039 1449 2064 cur
1468 2025 1639 2063 ivon-er.
1659 2025 1833 2076 pessime
1852 2024 1905 2062 in-

1041 2083 1240 2134 terpolarit
1272 2084 1422 2133 famem
1458 2081 1634 2134 (lenique
1670 2086 1709 2120 et
1742 2085 1906 2119 mortem

1043 2139 1273 2185 violentam,
1302 2139 1356 2176 uti
1381 2142 1444 2176 est
1468 2138 1503 2175 ln
1530 2136 1629 2175 Prie.
1655 2136 1758 2176 Edit.
1807 2135 1906 2174 Tum

1042 2196 1144 2233 idem
1164 2195 1266 2234 Oud.
1286 2198 1419 2245 negat,
1451 2195 1573 2232 crucis
1592 2193 1824 2244 supplicium
1845 2193 1906 2232 bic

1041 2251 1331 2301 intelligendum
1356 2263 1467 2296 esse,
1493 2251 1582 2300 quia
1606 2263 1678 2288 non
1705 2250 1908 2288 conveniat

1038 2309 1250 2360 perpetuis
1274 2307 1453 2346 τίηοιιῖῐε.
1503 2305 1616 2352 Quod
1642 2311 1907 2356 argumentum

1045 2364 1211 2403 validius
1236 2364 1308 2415 ipsi
1336 2363 1499 2408 videtur,
1525 2375 1639 2413 quam
1663 2362 1778 2409 illud,
1804 2361 1909 2413 qnod

1046 2419 1225 2460 Elmenb.
1249 2420 1475 2471 opposuerIt
1497 2417 1616 2461 Prie..
1643 2432 1689 2456 se
1715 2431 1907 2469 nunquam

1048 2477 1212 2528 legisse,
1254 2476 1419 2514 dominis
1457 2475 1631 2526 privatim
1673 2478 1908 2526 potestatem

1045 2534 1174 2572 datam
1188 2545 1299 2578 esse,
1323 2545 1463 2570 servos
1476 2531 1782 2582 cruciaffigendi.
1807 2529 1909 2568 Nam

1044 2590 1079 2627 si
1105 2589 1178 2641 ipsi
1204 2589 1278 2627 boc
1302 2590 1361 2626 ius
1387 2603 1459 2626 non
1491 2587 1709 2632 habuerint,
1741 2587 1778 2625 id
1805 2586 1909 2638 quod

1045 2646 1300 2684 demonstrari
1312 2657 1434 2696 posse
1447 2647 1619 2682 autumat
1632 2643 1803 2695 exApul.
1812 2642 1909 2681 Met.

1048 2701 1148 2740 VIII.
1162 2715 1199 2752 p.
1213 2704 1305 2743 566.
1332 2701 1516 2740 domiuus
1535 2705 1741 2752 arreptum
1759 2712 1910 2738 servum

1043 2759 1213 2811 firmiter
1236 2757 1520 2810 alli'yavit
1553 2756 1741 2801 arbori,
1777 2768 1910 2793 curare

1049 2818 1154 2852 certe
1179 2813 1356 2852 dominos
1382 2813 1575 2863 potuisse,
1605 2816 1647 2850 ut
1670 2811 1748 2850 ista
1769 2824 1910 2862 poena,

1047 2883 1162 2921 quam
1186 2870 1311 2908 servis
1334 2868 1502 2919 infligere
1524 2867 1731 2914 voluerint,
1755 2866 1912 2919 publice

1048 2926 1338 2964 exsecutionem
1364 2925 1568 2975 acciperet.
1616 2923 1718 2970 Quia
1731 2937 1821 2961 vero
1834 2937 1913 2964 vox

1049 2982 1224 3032 defamis
1246 2981 1350 3033 apud
1373 2985 1526 3019 veteres
1551 2980 1587 3018 in
1600 2993 1674 3019 usu
1691 2993 1767 3019 non
1787 2979 1911 3028 fuerit,

1049 3041 1251 3090 promptus
1265 3041 1328 3076 est
1338 3037 1388 3075 ad
1401 3036 1709 3075 emendationem
1726 3036 1779 3075 de
1788 3037 1911 3086 fame,

1052 3093 1142 3134 coll.
1169 3093 1264 3134 Met.
1278 3092 1364 3132 VH.
1389 3107 1426 3145 p.
1442 3093 1534 3134 489.
1561 3094 1725 3147 eiusque
1748 3097 1912 3133 mortem
