2155 3590
524 114 708 154 LIBER
746 115 817 154 lX.
878 115 1003 154 (fAP.
1039 114 1227 154 XXXV.
1254 113 1464 154 XXXVI.
1802 113 1881 154 845

96 237 178 271 tota
203 227 428 282 frugalitate
448 227 652 280 spoliatum
673 227 678 281 Ι
702 227 795 281 ipsis
820 227 935 267 etiam
963 226 1128 280 glebulis
1147 226 1415 267 exterminare
1435 226 1644 280 gestiebat,
1672 227 1882 281 finiumque.
1908 233 1971 264 659

95 285 202 325 inani
228 290 418 324 commota
445 284 696 336 quaestione,
723 291 870 323 terram
897 290 1015 323 totam
1043 283 1116 322 sibi
1141 282 1380 322 vindicabat.
1431 282 1545 323 Tunc
1569 283 1741 337 agrestis
1766 297 1879 324 vere-

96 341 245 381 cundus
270 339 464 392 alioquin,
493 340 660 379 avaritia
685 339 816 380 divitis
839 340 914 379 iam
937 338 1144 392 spoliatus.
1169 344 1212 377 ut
1230 351 1300 377 suo
1320 338 1457 378 saltem
1478 339 1657 392 sepulcro
1676 347 1881 394 paternum

96 397 287 437 retineret
316 396 464 444 solum,
497 395 643 435 amicos
670 396 856 449 plurimos
882 396 928 435 ad
955 393 1327 434 demonstrationem
1353 394 1485 433 finium
1511 395 1712 448 trepidans
1738 396 1882 436 eximi(¹

95 458 342 506 corrogarat.
402 451 582 491 Aderant
616 451 716 491 inter
751 452 848 491 alios
886 459 967 491 tres
1002 451 1059 490 illi
1096 451 1262 498 fratres,
1302 449 1474 490 cladibus
1506 451 1620 490 amici
1656 453 1882 505 quantulum

96 508 323 562 quantulum
350 508 521 548 ferentes
547 507 752 548 auxilium.

582 680 618 727 C
676 682 722 726 A
778 680 815 725 P
875 681 916 725 U
975 680 1017 724 T
1119 678 1403 725 XXXVI.

207 810 294 853 Nec
319 819 448 852 tamen
474 812 538 852 ille
562 825 734 852 vesanus
761 811 951 851 tantillum
978 811 1199 865 praesentia
1228 811 1437 851 multorum
1469 812 1610 852 civium
1638 812 1800 853 territus
1826 814 1888 853 vel

97 869 213 908 etiam
240 870 447 918 confusus,
475 869 566 909 licet
590 882 669 908 non
694 868 841 922 rapinis
867 868 1006 907 saltem
1031 867 1162 907 verbis
1189 874 1408 921 temperare
1435 868 1580 908 noluit:
1614 869 1682 908 sed
1707 869 1785 909 illis
1812 869 1888 910 ele-

101 999 207 1024 totum
216 997 346 1031 irrepsit
360 996 470 1025 nescio
483 996 537 1031 qui
551 996 584 1024 in
597 997 647 1025 ed.
657 996 746 1025 Colv.
758 995 895 1024 tacentis
909 1000 1004 1029 certe,
1014 999 1042 1024 et
1057 996 1159 1024 secuti
1173 999 1246 1023 sunt
1262 1003 1335 1024 eum
1348 997 1631 1030 posterioresEdd.
1646 997 1765 1026 Sivero
1778 998 1889 1027 inG..‘.’.

101 1042 166 1076 legi
180 1044 286 1069 totum
299 1050 341 1070 ex
354 1042 425 1070 suis
439 1041 601 1076 excerptis
614 1041 750 1070 affirmat
765 1041 844 1069 oud.
854 1063 861 1071 .
887 1044 983 1073 errat.
1009 1049 1103 1074 quum
1119 1041 1186 1069 rod.
1210 1042 1285 1067 tota
1299 1049 1371 1069 cnm
1383 1045 1456 1070 cett.
1472 1042 1620 1071 omnibus
1633 1046 1719 1071 recte
1733 1044 1890 1072 ostendar.

101 1087 305 1116 Adieclivum
326 1089 421 1121 plane
440 1089 531 1115 abest
550 1093 570 1115 a
588 1088 626 1114 R.
644 1091 673 1114 et
695 1086 715 1114 f.
755 1084 962 1123 fragilitate
982 1083 1010 1113 δ’.
1037 1085 1094 1119 [cf.
1109 1086 1214 1120 Quint.
1228 1086 1346 1115 lustin.
1359 1087 1398 1115 X.
1413 1087 1444 1115 3.
1459 1082 1491 1126 §.
1504 1087 1576 1122 26]
1624 1088 1814 1124 spatiatum
1835 1097 1891 1123 pro

102 1131 282 1167 spoliatum
298 1134 334 1160 G.
349 1134 379 1160 ἱ).
393 1132 431 1159 1).
466 1131 614 1167 spatium
627 1133 662 1159 P.
700 1130 844 1166 spoliate
858 1132 892 1159 0.
938 1129 1084 1167 grebnle's
1099 1132 1134 1159 G.
1152 1132 1178 1159 1.
1193 1131 1226 1159 Ο.
1266 1128 1457 1168 finiumque
1469 1140 1570 1159 manu
1584 1136 1750 1160 commota
1763 1136 1800 1163 G.
1816 1135 1845 1162 1.
1860 1135 1889 1161 2.

101 1178 138 1205 P,
158 1179 195 1205 I).
216 1178 250 1205 0.
276 1175 316 1210 [a
334 1184 374 1205 m.
396 1177 444 1211 p.)
472 1173 662 1213 finiumque
685 1175 819 1202 uiarum
845 1177 881 1204 L.
910 1173 1100 1212 finiumque
1125 1175 1254 1202 riarum
1281 1179 1447 1204 commota
1470 1178 1523 1206 Al.
1549 1179 1618 1206 cod.
1645 1182 1725 1207 teste
1744 1180 1891 1206 U‘ower.

94 1220 284 1258 finiumque
297 1224 332 1248 et
350 1220 491 1249 viarum.
512 1222 565 1250 Al.
580 1221 669 1248 codd.
685 1224 764 1249 teste
777 1222 860 1249 Elm.
888 1218 1079 1257 finiumque
1098 1221 1132 1248 in
1150 1228 1221 1247 eum
1241 1221 1273 1257 [J.
1322 1219 1522 1249 vendicabat
1541 1225 1576 1251 G.
1596 1225 1622 1252 l.
1637 1224 1667 1252 2.
1680 1225 1718 1252 D.
1738 1227 1767 1252 et
1782 1226 1890 1258 plures

103 1267 242 1295 sortasse
260 1267 349 1294 codd.
370 1273 424 1300 pro
444 1273 530 1293 more
548 1266 643 1293 solito
662 1266 710 1293 ed.
731 1273 777 1300 pr.
795 1267 878 1293 lunt.
900 1266 928 1293 1.
948 1267 977 1294 2.
997 1266 1074 1293 ΑΜ.
1110 1263 1307 1293 venditabat
1323 1266 1394 1295 ViC.
1415 1268 1527 1296 Venet.
1548 1269 1578 1296 2.
1599 1269 1629 1296 4.
1649 1269 1723 1298 Par.
1743 1270 1890 1297 Beroam.

101 1310 165 1338 sibi
178 1310 304 1338 testari
314 1309 509 1338 vindicabat
522 1310 542 1338 f.
591 1310 739 1338 retinere
751 1307 779 1338 ὁ.
827 1308 945 1337 solium
960 1311 995 1338 G.
1012 1312 1040 1338 2.
1055 1311 1094 1338 D.
1141 1309 1274 1337 arunde
1284 1311 1320 1340 F.
1335 1313 1365 1340 3.
1375 1332 1383 1348 ,
1409 1313 1466 1340 sed
1479 1314 1519 1341 ab
1533 1314 1644 1341 eadem
1656 1320 1754 1342 manu
1766 1313 1891 1348 isunra

101 1357 245 1384 additum
259 1359 318 1384 est.
365 1355 562 1391 corrogavit
575 1352 603 1383 δ.
618 1363 647 1389 p.
694 1352 864 1381 addet-ant
876 1356 912 1383 G.
928 1356 957 1382 1.
984 1355 1079 1381 intra
1092 1353 1224 1391 aliquus
1239 1356 1275 1383 G.
1291 1357 1320 1384 ἱ).
1335 1357 1371 1384 P.
1384 1357 1423 1385 D.
1470 1355 1524 1384 mi
1543 1359 1613 1385 tres
1632 1358 1762 1387 inverso
1782 1359 1893 1387 ordine

102 1402 158 1428 sed
177 1403 262 1429 male
281 1404 408 1434 propter
425 1400 490 1428 vim
510 1399 708 1434 pronominis
730 1399 751 1427 f.
799 1398 998 1436 quantulum
1019 1398 1217 1436 quantulum
1236 1401 1271 1428 F.
1288 1401 1315 1428 1.
1338 1405 1418 1429 {este
1436 1402 1519 1430 Elm.
1539 1406 1567 1430 el
1581 1403 1795 1437 Lindenbrog.
1810 1404 1844 1431 F.
1861 1406 1891 1431 3.

102 1447 184 1474 lunt.
199 1447 229 1474 2¹.
242 1447 326 1474 Elm.
363 1444 565 1482 quantillum
584 1445 643 1473 Ed.
663 1444 765 1472 scriv.
784 1444 838 1478 qni
858 1443 1060 1480 quantillum
1082 1447 1120 1473 ob
1139 1445 1310 1474 lectionem
1330 1445 1529 1482 quantulum
1549 1446 1748 1484 quantulum
1768 1449 1894 1477 videtur

103 1490 340 1519 emendavisse.
358 1491 395 1518 In
404 1493 477 1518 cett.
491 1488 690 1527 quantulum
703 1491 802 1518 semel
819 1493 940 1518 lantum
955 1490 1084 1523 legitur.

193 1542 347 1562 rea-emus
361 1537 397 1564 G.
413 1536 443 1563 1.
457 1536 487 1563 2.
503 1536 538 1564 0.
551 1536 589 1563 D.
604 1534 700 1563 solito
713 1542 809 1562 more.
858 1533 963 1562 rolm't
977 1535 1012 1563 F.
1031 1536 1056 1563 Ι.
1072 1542 1114 1563 ex
1126 1536 1198 1562 coll.
1213 1535 1428 1569 Lindenhrog.
1448 1537 1484 1565 B.
1498 1545 1527 1571 p.
1545 1536 1566 1565 f.
1581 1533 1610 1566 δ.
1629 1538 1679 1566 ed.
1698 1545 1745 1573 pr.
1765 1538 1892 1567 vicent.

105 1580 218 1609 Venet.
232 1582 263 1608 2.
275 1581 389 1609 venet.
402 1581 434 1609 4.
447 1580 553 1609 Paris.
566 1581 676 1608 Wow.
691 1580 775 1608 Prie.
799 1581 836 1608 In
849 1583 921 1608 cett.
935 1578 1059 1616 noluit,
1085 1583 1117 1608 ur
1136 1580 1170 1608 in
1184 1581 1219 1608 F.
1233 1581 1263 1609 3.
1279 1582 1314 1609 G.
1329 1581 1358 1609 1.
1374 1582 1403 1609 2.
1418 1582 1454 1609 D.

160 1688 419 1742 fruyalt'tate.
467 1688 654 1740 [Duplice
677 1690 825 1727 ratione
850 1689 970 1741 expli-

108 1750 196 1784 cant
212 1746 278 1783 viri
291 1745 394 1783 docti
407 1745 482 1783 hoc
496 1745 734 1784 vocabulum.
766 1744 868 1784 Oud.
884 1758 970 1784 cum

107 1800 195 1840 aliis
226 1801 415 1852 frugalem
446 1814 624 1853 agrorum
648 1801 782 1852 rquue
805 1802 973 1840 rusticae

107 1858 271 1896 reditum
300 1859 584 1908 interpretatur,
619 1857 826 1903 Pricaeus,
857 1871 972 1908 quem

107 1913 278 1952 Forcell.
302 1914 338 1951 in
365 1913 488 1952 lexico
513 1918 672 1952 secutus
698 1918 772 1960 est,
797 1913 976 1965 intelligit

110 1972 220 2021 ipsas
246 1969 395 2020 fruges,
432 1983 504 2008 nec
540 1970 650 2008 aliter
685 1971 740 2008 vir
769 1970 907 2009 doctus
938 1971 972 2008 in

109 2026 170 2064 ed.
195 2025 347 2064 Vicent.
377 2025 463 2064 voci
492 2026 738 2078 frnyalitate
768 2039 884 2077 supra
909 2039 976 2078 ap-

110 2081 231 2133 pinxit
256 2081 462 2134 fruyifflzs.
532 2081 730 2120 Posterior
766 2082 974 2134 explicatio

109 2139 235 2189 magis
271 2138 451 2188 probatur
490 2142 648 2188 propter
683 2137 810 2176 locum
847 2137 975 2185 Quint.

113 2192 489 2232 DecL‘CCXCVHl.
515 2207 551 2245 p.
578 2198 670 2235 573.
697 2194 843 2233 Burm.:
870 2195 978 2234 Mihi

112 2264 180 2290 rus
188 2254 406 2302 patermmz
419 2263 521 2301 erya
535 2250 695 2290 labores
706 2252 979 2303 ιφτιίἱεειίιιιιηι

113 2320 194 2345 non
210 2306 410 2358 fruyali
420 2310 516 2345 tute
535 2311 690 2346 tantum
707 2310 978 2360 suffecturum,

114 2363 190 2401 sed
214 2366 254 2401 et
269 2362 557 2408 delectatione,
582 2363 840 2402 si'coleretur
860 2378 886 2402 a
907 2363 979 2402 ‹lo-

114 2419 230 2457 mim's
253 2418 424 2457 duobus.
471 2417 528 2457 Ita
552 2418 746 2458 venalitas
769 2432 838 2470 pro
864 2432 978 2458 vena-

116 2475 220 2514 libus
244 2474 318 2512 dici
343 2474 446 2524 apud
472 2473 649 2513 Cassiod.
663 2474 747 2513 VH.
773 2478 839 2516 32.
864 2475 980 2514 testis

116 2535 180 2569 est
203 2530 307 2568 idem
332 2529 526 2583 Colvius]

174 2586 411 2639 quantulum
438 2587 684 2638 quantulum.
732 2586 858 2625 Recte
877 2586 980 2626 Oud.

116 2642 218 2682 hanc
240 2643 538 2694 geminationem
563 2657 612 2681 ex
637 2642 721 2681 cod.
746 2643 917 2682 Florent.
946 2648 980 2689 1,

119 2699 178 2737 cui
202 2712 302 2737 nunc
325 2699 475 2737 accedit
488 2703 523 2739 3.
549 2700 771 2745 auctoritas,
796 2699 982 2739 defendit.

118 2754 257 2800 Miror,
291 2754 493 2793 Pricaeum
525 2756 705 2807 vulgatae
735 2755 886 2794 lectioni
915 2769 981 2807 pa·

118 2814 268 2850 tronum
281 2812 472 2857 extitisse,
483 2813 681 2862 quitamen
690 2811 837 2851 Metv.
846 2815 980 2864 p.351.

120 2865 345 2906 Ritterhusii
365 2869 624 2906 coniecturae:
652 2881 821 2920 quornm
848 2872 981 2908 utrum

120 2927 252 2962 utrum
276 2922 436 2963 faveret.
461 2924 585 2963 Plaut.
610 2922 734 2962 Poen.
758 2923 820 2962 Ill.
847 2928 885 2963 4.
912 2928 983 2964 28:

124 2984 348 3029 qnantum
375 2986 601 3032 qnantum
626 2980 683 3019 acl
707 2993 794 3019 eum
817 2981 894 3018 eric
917 2981 984 3019 de·

123 3034 257 3073 latum.
277 3035 433 3076 Terent.
446 3036 616 3088 Adelph.
630 3035 694 3073 ΙΙΙ.
709 3039 822 3076 3.40.
844 3049 982 3088 quan-

124 3094 199 3129 tus
230 3097 434 3142 quantus
465 3093 570 3132 m'ln'l
597 3093 675 3132 uisi
705 3093 908 3144 sapientia
933 3106 981 3131 es.

1027 1687 1236 1728 Phorm.V.
1252 1693 1288 1730 8.
1309 1694 1368 1731 10.
1387 1696 1568 1742 quanta
1591 1698 1774 1745 quauta
1796 1693 1896 1733 haec:

1028 1760 1113 1785 mea
1134 1751 1369 1798 paupertas
1393 1752 1459 1786 est.
1485 1747 1532 1785 cf.
1546 1748 1598 1786 ad
1610 1748 1707 1788 Met.
1720 1748 1764 1788 Π.
1779 1763 1815 1801 p.
1831 1753 1893 1790 91.

1032 1817 1232 1856 quaqua
1261 1804 1446 1855 penw‘s.
1483 1817 1521 1854 p.
1556 1808 1646 1845 107.
1680 1807 1895 1846 cuiuscu-

1031 1861 1106 1899 ius
1130 1859 1320 1905 eximiae,
1344 1862 1385 1897 ut
1403 1859 1552 1911 aliquot
1564 1858 1648 1898 Intt.
1670 1862 1896 1901 emendant:

1031 1915 1080 1953 V.
1106 1929 1142 1967 p.
1164 1917 1257 1955 376.
1283 1916 1471 1955 solatium
1494 1917 1618 1956 unde
1641 1918 1738 1957 und
1745 1931 1765 1956 e
1787 1932 1896 1970 sper-

1033 1971 1208 2010 nendum
1233 1976 1302 2010 est.

1091 2026 1178 2065 civ.
1226 2025 1415 2066 XXXVI.
1486 2033 1710 2081 temperare
1754 2031 1898 2071 noluit.

1036 2082 1287 2134 [Repugnant
1309 2084 1383 2122 sibi
1410 2084 1535 2130 codd„
1561 2099 1722 2136 quorum
1746 2087 1811 2125 alii
1834 2102 1898 2127 vo-

1036 2139 1111 2179 lm't
1153 2138 1215 2177 alii
1258 2140 1391 2180 uoluit
1431 2143 1643 2192 praebent,
1690 2143 1899 2196 itidemque

1035 2196 1264 2246 interpretes
1288 2197 1323 2234 in
1348 2200 1550 2249 utramque
1574 2203 1722 2249 partem
1745 2201 1899 2239 abeunt.

1035 2251 1137 2290 Oud.
1180 2256 1290 2304 putat
1330 2252 1462 2293 noluit
1504 2254 1592 2293 ferri
1634 2257 1899 2295 tantummodo

1035 2321 1176 2361 posse,
1206 2309 1241 2346 si
1272 2309 1374 2347 duae
1404 2312 1632 2361 negationes
1664 2312 1901 2352 Graecorum

1037 2368 1077 2402 et
1101 2367 1341 2415 antiquorum
1364 2378 1471 2404 more
1496 2381 1564 2419 pro
1583 2382 1660 2406 una
1672 2372 1898 2415 statuantur.

1037 2420 1085 2460 cf.
1099 2420 1149 2458 ad
1161 2420 1257 2460 Met.
1266 2421 1314 2460 V.
1329 2435 1366 2473 p.
1382 2426 1473 2464 335.
1488 2424 1575 2463 ullo
1586 2429 1713 2476 pacto
1726 2430 1900 2464 temerat.

1037 2476 1231 2528 Equidem
1257 2477 1372 2528 plane
1396 2479 1507 2518 aliter
1530 2481 1669 2518 sentio.
1723 2481 1812 2521 Nec
1835 2486 1902 2519 aut

1037 2533 1090 2572 ad
1114 2535 1274 2573 territus
1304 2538 1344 2572 et
1367 2537 1560 2586 confusus
1589 2540 1656 2575 aut
1687 2537 1737 2576 ad
1774 2538 1904 2577 voluit

1038 2588 1170 2628 referri
1213 2594 1358 2641 potest.
1435 2591 1478 2630 Si
1520 2591 1570 2631 ad
1612 2594 1776 2633 territus
1816 2606 1900 2646 per-

1039 2646 1152 2691 tinet,
1177 2645 1281 2697 quod
1306 2647 1397 2685 mihi
1421 2649 1532 2687 unice
1556 2648 1751 2699 probatur,
1775 2650 1901 2689 voluit

1039 2701 1128 2740 ferri
1157 2716 1233 2740 non
1264 2707 1406 2753 potest.
1455 2703 1532 2751 Qui
1561 2705 1660 2743 enim
1691 2705 1742 2743 ita
1778 2705 1905 2745 voluit

1039 2757 1269 2803 defendunt,
1300 2761 1418 2798 totius
1449 2759 1525 2799 loci
1554 2762 1786 2800 sententiam
1810 2761 1901 2800 mihi

1037 2814 1215 2852 videntur
1238 2828 1312 2853 non
1339 2816 1594 2856 intellexisse.
1640 2817 1776 2856 Voluit
1800 2818 1901 2855 enim

1038 2869 1283 2921 significaret,
1308 2871 1463 2911 domino
1476 2872 1530 2910 illi
1543 2873 1710 2924 superbo
1723 2874 1758 2911 in
1772 2878 1902 2913 mente

1043 2926 1184 2970 fuisse,
1213 2927 1342 2965 verbis
1373 2932 1412 2967 et
1440 2928 1657 2967 maledictis
1687 2933 1903 2980 temperare

1041 2983 1077 3020 in
1109 2982 1273 3020 vicinum
1303 2983 1537 3029 modestum,
1567 2998 1694 3036 neque
1723 2999 1815 3024 vero
1846 3001 1901 3026 ra·

1042 3039 1161 3089 pinis,
1193 3051 1309 3089 quum
1339 3040 1431 3078 mihi
1460 3041 1592 3093 potius
1623 3041 1815 3093 Apuleius
1850 3045 1900 3082 si-

1041 3094 1245 3143 gnificasse
1258 3095 1448 3137 videatur.
1475 3098 1648 3136 iuvenem
1661 3104 1899 3149 arrogantem
