2155 3590
597 795 1368 852 LIBERV.

678 1024 1120 1072 CAPUT
1225 1025 1266 1071 Ι.

184 1154 339 1211 Psyche
366 1156 512 1196 teneris
538 1162 578 1196 et
601 1156 780 1196 herbosis
805 1156 902 1196 loeis
927 1157 967 1196 in
992 1157 1076 1210 ipso
1105 1164 1191 1196 toro
1216 1156 1362 1197 roscidi
1388 1157 1578 1210 graminis
1605 1171 1727 1198 suave
1757 1171 1870 1199 reeu—

74 1210 193 1261 hans,
226 1219 336 1252 tanta
367 1212 507 1252 mentis
539 1213 835 1266 perturbatione
866 1213 1002 1252 sedata
1033 1212 1144 1252 dulce
1177 1212 1418 1265 conquievit.
1473 1211 1634 1266 Iamque
1665 1214 1872 1255 sufficienti

71 1275 253 1308 recreata
278 1282 414 1308 somno
439 1268 588 1322 placido
613 1268 789 1322 resurgit
812 1269 958 1308 animo.
1009 1267 1125 1309 Videt
1152 1268 1281 1308 lucum
1307 1270 1483 1322 proceris
1508 1276 1548 1309 et
1571 1270 1695 1310 vastis
1721 1271 1872 1311 arbori-

73 1323 145 1365 bus
181 1325 392 1365 consitum:
428 1325 536 1364 w'det
571 1325 718 1364 fontem
755 1325 884 1364 vitreo
909 1325 1024 1364 latice
1062 1324 1318 1379 pellucidum,
1356 1325 1483 1365 medio
1520 1325 1596 1365 luci
1638 1327 1868 1368 meditullio.

1879 1134 1991 1236 ἰῗῖεῗθ]

161 1451 314 1489 stychen
334 1455 371 1481 G.
392 1455 420 1482 2².
435 1454 473 1481 D.
517 1450 679 1489 Psychem
693 1455 730 1481 G.
753 1454 781 1481 1.
809 1447 924 1490 (Hanc
950 1452 1120 1481 lectionem
1141 1453 1216 1482 inde
1236 1457 1347 1482 natam
1366 1462 1439 1482 esse
1453 1453 1623 1491 eximium,
1650 1456 1732 1489 quod
1746 1455 1873 1485 librarii

71 1500 315 1534 praecedentem
327 1506 401 1527 cum
413 1499 561 1532 sequenti
572 1499 654 1527 libro
666 1499 854 1527 accuratius
866 1498 957 1533 iungi
965 1500 1128 1527 volebant.
1154 1500 1222 1526 Hoc
1234 1506 1256 1527 a
1268 1499 1434 1527 nonnullis
1448 1498 1570 1527 factum
1583 1507 1670 1536 esse,
1684 1505 1874 1536 argumento

72 1551 144 1573 esse
157 1544 272 1578 poterit
287 1543 308 1572 f.
321 1545 390 1573 cod.
403 1544 500 1572 lectio
510 1565 517 1579 ‚
545 1551 606 1577 quo
621 1548 752 1577 uterque
767 1543 850 1572 liber
863 1544 1051 1577 disparatus
1066 1552 1130 1572 non
1143 1544 1324 1579 videatur.)
1372 1544 1405 1571 in
1422 1543 1562 1581 tenet-is,
1588 1546 1671 1578 quod
1690 1553 1731 1574 ex
1745 1548 1781 1574 G.
1800 1547 1827 1574 1.
1841 1549 1873 1574 et

72 1589 107 1618 0.
121 1589 263 1617 enotavit
278 1589 376 1625 Oud.,
401 1589 434 1617 in
447 1588 552 1623 priore
566 1596 628 1617 non
643 1592 815 1624 comparet.
840 1589 1010 1616 Librarius
1024 1596 1055 1615 m
1069 1589 1178 1617 littera
1189 1611 1196 1622 ,
1213 1596 1296 1623 quae
1310 1589 1381 1617 voci
1399 1587 1526 1625 Psyche
1539 1591 1752 1626 adhaerebat,
1778 1591 1872 1620 dece-

72 1636 146 1669 ptus
159 1637 223 1668 est,
249 1637 281 1662 ut
296 1634 330 1661 in
343 1635 479 1670 legeret,
494 1633 569 1668 quid
584 1634 648 1662 sibi
661 1635 758 1663 vellet
772 1641 811 1662 ea
823 1634 948 1668 littera,
975 1633 1072 1662 aliter
1083 1642 1147 1662 non
1161 1635 1358 1669 intelligens.
1383 1636 1469 1663 Idem
1484 1636 1599 1663 cadere
1612 1635 1645 1663 in
1660 1637 1728 1664 cod.
1742 1636 1794 1672 0.‚
1809 1643 1872 1665 non

71 1678 141 1707 veri
153 1682 201 1707 est
215 1678 331 1707 simile.
378 1678 505 1706 erbasis
519 1680 554 1707 G.
569 1680 599 1707 2.
636 1678 765 1706 erbaria·
780 1683 851 1707 <nec
864 1676 1036 1706 herboreis
1049 1683 1082 1707 ut
1096 1683 1249 1713 excerpta
1263 1682 1459 1714 praebebant
1469 1681 1548 1708 Oud.
1563 1684 1592 1709 et
1607 1676 1660 1719 Ο.)
1687 1684 1735 1709 est
1748 1681 1782 1709 in
1796 1682 1832 1710 G.
1843 1683 1871 1711 1.

70 1720 229 1751 herbosos
240 1725 355 1752 Venet.
369 1726 398 1753 4.
435 1724 469 1751 in
483 1728 558 1752 ante
571 1723 642 1760 ipso
667 1725 870 1753 desideratur
882 1724 916 1752 in
930 1725 966 1752 B.
1002 1725 1073 1759 ipsu
1088 1726 1178 1753 abest
1193 1726 1258 1753 aB.
1283 1725 1423 1753 Scriver.
1439 1726 1532 1754 uncis
1546 1725 1691 1754 inclusit.
1727 1724 1873 1762 rosidip.

69 1768 207 1805 gentinis
221 1770 335 1799 venet.
348 1771 378 1798 4.
414 1768 574 1807 germinis
586 1770 688 1798 Bas-il.
707 1771 734 1798 1.
782 1768 946 1806 requievit
961 1770 999 1797 R.
1014 1769 1034 1798 s.
1049 1767 1079 1797 δ.
1121 1768 1257 1805 placida
1278 1769 1438 1806 resurgit.
1473 1772 1510 1798 ln
1530 1771 1681 1799 omnibus
1701 1771 1821 1807 legitur
1841 1776 1873 1801 et

71 1814 161 1842 codd.
175 1817 206 1842 et
224 1815 294 1843 edd.
310 1814 374 1842 nisi
387 1815 468 1849 quod
478 1815 591 1843 Vener.
607 1817 636 1843 4.
661 1812 852 1851 placidiore
866 1815 977 1851 surgit
989 1816 1096 1843 hahet.
1121 1816 1209 1850 Quae
1223 1815 1316 1843 nodie
1330 1815 1362 1843 in
1378 1816 1488 1843 multis
1501 1816 1570 1843 edd.
1585 1819 1673 1844 extat
1688 1817 1784 1844 lectio
1792 1815 1873 1852 pla-

71 1856 196 1886 eidiore
208 1859 374 1896 resurgit,
400 1867 567 1894 perperam
580 1868 600 1888 a
612 1860 690 1888 Bas.
706 1862 735 1888 2².
751 1860 899 1894 profluxit
914 1864 942 1887 et
963 1863 1048 1887 extat
1064 1860 1096 1887 in
1116 1860 1206 1889 Colv.
1219 1861 1314 1888 vute.
1327 1861 1438 1888 u‘ow.
1454 1861 1538 1888 Prie.
1560 1859 1647 1887 citro
1662 1862 1701 1890 D.
1748 1860 1872 1890 lacli’ce

72 1905 106 1932 G.
124 1905 153 1932 1.
167 1911 187 1932 a
200 1912 230 1938 p.
243 1911 285 1932 m.
327 1903 536 1940 perlucidum
551 1905 586 1933 F.
600 1906 631 1932 3.
647 1907 683 1933 G.
698 1906 728 1932 2.
754 1900 873 1942 (neque
888 1903 1061 1940 perlucide
1080 1908 1111 1932 ut
1131 1905 1164 1933 in
1185 1905 1264 1933 Oud.
1284 1906 1414 1933 schedis
1434 1910 1502 1934 erat
1522 1907 1559 1934 D.
1580 1905 1602 1933 s.
1627 1906 1703 1934 Bas.
1722 1908 1748 1935 1.
1768 1914 1870 1941 marg.

65 1946 237 1984 placidum
251 1950 287 1977 F.
301 1950 331 1978 1.
343 1951 382 1978 R.
397 1951 434 1978 G.
449 1952 478 1978 1.
493 1951 607 1978 Venet.
621 1951 652 1978 2.
674 1950 779 1978 Basil.
794 1952 823 1978 2.
839 1950 928 1978 Colv.
942 1950 1082 1978 Vulcan.
1099 1954 1132 1977 ut
1152 1954 1251 1978 testes
1264 1954 1339 1978 sunt
1351 1951 1436 1978 Elm.
1450 1954 1479 1978 et
1493 1951 1572 1979 Oud.
1597 1951 1661 1978 Sed
1675 1958 1871 1986 quamquam

70 2001 143 2022 mea
154 1994 368 2029 Lindenbrog.
383 1995 513 2023 collatio
526 1994 612 2023 idem
624 1997 819 2030 comprobat,
846 1995 880 2023 in
893 1996 1001 2023 collat.
1017 1999 1123 2023 tamen
1137 1996 1177 2022 ad
1190 2002 1290 2030 marg.
1303 1996 1352 2023 ed.
1368 1996 1458 2024 Cuiv.
1472 1996 1506 2024 in
1519 1996 1555 2024 P.
1571 1996 1605 2024 F.
1623 1997 1651 2025 1.
1665 2000 1695 2025 et
1708 1998 1744 2026 B.
1759 2000 1870 2033 aperte

69 2039 135 2074 legi
141 2037 352 2076 perlucidum
365 2039 537 2068 indicatur.
579 2038 745 2076 placitum
760 2040 863 2068 Basil.
877 2041 907 2069 2.

128 2147 225 2186 Car.
250 2147 278 2187 I.
319 2153 432 2188 tanta
463 2151 612 2188 mentis.
673 2149 860 2188 Gruterus
884 2153 938 2187 te-

70 2218 176 2243 mere
201 2205 364 2243 taudem
387 2207 526 2245 mentis
559 2207 595 2244 in
626 2206 745 2256 Susp.
771 2205 876 2245 Vlll.
901 2210 937 2246 2.

70 2260 262 2299 emendat.
294 2260 556 2312 Subintelligit
576 2263 676 2300 enim
695 2275 793 2307 eam,
821 2276 938 2313 quan-

68 2320 147 2356 tam
170 2321 285 2355 antea
308 2316 577 2368 descripserat.

121 2373 298 2425 placido
316 2375 496 2426 resuryit
507 2376 651 2414 animo.
701 2373 829 2426 [Hanc
843 2379 936 2426 optt.

52 2428 184 2469 codd.
209 2429 413 2468 lectionem
436 2430 472 2468 in
499 2435 679 2470 contextu
702 2431 939 2470 reddendam

68 2486 208 2532 curavi,
234 2499 349 2537 quum
373 2487 532 2524 alteram
550 2488 794 2539 placidiore
811 2501 938 2528 resur-

67 2543 136 2594 yit
166 2555 216 2580 ex
251 2556 372 2595 prava
403 2544 701 2594 praepositionis
729 2557 771 2582 re
800 2545 937 2595 repeti-

54 2599 172 2637 .tione
209 2603 380 2638 exortam
417 2613 509 2638 esse
541 2600 709 2638 dilucide
739 2605 936 2651 appareat.

70 2654 236 2694 Accedit
259 2669 392 2706 porro,
423 2656 528 2707 quod
552 2657 745 2708 positivus
771 2656 832 2695 hic
855 2670 936 2695 nia-

50 2710 188 2756 ‚iorem
218 2712 294 2749 vim
323 2712 469 2751 habere
496 2712 662 2758 videtur,
695 2713 758 2764 qui
783 2726 832 2751 ex
856 2717 937 2752 tota

52 2767 183 2810 Γίδιιὶιιιί
216 2769 500 2819 perturbatione
531 2770 709 2808 sedatam
739 2773 778 2807 et
808 2768 935 2820 placa-

51 2825 148 2866 tam
172 2823 312 2871 fuisse,
338 2823 538 2876 Psychem
562 2826 760 2864 timentem
784 2825 934 2873 indicat,

51 2889 187 2928 rquum
216 2880 302 2919 forti
331 2882 456 2920 animo
483 2882 610 2920 domui
639 2883 768 2932 regiae
799 2895 934 2934 appro-

53 2933 245 2985 pinquet,
281 2938 460 2988 omnique
491 2939 627 2976 timore
657 2937 830 2986 abiect03
872 2939 935 2977 vel

71 2988 225 3040 singula
258 2994 341 3032 eius
371 2995 601 3046 perscrutari
630 2998 796 3033 conetur.
854 2994 935 3035 Iam

73 3042 243 3088 oremus
272 3062 360 3089 eam
390 3051 618 3102 scripturam
643 3052 678 3089 in
709 3050 799 3089 edit.
824 3065 935 3090 suam

72 3103 231 3155 recepit,
247 3106 340 3145 miro
353 3120 479 3146 errore
493 3107 695 3158 deceptus,
721 3107 824 3158 quod
837 3107 937 3147 hanc

955 2037 1041 2067 luc-1⁸8
1055 2041 1091 2068 G.
1108 2041 1136 2068 1.
1149 2047 1170 2068 a
1182 2047 1221 2068 m.
1236 2048 1268 2075 p.
1314 2038 1499 2068 meditullio
1512 2042 1551 2070 D.

998 2148 1202 2188 lectionem
1215 2150 1420 2189 retinuisse
1434 2150 1524 2189 dicit
1538 2151 1869 2204 Oudendorpium,

997 2219 1112 2256 quem
1144 2221 1309 2245 errorem
1340 2207 1455 2259 culpa
1479 2207 1703 2247 Ruhnkeuii
1727 2209 1868 2248 admis-

995 2275 1082 2301 sum
1108 2276 1202 2301 esse
1226 2263 1404 2317 seimus]

1053 2321 1250 2359 consitum
1282 2319 1346 2371 [cf.
1373 2320 1508 2360 Heins.
1535 2321 1703 2361 Advers.
1729 2327 1805 2362 not.
1832 2323 1869 2361 in

994 2373 1172 2428 Propert.
1203 2375 1270 2416 IV.
1296 2381 1332 2417 4.
1360 2381 1396 2418 3.
1429 2378 1465 2415 in
1497 2377 1664 2418 Advers.
1694 2393 1730 2431 p.
1759 2383 1869 2426 745„

997 2432 1060 2470 ubi
1098 2432 1160 2470 hic
1192 2432 1300 2471 locus
1331 2435 1547 2474 accuratius
1579 2435 1772 2487 exemplis
1802 2435 1868 2474 ad-

996 2489 1219 2542 umbratur]

1050 2549 1206 2598 fontem
1219 2547 1344 2585 vitreo
1359 2547 1480 2587 latice
1488 2549 1764 2599 perlucidum.
1790 2548 1868 2587 Va-

994 2602 1092 2640 riant
1117 2602 1230 2641 codd.
1255 2603 1289 2641 iu
1316 2604 1516 2655 scripturis
1539 2605 1802 2656 perlucidum
1828 2610 1867 2643 et

989 2659 1225 2710 placidum,
1258 2661 1321 2711 qui
1353 2673 1456 2698 error
1485 2660 1575 2698 inde
1601 2661 1749 2699 videtur
1774 2674 1867 2700 esse

994 2714 1269 2766 explicandus,
1302 2716 1405 2766 quod
1437 2715 1544 2767 prius
1573 2716 1804 2756 vocabulum
1828 2719 1866 2757 iu

995 2770 1115 2810 Codd.
1141 2773 1254 2810 scribi
1276 2771 1624 2824 solet-placidum.
1672 2773 1771 2813 Hinc
1791 2788 1866 2814 non

993 2828 1268 2889 animadversa
1292 2828 1436 2867 lineola
1462 2829 1551 2867 fecit
1578 2829 1752 2868 librarius
1774 2830 1865 2883 pla·

995 2885 1141 2923 ciclum.
1202 2884 1281 2923 Iam
1314 2889 1420 2924 extat
1450 2886 1485 2922 in
1516 2884 1638 2924 Bas-it.
1671 2890 1706 2927 2.
1728 2887 1864 2939 placi·

993 2945 1085 2980 tum.
1145 2940 1228 2979 Sed
1252 2941 1365 2980 male.
1425 2940 1512 2979 Non
1539 2943 1639 2980 enim
1665 2956 1775 2982 mens
1800 2957 1864 2982 au-

993 2996 1109 3035 ctoris
1134 2997 1262 3036 adhuc
1287 3002 1349 3036 est
1381 2997 1525 3043 dicere,
1558 2998 1650 3049 quid
1678 2998 1866 3050 placuerit

992 3051 1193 3103 Psychae,
1212 3053 1286 3092 sed
1305 3054 1532 3105 simpliciter
1550 3054 1624 3093 loci
1639 3055 1863 3108 descriptio-

994 3122 1082 3148 nem
1103 3110 1322 3161 elegantem
1343 3123 1572 3164 proponere.
1622 3110 1747 3164 [Idem
1762 3126 1864 3152 error

1471 3177 1527 3220 20
