2221 3667
308 138 417 180 1044

308 425 398 457 tum.
438 418 588 457 Erravit
612 432 717 464 vero,
744 418 848 469 quod
875 418 1090 465 crediderit,
1116 431 1178 456 se—

309 475 434 514 cundo
463 475 547 512 loco
574 488 660 512 eam
687 488 825 513 vacare
851 488 983 526 posse.
1033 474 1072 512 ln
1098 474 1177 512 ΜΞ.

308 531 411 569 Pith.
438 545 506 582 pro
532 536 664 570 votum
691 537 752 568 est
776 545 928 577 vocmn,
954 533 988 569 in
1005 531 1179 569 Florent.

310 587 485 626 d’Orvill.
500 586 674 637 Lipsian.
691 586 763 626 Ed.
782 587 967 627 Beroald.
988 589 1180 640 inqestaS.

308 644 410 683 Hinc
441 643 601 682 coniicio
635 644 790 683 litteras
821 658 962 683 vocum
986 645 1178 682 intextas.

308 700 412 739 Nam
439 701 602 738 carbaso
635 701 800 738 intextas
833 700 958 738 fuisse
990 700 1063 737 iam
1089 700 1183 737 vidit

309 757 496 796 Beroald.
528 761 567 794 et
598 770 682 794 cum
714 771 761 795 eo
794 756 1000 795 Baudelot.
1031 758 1066 794 in
1100 756 1181 794 ltin.

311 813 405 852 Util.
431 812 477 852 T.
505 812 546 850 ll.
579 827 615 864 p.
644 818 737 853 543.
797 813 840 850 Si
877 813 1003 851 minus
1040 813 1182 864 placet,

311 884 453 909 vocum
478 870 687 908 abiiciatur.
736 870 850 907 Certe
879 875 1012 909 votum
1041 869 1104 907 hic
1131 869 1182 907 lo-

313 940 398 964 cum
424 940 497 963 nou
526 925 653 964 habet.
700 926 878 977 [Optima
893 926 991 964 haec
1005 930 1067 964 est
1081 925 1183 964 Oud.

314 982 554 1026 emendatio,
592 996 706 1032 quam
739 984 874 1032 partim
900 987 1061 1020 secutus
1087 996 1186 1020 sum.

316 1040 500 1077 Intextas
526 1040 624 1076 bene
652 1038 779 1083 habet,
807 1052 921 1089 quum
942 1040 1055 1077 navis
1074 1040 1185 1091 inqe-

314 1101 424 1134 stmts
446 1095 703 1147 pro-qerebat
733 1096 937 1133 verborum
970 1095 1186 1133 coniunctio

316 1153 367 1189 sit
386 1151 539 1189 minime
559 1151 788 1196 tolerabilis,
811 1153 960 1189 etiamsi
980 1153 1190 1203 inqestans

316 1209 405 1246 ideo
432 1208 519 1258 quis
546 1207 749 1253 defendat,
782 1208 887 1258 quod
913 1205 1016 1254 ἅπαξ
1040 1205 1189 1259 λεγόμέ-

316 1280 379 1303 νον
403 1265 472 1309 sit,
509 1264 646 1302 eadem
675 1265 820 1302 ratione
846 1278 922 1314 qua
942 1269 1191 1316 proqestans

317 1321 483 1360 ‘nucleos
516 1320 611 1359 Met.
643 1319 711 1359 Vl.
742 1334 779 1371 p.
812 1324 904 1360 439.
938 1321 987 1359 ab
1018 1320 1189 1371 Apuleio

319 1379 467 1415 noviter
487 1376 703 1415 formatum.
748 1378 899 1417 Vocum
918 1381 1061 1423 tamen.
1088 1376 1192 1427 quod

320 1433 422 1471 Oud.
444 1446 494 1470 ex
516 1432 614 1471 Pith.
637 1434 793 1484 recepit,
819 1434 1000 1484 equidem
1026 1434 1193 1484 probare

322 1503 488 1540 nequeo,
513 1503 587 1528 non
615 1489 851 1540 intelligens,
879 1504 979 1540 quae
1006 1491 1103 1527 istae
1127 1503 1193 1526 vo-

323 1543 391 1584 ces
417 1546 513 1591 sint,
544 1550 669 1583 utrum
700 1546 832 1597 populi
858 1546 1193 1585 circumadstantis

322 1603 386 1640 vel
411 1602 672 1646 sacerdotum,
698 1603 762 1652 pia
782 1607 871 1640 vota
892 1603 1193 1653 adprecantium.

324 1658 407 1697 Eas
444 1659 544 1696 enim
583 1672 699 1696 voces
731 1664 847 1697 antea
877 1660 911 1696 in
945 1660 1108 1696 carbaso
1142 1660 1194 1695 in-

324 1719 454 1753 textas
492 1715 616 1752 fuisse
653 1715 716 1751 vix
754 1715 939 1753 credibile
976 1720 1048 1753 est.
1097 1714 1196 1752 Hinc

325 1771 529 1809 emendavi
563 1772 645 1809 voti
669 1772 865 1817 intextus,
904 1771 1006 1821 quod
1040 1775 1079 1808 et
1109 1784 1195 1821 pro-

324 1833 410 1879 pter
441 1828 600 1878 primam
632 1829 835 1876 sequentis
866 1828 1044 1865 vocabuli
1075 1827 1196 1878 sylla-

325 1885 413 1922 bam
439 1888 477 1921 et
503 1884 604 1922 idem
631 1885 665 1921 in
692 1897 804 1934 seqq.
827 1884 1054 1922 vocabulum
1082 1883 1197 1921 facile

326 1943 362 1979 in
400 1945 533 1980 ¹votnm
570 1940 676 1977 abire
712 1945 873 1991 poterat.
936 1940 1020 1978 Nisi
1065 1946 1197 1980 votum

324 1997 443 2049 paulo
470 2001 561 2048 post
593 1997 805 2047 legeretur.
842 2002 881 2035 et
912 1997 1111 2048 probabile
1137 2011 1197 2034 es-

327 2058 401 2098 set,
426 2067 542 2091 unum
568 2054 832 2092 tantummodo
860 2058 988 2091 votum
1016 2068 1083 2105 pro
1109 2054 1199 2091 novi

328 2115 567 2148 commeatus
610 2124 800 2161 prospera
843 2111 1085 2160 navigatione
1123 2124 1200 2148 car-

328 2168 426 2205 baso
454 2166 577 2204 fuisse
603 2167 808 2212 intextum,
846 2172 977 2206 votum
1003 2181 1071 2218 pro
1096 2168 1200 2217 geni-

327 2225 405 2260 tivo
443 2222 640 2260 habuerim
687 2228 901 2269 contracto,
940 2237 1053 2273 quem
1091 2224 1199 2276 Apu-

328 2280 430 2317 leius
456 2280 490 2316 in
518 2279 669 2317 deliciis
694 2279 825 2318 habet.
873 2281 927 2318 At
952 2280 1200 2318 nihilominus

329 2336 479 2381 dubito,
522 2336 596 2374 hac
633 2337 890 2387 qualicunque
928 2338 1200 2376 emendatione

328 2392 456 2431 locum
490 2392 656 2430 nondum
689 2406 782 2430 esse
812 2398 1011 2439 sanatum,
1049 2395 1085 2432 in
1125 2408 1199 2444 quo

330 2449 578 2501 desperatius
624 2449 766 2488 vulnus
814 2450 965 2488 videtur
1013 2450 1199 2503 latitare]

329 2506 393 2544 De
419 2506 612 2543 sententia
640 2503 711 2543 loci
739 2519 851 2544 nemo
872 2506 1035 2544 haerere
1055 2512 1200 2558 potest.

329 2561 650 2600 Indicavit‘enim
689 2562 906 2614 ApuleiuS‚
951 2564 1055 2602 illius
1091 2564 1201 2602 navis

329 2619 533 2657 carbasum
567 2619 691 2657 fuisso
717 2625 889 2657 ornatam
916 2625 954 2658 et
979 2621 1198 2671 insignitam

330 2676 485 2720 litteris,
518 2689 618 2726 quae
643 2676 890 2714 continebant
915 2682 1064 2723 votum,
1096 2677 1200 2728 quod

330 2733 365 2769 in
398 2732 471 2769 hac
502 2732 751 2770 solemnitate
795 2732 953 2783 proferri
985 2734 1142 2772 solebat
1179 2747 1201 2770 a

327 2788 475 2841 populo
513 2792 551 2825 et
585 2789 881 2834 sacerdotibus,
929 2790 980 2828 de
1017 2804 1092 2841 quo
1129 2791 1200 2827 ritu

329 2844 432 2882 Oud.
471 2845 523 2883 ita
561 2845 737 2897 exponit:
777 2846 843 2884 Sic
875 2847 909 2884 in
944 2860 1096 2885 nummo
1125 2845 1200 2884 Ha-

330 2901 448 2939 driani
475 2903 583 2939 navis
611 2915 707 2940 cusa
732 2902 880 2940 litteras
907 2903 1025 2942 habet
1055 2904 1089 2941 in
1113 2903 1200 2941 velo

331 2957 530 2998 SALUS.
564 2959 698 2998 AUG.
731 2972 780 2997 ex
817 2958 954 2997 indicio
993 2960 1202 2998 Stewechii

328 3015 378 3051 ad
407 3014 546 3064 Veget.
574 3015 620 3054 Υ.
651 3019 713 3055 13.
752 3015 791 3053 ln
818 3029 972 3054 nummo
1000 3015 1202 3055 Commodi

331 3070 472 3107 classis
512 3075 621 3122 portu
660 3072 869 3122 egrediens
912 3073 1080 3123 pingitur
1116 3087 1202 3112 cum

332 3126 465 3166 litteris
498 3128 665 3169 VOTIS
699 3129 1032 3171 FELICIBUS.
1081 3129 1201 3169 Immo

563 137 612 178 L.
636 137 863 176 APULEII
888 135 1289 175 MADAURENSIS
1313 136 1855 178 METAMORPHOSEON

217 253 280 287 787
307 262 494 303 prospera
527 248 796 301 navigatione.
839 246 846 303 1
889 246 971 287 Iam
1003 247 1128 288 malus
1170 247 1363 302 insurgit,
1398 248 1510 302 pinus
1541 249 1731 299 rotunda,
1771 250 1974 303 splendore
2013 248 2101 289 sub-

1237 420 1272 458 in
1312 433 1464 458 nummo
1506 418 1636 457 iuliani
1680 418 1855 457 navicula
1898 425 2105 471 comparet,

1236 477 1270 513 in
1311 490 1385 526 qua
1422 480 1500 513 stat
1533 477 1604 515 Isis
1635 490 1720 514 cum
1758 476 2106 525 circumscriptione

1245 532 1404 571 VOTA.
1432 532 1715 571 PUBLICA.
1741 544 1791 569 ex
1811 544 1947 568 museo
1964 530 2106 569 Haver-

1237 588 1365 639 kamp.
1392 589 1442 627 ad
1468 588 1584 626 Oros.
1614 588 1697 627 Vll.
1723 592 1786 628 30.
1836 587 1953 625 Adde
1978 587 2106 626 Burm.

1240 645 1287 683 ad
1316 644 1424 682 Suet.
1455 644 1590 683 Claud.
1618 648 1684 684 20.
1709 643 1910 682 Passerat.
1925 643 1973 681 ad
1991 642 2108 694 Prop.

1241 701 1305 739 lv.
1340 705 1374 741 6.
1403 706 1466 741 41.
1505 715 1551 739 ac
1587 701 1743 751 Dialog.
1782 700 1940 738 Lucian.
1979 701 2109 738 inscri—

1240 762 1345 808 ptum
1374 760 1517 797 Πλοῖον
1543 755 1561 808 ἢ
1589 756 1719 809 Εὐχιιὶ,
1745 758 1808 794 ubi
1834 757 1949 795 docet
1975 769 2110 795 navem

1242 814 1353 855 hanc.
1381 814 1557 864 quamvis
1583 815 1632 852 de
1650 809 1912 852 Alexandrina
1932 813 1982 850 ibi
2009 818 2111 862 agat,

1244 870 1390 909 Isitlem
1416 871 1556 908 dictam
1583 870 1628 909 T.
1651 869 1699 907 111
1738 873 1897 921 p.251.,
1923 869 1971 908 ad
1999 883 2112 919 quem

1245 927 1371 964 locum
1392 927 1524 965 confer
1547 927 1700 965 omnino
1716 926 1826 964 Elsn.
1843 925 1989 964 Sched.
2003 929 2113 977 p.91.

1243 982 1344 1021 Hinc
1368 997 1486 1034 supra
1514 985 1663 1034 festum
1692 983 1810 1021 Isidis
1833 983 2040 1034 71aciye'u1n
2066 983 2115 1019 vi-

1246 1040 1384 1078 dimus.
1446 1039 1669 1091 lsidemque
1701 1040 1826 1090 ipsam
1859 1039 2115 1088 navigantium

1247 1097 1375 1140 deam,
1401 1097 1436 1134 in
1463 1097 1572 1134 cuius
1599 1100 1705 1134 erant
1729 1095 1851 1133 tutela
1876 1094 1941 1143 (cf.
1958 1094 2116 1132 Lucian.

1248 1153 1351 1191 Dial.
1362 1152 1488 1203 Myth.
1504 1157 1534 1192 1.
1563 1151 1856 1203 Pignor.Mens.
1868 1151 1976 1189 isiae.
1988 1165 2025 1202 p.
2040 1156 2050 1190 1
2064 1154 2117 1199 0.)

1248 1213 1286 1247 et
1313 1209 1398 1247 hinc
1423 1210 1458 1247 in
1486 1211 1668 1260 emporiis
1688 1208 1843 1252 cultam.
1868 1213 1907 1245 ut
1925 1208 2040 1245 docet
2052 1207 2118 1244 Yi-

1248 1271 1342 1303 truv.
1377 1265 1402 1304 l.
1436 1270 1473 1305 7.
1505 1266 1685 1303 existimo
1718 1270 1895 1303 vocatam
1930 1264 2119 1303 Navisal·

1250 1324 1364 1361 vinni.
1402 1322 1504 1359 Vide
1520 1321 1693 1373 lnscript.
1709 1321 1845 1359 Mun-at.
1862 1334 1896 1372 p.
1912 1324 1977 1360 98.
2014 1320 2118 1358 Mus.

1251 1379 1397 1418 Veron.
1421 1392 1457 1430 p.
1485 1383 1548 1419 90.
1577 1382 1668 1418 252.
1705 1377 1847 1416 Monts.
1879 1376 2015 1428 Suppl.
2044 1378 2120 1414 An-

1251 1436 1317 1486 tiq.
1346 1434 1496 1485 Explic.
1524 1434 1567 1471 T.
1595 1434 1661 1473 lv.
1688 1448 1723 1485 p.
1755 1439 1843 1473 114.
1871 1433 1935 1485 [cf.
1963 1432 2044 1471 lntt.
2073 1433 2118 1470 ad

1250 1491 1382 1529 iuven.
1409 1490 1497 1530 Xll.
1523 1495 1586 1531 28.
1637 1490 1785 1529 Schefl‘.
1816 1490 1864 1528 de
1898 1490 1957 1527 Re
1983 1489 2119 1528 Naval.

1252 1550 1287 1586 in
1320 1547 1455 1585 Polen.
1489 1547 1609 1585 Thes.
1645 1545 1689 1585 T.
1717 1547 1764 1585 V.
1798 1560 1834 1597 p.
1861 1551 1955 1587 906.
2003 1545 2122 1584 Prae-

1252 1610 1361 1642 terea
1392 1604 1440 1642 ad
1475 1617 1605 1641 eorum
1638 1604 1765 1653 magis
1798 1603 1934 1640 inclino
1971 1606 2124 1640 senten-

1252 1662 1362 1705 tiam,
1400 1661 1462 1709 qui
1499 1674 1566 1710 pro
1604 1673 1696 1698 ecce
1727 1659 1859 1697 malint
1895 1672 1981 1705 eae,
2020 1658 2122 1709 quod

1254 1730 1466 1768 pronomen
1487 1715 1664 1767 singulas
1686 1716 1968 1753 enuntiationes
1984 1715 2124 1753 arctius

1256 1774 1460 1819 connectit,
1487 1773 1550 1810 vel
1579 1772 1666 1823 lego
1692 1786 1784 1811 ecee
1809 1785 1892 1817 eae,
1919 1772 2021 1822 quod
2044 1785 2126 1822 par-

1254 1830 1410 1867 ticulam
1448 1843 1539 1869 ecce
1575 1842 1749 1880 sequens
1787 1831 1865 1867 iarn
1896 1828 2041 1866 munire
2075 1828 2126 1865 vi·

1256 1886 1420 1938 deatum]

1312 1942 1537 1994 splendore
1550 1942 1751 1981 sublimis.
1783 1943 1938 1993 insi-qni
1964 1941 2126 1980 carche-

1256 2001 1315 2037 sio
1354 2000 1592 2051 conspicua.
1653 1998 1765 2036 Vulc.
1803 1998 1863 2036 ed.
1897 2002 1932 2038 2.
1969 1997 2128 2037 sublimi

1258 2056 1444 2097 ediderat.
1471 2057 1616 2106 quippe
1630 2055 1694 2106 qui
1709 2058 1873 2105 putaret,
1897 2068 1978 2092 rem
1999 2066 2128 2106 quam·

1258 2115 1359 2164 piam
1397 2127 1469 2150 uon
1508 2125 1631 2164 posse
1657 2112 1747 2150 ,diei
1790 2111 1993 2151 sublimem
2035 2123 2129 2148 esse

1257 2169 1502 2221 splendore?
1538 2168 1645 2207 Nihil
1672 2163 1771 2206 enim
1798 2167 2048 2219 splendorem
2076 2165 2129 2204 fa·

1259 2239 1347 2263 cere
1378 2226 1427 2264 ad
1457 2226 1745 2264 sublimitatem.
1799 2224 1900 2262 Hinc
1931 2224 2045 2262 etiam
2074 2224 2130 2260 vir

1259 2283 1398 2320 doctus
1447 2283 1728 2334 adscripserat:
1777 2279 1864 2328 ἴσως
1909 2280 2131 2332 splendore

1259 2340 1437 2381 sublimi,
1474 2340 1628 2392 insiyui
1653 2338 1880 2382 carchesio,
1918 2342 1958 2376 ut
1982 2335 2129 2374 Florid.

1261 2400 1324 2436 22.
1359 2410 1540 2447 proc-ero
1566 2396 1687 2439 malo,
1725 2395 1880 2447 insigyni
1905 2393 2129 2437 carchesio,

1258 2452 1566 2504 splendentibus
1602 2452 1713 2497 reiis,
1750 2450 1930 2502 aliusque
1967 2450 2016 2488 ad
2053 2449 2130 2487 Lu-

1260 2510 1355 2548 cian.
1383 2508 1427 2547 T.
1455 2507 1516 2547 ΙΙΙ.
1542 2522 1579 2559 p.
1607 2512 1698 2548 253.
1732 2507 1968 2545 emendavit:
1999 2506 2130 2558 splen-

1260 2567 1362 2604 dore
1385 2565 1545 2604 sublimi
1575 2565 1764 2617 ivtsiynis,
1796 2564 2006 2603 carchesio
2037 2575 2131 2601 con·

1258 2624 1403 2673 spicua
1438 2622 1524 2659 sive
1565 2621 1782 2674 splendens
1819 2621 1854 2658 in
1892 2619 2131 2659 sublimitate

1258 2693 1330 2717 sua
1355 2692 1386 2717 S.
1413 2680 1623 2717 cacumine.
1673 2677 1775 2715 Oud.
1802 2677 1947 2715 mavult
1972 2676 2132 2726 insuper

1259 2748 1396 2772 vocum
1424 2734 1596 2772 ordinem
1622 2736 1809 2773 invertere
1827 2733 2048 2784 splendore
2073 2733 2129 2769 in-

1259 2793 1412 2842 siqm's,
1449 2791 1609 2830 sublimi
1645 2790 1854 2830 carchesio
1891 2789 2129 2840 conspicua,

1261 2850 1349 2898 quia
1375 2848 1615 2886 carchesium
1643 2847 1679 2885 in
1705 2847 1926 2885 summitate
1952 2844 2041 2882 mali
2066 2844 2130 2884 sit.

1263 2903 1475 2956 [Equidem
1501 2904 1612 2943 codd.
1639 2903 1840 2941 lectionem
1872 2902 2045 2939 retinens
2071 2915 2130 2940 sn-

1263 2961 1392 3000 blimis
1427 2961 1490 2999 hic
1526 2961 1751 3004 excellens,
1784 2963 2001 3010 praestans
2037 2970 2130 2995 esse

1260 3018 1405 3064 iudico,
1443 3018 1496 3056 ita
1524 3022 1566 3056 ut
1598 3017 1664 3055 illa
1693 3016 1806 3066 pinus
1836 3014 1971 3052 albore
1994 3028 2066 3052 suo
2093 3018 2131 3051 et

1261 3075 1428 3112 caudore
1454 3073 1692 3113 excelluerit.
1742 3071 1830 3117 Qua
1855 3071 2132 3121 significatione

1262 3131 1490 3170 vocabulum
1529 3130 1738 3189 aliquoties
1780 3128 1883 3185 apud
1923 3127 2053 3167 Horat.
2091 3130 2131 3167 et
