2155 3590
643 152 832 192 LIBER
859 152 910 191 X.
970 150 1097 191 CAP.
1127 149 1294 190 XVIII.

1780 145 1862 189 923

82 266 234 320 argutis
258 272 514 316 exornatum,
550 265 633 318 ipse
656 265 834 306 residens
858 263 1124 304 amantissime
1155 274 1433 314 nonnunquam
1465 258 1697 300 comissimis
1723 258 1865 297 affatur

81 321 342 363 sermonibus.
401 322 532 374 Atque
555 321 659 361 inter
683 321 759 361 alia
783 320 966 375 pleraque
990 331 1138 359 summe
1168 330 1211 357 se
1242 316 1425 358 delectari
1455 314 1730 370 profitebatur,
1762 313 1863 367 quod

83 378 278 419 haberet
267 392 308 417 m
329 376 335 434 Ι
355 390 415 418 me
440 376 555 417 simul
578 383 618 417 et
641 376 848 418 convivam
873 383 913 417 et
935 381 1147 416 vectorem.

74 482 254 543 peracutis
264 506 304 535 R.
316 505 338 535 f.
385 504 527 545 affatus
541 506 578 534 G.
592 506 622 533 2.
635 506 671 534 Ρ.
683 506 723 533 D.

81 616 272 654 instratos
303 618 411 654 ostro
435 614 619 666 alipedes
646 614 852 666 pictisque
876 617 945 652 ta-

79 671 224 723 petis.
278 668 353 722 [ad
383 683 498 721 quem
528 670 602 708 loe.
633 670 722 708 vide
754 669 881 721 Heyn.
908 671 948 706 et

81 726 154 764 Sil.
189 724 275 765 Ital.
308 725 435 765 XVII.
462 729 525 767 64.
579 725 707 764 Burm.
745 725 793 764 ad
830 724 945 763 Ovid.

79 780 293 821 Met.V111.
309 786 375 823 33.
398 781 608 834 Bulenger.
634 782 684 820 de
710 780 805 820 Circ.
829 780 944 819 Rom.

81 837 208 877 Tract.
234 838 284 876 de
309 837 433 888 Equis
458 852 490 877 c.
514 843 576 879 15.
602 839 638 876 in
664 837 808 877 Graev.
822 836 945 876 Thes.

80 893 242 945 Antiqq.
267 893 315 934 T.
328 893 398 933 IX.
423 907 462 946 p.
482 895 596 947 742]

136 951 417 991 tintinnabulis
443 952 694 1004 perargutis.
753 949 841 1003 [De
870 950 946 988 tin-

79 1006 313 1053 tinnabulis,
344 1020 528 1058 equorum
559 1007 812 1051 ornamentis,
836 1019 946 1044 accu-

78 1063 273 1101 ratissime
303 1065 382 1115 agit
418 1062 608 1102 Schefl'er.
646 1062 695 1101 de
725 1063 774 1101 R.
806 1061 944 1099 Vehic.

79 1118 109 1156 l.
142 1133 174 1157 c.
202 1123 265 1160 14.
302 1119 338 1157 in
368 1118 504 1158 Polen.
536 1119 678 1171 Suppl.
714 1117 834 1157 Thes.
865 1118 944 1156 An·

79 1176 173 1226 tiqq.
206 1173 252 1214 T.
276 1175 326 1214 V.
356 1188 394 1227 p.
424 1179 529 1217 1170
554 1188 613 1226 sq.
646 1178 686 1213 et
714 1173 760 1214 Π.
786 1188 820 1214 c.
845 1178 880 1214 2.
906 1187 944 1225 p.

82 1234 220 1277 1259..
261 1231 326 1282 qui
355 1235 478 1269 totum
508 1231 611 1270 hunc
645 1230 771 1270 locum
803 1234 946 1281 pertra-

79 1291 173 1333 ctat,
207 1287 403 1338 phaleras
450 1300 595 1326 aureas
627 1286 830 1337 explicans
867 1286 946 1336 cly-

77 1342 220 1394 peolos
245 1342 511 1388 orbiculosve‚
537 1342 675 1393 quales
695 1342 891 1393 hodieque
909 1343 944 1379 in

78 1398 205 1437 fronte
228 1412 276 1436 ac
298 1399 538 1450 temporibus
564 1399 776 1437 ornamenti
802 1411 947 1436 caussa

78 1468 128 1493 ex
151 1467 243 1493 aere
268 1454 438 1493 inaurato
463 1454 527 1493 vel
551 1454 770 1493 aurichalco
795 1454 943 1492 habere

77 1512 229 1562 equites
260 1511 497 1557 consuerint,
539 1515 693 1562 tapetes
722 1524 814 1548 vero
847 1510 942 1562 tegi-

76 1569 200 1612 mina,
231 1579 332 1618 quae
357 1567 520 1605 summis
545 1567 801 1605 insternantur
825 1568 941 1605 sarci-

76 1623 150 1669 nis,
174 1624 311 1675 partim
335 1627 377 1662 ut
399 1626 544 1673 tegant,
567 1624 704 1674 partim
730 1627 770 1660 ut
796 1627 944 1662 ornent.

77 1679 171 1718 Ideo
213 1679 344 1718 varias
384 1678 529 1718 habere
559 1679 729 1730 picturas
760 1680 941 1724 intextas,

78 1736 312 1786 quandoque
331 1735 486 1774 nomina
503 1740 542 1773 et
562 1736 727 1786 insignia
751 1735 867 1780 illius,
892 1735 942 1774 ad

79 1805 195 1842 quem
219 1793 394 1830 sarcinae
423 1795 616 1842 spectent.
668 1791 751 1829 Sed
776 1792 942 1843 pictiles

79 1849 204 1888 baltei
227 1847 376 1887 dubitat
399 1861 487 1886 num
512 1849 589 1886 sint
613 1848 752 1899 quibus
772 1847 943 1898 praecin-

78 1908 215 1954 gantur
249 1908 424 1955 pectora,
466 1905 607 1942 taeniis
643 1903 943 1942 versicoloribus

77 1961 199 1999 ornati
230 1964 296 1998 aut
332 1960 435 1998 vittis
471 1973 521 1998 ex
545 1960 634 1998 lana
663 1960 860 2005 sericove,
902 1963 944 1998 ut

73 2017 223 2069 pictile
252 2017 382 2067 signet
408 2017 581 2068 pictam,
606 2016 707 2055 sicut
727 2016 874 2069 fictile,
897 2017 942 2068 fi·

78 2077 207 2118 ctum,
244 2085 475 2124 quamquam
512 2072 707 2123 quomodo
742 2072 852 2110 aliter
888 2071 943 2110 illi

78 2128 241 2179 intelligi
277 2132 421 2179 queant
456 2128 543 2179 ipse
578 2142 653 2167 non
689 2127 819 2167 habet.
878 2127 942 2166 De

77 2184 361 2224 tintinnabulis
390 2188 592 2235 praeterea
623 2184 670 2222 cf.
697 2184 862 2224 Taubm.
892 2183 943 2223 ad

77 2240 206 2279 Plaut.
231 2239 358 2278 Poen.
381 2240 408 2279 I.
435 2244 471 2281 3.
493 2244 557 2281 98.
588 2240 674 2279 Intt.
699 2240 750 2278 ad
773 2239 942 2280 Phaedr.

79 2294 126 2336 II.
141 2300 178 2338 7.
192 2300 229 2337 5.
255 2296 305 2334 ad
329 2295 484 2335 Petron.
500 2301 567 2337 45.
590 2310 631 2349 p.
649 2299 744 2337 319.
774 2296 838 2334 De
862 2296 943 2335 Re·

78 2354 129 2405 gii
155 2353 240 2392 cod.
267 2352 436 2391 lectione
462 2354 673 2405 peracutis
696 2351 801 2392 oud.
825 2366 943 2404 expo-

77 2411 132 2448 nit
143 2409 253 2447 hisce
265 2410 412 2448 verbis:
443 2408 649 2455 Quomodo
668 2409 818 2460 passim
837 2408 944 2447 chor·

79 2467 141 2504 dis
171 2465 296 2512 lituis,
331 2465 423 2504 item
453 2465 643 2516 cymbalis
679 2469 719 2504 et
747 2465 944 2516 tympanis

79 2523 131 2561 al.
153 2522 325 2560 tribuitur
358 2523 528 2561 tinnitus
551 2526 715 2567 acutas,·
739 2520 789 2560 cf.
808 2520 941 2561 Burm.

78 2577 130 2616 ad
153 2576 240 2616 Val.
266 2577 400 2617 Flacc.
414 2577 480 2616 vl.
499 2581 589 2618 107.
614 2577 684 2617 Dr.
696 2578 748 2616 ad
761 2577 830 2616 Sil.
851 2577 937 2617 XII.

81 2638 174 2674 182.
197 2633 331 2673 Horat.
346 2635 427 2672 Sat.
441 2633 469 2673 1.
483 2636 518 2674 8.
533 2638 597 2674 41.
628 2635 711 2672 Art.
725 2632 940 2674 Poet 348.

77 2689 196 2730 Od.l.
212 2694 275 2732 16.
290 2694 328 2731 8.
358 2689 474 2729 Ovid.
488 2689 595 2728 Fast.
609 2689 678 2730 lV.
697 2693 790 2730 189.
822 2689 939 2741 Apul.

77 2746 175 2785 Met.
195 2745 246 2785 X.
266 2759 304 2798 p.
320 2751 412 2787 741.
450 2747 617 2786 tinnitus
640 2751 826 2792 acutos,
852 2745 945 2785 Flo-

77 2803 146 2842 rid.
159 2807 280 2855 p.11.
304 2808 453 2844 acuto
479 2803 637 2842 tinnitu.
691 2802 775 2840 Sed
798 2802 863 2840 vel
886 2803 946 2842 sic

77 2872 187 2897 mera
208 2863 273 2898 est
295 2859 433 2911 glossa
455 2859 642 2909 vulgatae
671 2858 781 2897 vocis
804 2871 945 2910 perar-

77 2917 201 2968 9utis,
220 2928 321 2968 quae
339 2916 636 2968 elegantissime
655 2928 835 2955 canorum
855 2915 946 2966 quid

1003 616 1043 650 et
1061 624 1244 649 sonorum
1263 622 1310 648 ac
1332 609 1523 660 garrulum
1542 608 1739 658 significat.
1766 607 1868 645 Vide

1004 668 1114 706 Serv.
1139 667 1189 706 ad
1212 664 1411 705 Aen.VlI.
1431 669 1491 705 14.
1517 663 1613 702 Met.
1628 663 1696 703 XI.
1721 677 1756 714 p.
1773 667 1866 704 759.

1003 737 1162 764 aereum
1186 722 1499 775 crepitaculum‚
1537 721 1650 759 caius
1681 720 1868 772 viryzclae

1002 779 1233 818 reddebant
1255 782 1483 830 aryutum
1507 788 1704 816 sonorem.'
1726 778 1866 826 p.773.

1002 836 1130 875 aereis
1153 836 1280 875 sistris
1304 838 1531 887 aryatnm
1561 833 1749 871 tinnitum
1774 845 1867 870 con-

1002 895 1232 989 strgpentes.
1280 890 1352 929 Sil.
1389 889 1472 929 Ital.
1503 887 1628 927 XVII.
1663 891 1726 928 18.
1761 885 1866 925 XIII.

1004 952 1056 989 43
1088 978 1097 987 .

1060 1030 1313 1066 exornatum.
1378 1023 1528 1063 Eadem
1565 1022 1645 1061 fere
1682 1034 1869 1072 equorum

1003 1086 1227 1122 ornamenta
1251 1081 1434 1121 describit
1457 1078 1577 1131 Apul.
1601 1079 1651 1118 (le
1677 1078 1766 1117 Deo
1795 1078 1868 1116 So-

1004 1142 1095 1178 crat.
1123 1153 1162 1191 p.
1185 1138 1293 1180 172..
1331 1137 1476 1190 Neque
1500 1137 1669 1175 enimin
1694 1135 1869 1174 emendis

1003 1196 1117 1248 equis
1130 1194 1328 1247 phaleras
1347 1193 1662 1238 consideramus,
1687 1196 1725 1230 ct
1744 1190 1869 1230 baltei

997 1251 1204 1317 polimina
1237 1251 1473 1302 inspicimus
1509 1253 1547 1288 et
1591 1248 1868 1287 ornatissimae

1004 1308 1170 1348 cervicis
1195 1307 1357 1346 divitias
1382 1305 1722 1356 contemplamur,
1756 1304 1790 1342 si
1815 1316 1869 1341 ea·

1003 1367 1177 1415 arqento
1202 1367 1240 1401 et
1262 1376 1367 1401 auro
1390 1361 1560 1400 monilia
1584 1361 1722 1400 variae
1739 1372 1868 1412 yazae

1003 1419 1254 1470 dependent,
1289 1419 1322 1456 si
1349 1418 1476 1469 plena
1507 1418 1610 1456 artis
1634 1419 1868 1454 (ornamenta

1002 1475 1132 1527 capiti
1156 1479 1194 1513 et
1218 1473 1328 1513 collo
1348 1474 1649 1517 circumiacent,
1686 1472 1720 1511 si
1744 1473 1868 1522 frena

1002 1531 1154 1577 celata,
1190 1531 1226 1569 si
1260 1529 1462 1582 ephippia
1494 1529 1661 1578 fucata,
1699 1526 1868 1579 cinyala

1000 1591 1150 1627 aurata
1173 1591 1277 1626 sunt.
1330 1584 1434 1625 Gell.
1468 1583 1517 1622 de
1542 1583 1722 1623 Antioch.
1753 1582 1804 1621 V.
1829 1586 1867 1622 5.

1001 1643 1229 1683 inducebat
1253 1644 1397 1682 etiam.
1434 1642 1700 1694 .equitatam‚
1723 1639 1867 1690 frenis,

1000 1700 1225 1751 ephippiis,
1262 1698 1495 1743 monilibus,
1526 1697 1715 1748 phaleris
1746 1708 1869 1748 prae·

996 1755 1239 1808 falyentem.
1278 1753 1504 1793 Philostrat.
1530 1752 1560 1794 I.
1585 1756 1650 1793 20
1681 1750 1868 1817 φαλάροις

1000 1827 1116 1850 ιππον
1169 1808 1362 1861 κοσμήσας
1409 1808 1539 1860 ὥσπερ
1592 1811 1642 1855 εἰς
1694 1818 1866 1859 πομπην·

1001 1867 1143 1906 Achill.
1170 1866 1254 1905 Tat.
1280 1865 1307 1904 I.
1336 1870 1400 1907 10.
1436 1862 1694 1912 ἐκαλλώπιζον
1724 1861 1768 1903 τὸ
1799 1877 1867 1902 πο-

1000 1922 1112 1977 πηρὸν
1141 1922 1276 1974 θηρίον
1301 1923 1607 1975 προστερνιδίοις
1633 1935 1868 1987 προμετωπι-

999 1981 1102 2027 δίοις,
1128 1977 1316 2031 φα2αροις
1346 1977 1534 2032 ἀργυροῖς,
1540 1985 1715 2045 χρυσαῖς
1738 1974 1868 2028 ἡνίαις.

999 2036 1122 2075 Basil
1149 2037 1184 2074 in
1215 2034 1361 2075 Homil.
1409 2033 1457 2081 εἰς
1486 2031 1572 2080 τοὺς
1602 2035 1868 2077 πλουτοῦντας.

998 2095 1070 2145 χα2
1074 2109 1104 2131 ιι
1107 2107 1142 2131 οι
1166 2108 1229 2131 και
1254 2091 1366 2139 ζωναι
1391 2107 1452 2130 και
1474 2089 1720 2144 περιδέῥραια
1744 2087 1870 2128 πάντα

999 2147 1159 2201 αρῃυρᾶ,
1212 2146 1338 2187 πάντα
1388 2145 1662 2217 χρυσόπαστα,
1707 2141 1871 2196 τάπητες

999 2204 1193 2257 ἀλουργοὶ,
1219 2204 1444 2256 κοσμοῦντες
1469 2202 1607 2248 ἱππους
1632 2197 1763 2254 ὥσπερ
1786 2217 1869 2253 νυμ-

1000 2263 1117 2314 φίου·
1165 2260 1277 2300 Haec
1301 2259 1486 2312 exempla
1509 2259 1669 2312 protulit
1692 2257 1793 2297 Prie.

1055 2356 1263 2391 vectorem.
1313 2349 1496 2402 [Lucian.
1521 2363 1553 2388 c.
1579 2353 1645 2415 49.
1680 2345 1700 2388 ὁ
1727 2348 1769 2387 δὲ
1793 2348 1869 2387 Me·

999 2409 1130 2459 νεκ2.ῆ,·
1164 2407 1184 2446 ὁ
1221 2404 1405 2473 δεσπότης
1440 2403 1564 2457 ἡμῶν,
1601 2401 1730 2457 ὥσπερ
1765 2402 1867 2471 ἔφην’,

1000 2468 1040 2504 ἐκ
1064 2465 1129 2515 τῆς
1157 2462 1435 2514 Θεσσαλονίκης
1464 2463 1573 2514 δεῦρο
1603 2459 1782 2512 ἐληλύθει
1805 2457 1864 2499 ἐπ

997 2519 1099 2572 αἰτία
1100 2517 1296 2601 ξτοιαύτῃ
1327 2517 1510 2571 ὑπέσχετο
1533 2518 1579 2569 τῇ
1597 2520 1750 2569 πατρίδι
1770 2515 1869 2555 θέαν

997 2576 1170 2631 παρέξειν
1194 2575 1358 2628 ἀνδρῶν,
1391 2573 1524 2620 ὅπλοις
1553 2571 1649 2627 πρὸς
1680 2570 1869 2622 ἀλληλου,

996 2641 1220 2686 μονομαχεῖν
1255 2629 1426 2672 εἰδότων·
1469 2632 1533 2670 καὶ
1568 2630 1602 2670 οἱ
1637 2630 1704 2681 μὲν
1739 2626 1869 2678 ἄνδοες

997 2692 1062 2740 τῆς
1096 2688 1216 2743 μάχης
1250 2686 1323 2740 ἤδη
1357 2684 1454 2740 ἦσαν
1490 2685 1525 2726 ἐν
1554 2686 1774 2738 παρασκευῇ
1806 2686 1870 2722 καὶ

1001 2743 1139 2797 ἀφῖκτο
1187 2744 1207 2797 ἦ
1257 2747 1402 2797 ποοεία.
1450 2740 1690 2795 ἐξελαύνομεν
1738 2740 1800 2780 ἔω
1795 2747 1869 2779 ‘mm

1001 2800 1105 2854 καγὼ
1129 2799 1195 2841 τὸν
1219 2799 1404 2852 δεσπότην
1434 2798 1582 2852 ἔφερον,
1619 2798 1660 2838 εἶ’
1680 2812 1772 2836 ποτε
1801 2812 1870 2849 χω

1001 2859 1080 2910 ρίον
1103 2855 1159 2909 εἴη
1181 2858 1247 2908 τῆς
1271 2855 1364 2897 ὁδοῦ
1392 2853 1509 2921 τραχὺ
1542 2871 1605 2895 και
1633 2862 1710 2901 τοῖς
1734 2850 1869 2906 ὐχημα-

1002 2929 1060 2954 σιν
1084 2912 1281 2966 ἐπιβαίνειν
1304 2909 1497 2967 χαλεπόν]

1889 374 1923 412 l‘'
1934 374 1986 413 l¹9]
