2155 3590
561 89 749 133 LIBER
772 91 847 134 IX.
905 91 1032 133 CAP.
1061 92 1181 132 XVI.
1208 91 1349 132 XVII.
1798 91 1875 133 791

98 207 324 248 adulescens
343 213 382 247 et
406 206 602 246 formosus
627 213 666 247 et
689 204 860 247 liberalis
885 212 925 247 et
948 212 1148 256 strenuus,
1176 212 1216 246 et
1239 211 1376 245 contra
1400 203 1629 245 maritorum
1655 202 1877 243 inefficaces

96 263 316 317 diligentias
342 262 700 303 constantissimus!
730 263 869 316 dignus
895 262 1071 303 hercules
1096 262 1202 302 solus
1222 261 1391 300 omnium
1411 268 1679 300 matronarum
1700 259 1846 300 deliciis
1865 258 1871 313 ί

95 319 260 374 perfrui:
286 318 426 372 dignus
450 319 556 359 solus
582 332 765 359 coronam
793 332 951 359 auream
977 318 1101 372 capite
1127 324 1296 380 gestare
1302 316 1366 357 vel
1385 317 1433 356 ob
1453 316 1608 356 unicum
1629 316 1748 366 istud,
1777 316 1875 368 quod

95 389 198 415 nunc
234 388 356 428 nuper
390 374 430 414 in
466 375 668 428 quemdam
704 375 921 429 zelotypum
959 375 1141 414 maritum
1177 372 1322 413 eximio
1359 372 1485 412 studio
1522 379 1762 413 commentus
1799 378 1873 411 est.

93 430 198 472 Audi
222 431 386 484 denique
411 437 450 471 et
473 438 691 471 amatorum
717 431 914 472 diversum
938 431 1138 485 ingenium
1164 441 1360 483 compara.

620 601 1057 650 CAPUT
1146 599 1343 648 XVII.

201 733 318 775 Nosti
349 734 549 789 quemdam
582 733 823 785 Barbarum,
863 740 1023 774 nostrae
1055 732 1225 773 civitatis
1251 731 1521 782 decurionem,
1551 745 1664 785 quem
1689 729 1873 784 Scorpio-

89 805 175 831 nem
202 804 294 845 prae
319 806 469 832 morum
495 791 711 832 acritudine
736 790 878 845 vulgus
903 790 1085 844 appellat.
1113 789 1188 830 Hic
1213 803 1378 829 uxorem
1405 801 1638 842 generosam
1664 794 1702 828 et
1726 787 1874 827 eximia

87 917 280 946 adolescens
294 920 330 948 G.
345 921 375 948 2.
389 920 427 948 D.
452 918 648 947 adolescens
662 921 697 948 G.
714 921 742 948 1.
789 918 986 946 meritorum
999 918 1079 947 (¹011.
1092 918 1188 946 Voss.
1236 916 1326 945 solas
1340 920 1414 946 ante
1428 916 1570 944 omnium
1585 917 1621 945 B.
1641 916 1764 951 dewi-e,
1790 916 1873 944 Elm.

87 965 235 999 adnotat,
261 966 345 993 unde
359 966 497 995 scriver.
513 965 676 993 uncinulis
690 964 840 1001 inclusit,
864 966 966 1000 male,
992 962 1041 999 [ut
1054 971 1071 991 e
1084 970 1172 998 seqq.
1187 966 1288 997 patet,
1315 970 1410 996 quum
1424 964 1593 990 verborum
1607 961 1812 989 concinnitas
1827 960 1875 988 ita

87 1004 309 1048 disturbetur]
334 1011 395 1038 Sed
411 1011 441 1038 in
456 1012 528 1038 coll.
543 1010 699 1038 Modiana
712 1009 801 1044 prius
815 1007 905 1036 solus
919 1017 981 1037 non
995 1008 1242 1037 exterminatum
1256 1012 1315 1043 est,
1340 1008 1396 1036 sed
1411 1009 1546 1036 alterum
1556 1029 1564 1043 7
1589 1007 1671 1040 quod
1685 1009 1761 1034 ante
1774 1012 1872 1032 coro-

84 1062 163 1082 nam
176 1055 303 1087 legitur.
329 1056 409 1083 Tota
422 1054 600 1083 enuntiatio
613 1055 688 1083 inde
701 1056 740 1082 ab
755 1053 897 1081 omnium
911 1061 1013 1088 usque
1025 1054 1064 1081 ad
1078 1051 1167 1081 solus
1181 1053 1214 1080 in
1229 1054 1264 1081 G.
1276 1054 1303 1081 1.
1318 1052 1520 1080 desideratur
1532 1054 1570 1079 ob
1584 1051 1711 1079 librarii
1724 1058 1872 1087 errorem,

85 1099 181 1128 cuius
199 1099 284 1127 oculi
304 1101 342 1127 ad
363 1102 564 1133 subsequens
583 1098 674 1127 solus
688 1099 814 1133 delapsi
834 1102 918 1127 sunt.
967 1096 1094 1125 deliciis
1102 1097 1244 1136 perfrui·
1256 1099 1291 1126 F.
1307 1099 1336 1126 3.
1352 1099 1386 1126 G.
1402 1098 1431 1125 2.
1446 1098 1484 1125 D.
1498 1098 1533 1124 P.
1549 1098 1587 1124 R.
1603 1095 1624 1124 f.
1640 1104 1669 1130 p.
1682 1097 1765 1124 lunt.
1780 1097 1810 1123 2.
1836 1097 1872 1123 ln

83 1148 156 1173 cett.
164 1143 307 1182 perfrui
318 1142 455 1172 deliciis.
497 1147 643 1180 portare
657 1151 711 1178 pro
722 1146 860 1180 gestare
873 1145 908 1171 G.
921 1144 992 1171 1.π.
1016 1145 1154 1179 gestare
1167 1142 1278 1178 capite
1288 1142 1308 1171 f.
1345 1142 1477 1170 unicam
1486 1142 1520 1170 0.
1529 1143 1567 1169 D.
1604 1149 1691 1168 nunc
1705 1138 1834 1177 quidem
1843 1137 1871 1168 ὃ.

83 1196 277 1225 nuuc-nuper
290 1190 379 1217 Colv.
393 1190 533 1223 scripsit.
581 1187 788 1216 diversorum
802 1190 856 1223 B.‚
881 1189 962 1222 quod
978 1195 1141 1222 perperam
1156 1188 1290 1221 arripuit
1304 1187 1490 1221 Sopingius.

166 1234 356 1270 primorum
370 1232 451 1260 rude
465 1241 520 1268 pro
529 1241 616 1269 prae
630 1241 756 1261 morum
769 1231 959 1260 acritudine
973 1234 1067 1261 habet
1082 1233 1118 1262 B.
1160 1239 1225 1268 pro
1239 1240 1366 1260 morum
1381 1229 1572 1259 acritudine
1586 1231 1621 1260 G.
1638 1231 1667 1260 1.
1680 1231 1711 1259 2.
1733 1231 1767 1258 Ο.
1781 1231 1821 1258 D.
1836 1231 1872 1259 P.

83 1278 104 1308 f.
120 1275 148 1307 δ.
196 1276 386 1315 aptitudine
400 1275 428 1307 ὃ.
477 1277 628 1315 appellas
641 1280 754 1307 Venet.
769 1280 800 1307 4.

81 1387 245 1426 dicimus
294 1386 529 1440 beyeltrlt'cla
575 1387 608 1424 in
651 1400 692 1424 re
729 1386 946 1426 libidinosa.

81 1443 169 1483 Nec
181 1443 292 1483 aliter
304 1444 439 1482 volens
458 1442 654 1495 explicare
673 1447 858 1494 possunt,
885 1443 947 1493 qui

81 1501 250 1540 volentis
273 1498 505 1551 praeferunt.
538 1499 602 1537 De
627 1500 840 1550 amplexus
866 1500 947 1538 dis-

83 1558 243 1597 cruciat
266 1555 314 1595 ef.
329 1555 485 1594 Heu-ald.
500 1555 549 1594 ad
564 1555 705 1595 Arnob.
721 1555 782 1594 ΠΙ.
802 1569 837 1607 p.
857 1559 946 1596 130.

81 1612 142 1651 ed.
167 1611 317 1664 Lugd]

172 1668 440 1707 Plailetaeras.
519 1667 671 1719 [Valde
723 1667 946 1720 discrepant

83 1725 195 1764 codd.
227 1725 321 1763 inter
352 1724 515 1762 nominis
540 1724 682 1776 proprii
706 1725 944 1775 scripturam.

80 1781 147 1820 Ad
176 1794 305 1820 mores
336 1782 436 1818 enim
466 1780 627 1819 adulteri
658 1780 834 1818 alludere
870 1780 946 1818 hoc

79 1851 220 1876 nomen
234 1841 535 1876 consentaneum
551 1840 625 1883 est,
651 1837 829 1886 quoniam
845 1836 945 1875 hunc

78 1907 225 1932 morem
250 1895 284 1932 in
310 1893 525 1931 nominibus
549 1893 716 1944 propriis
746 1893 829 1930 suis
855 1906 946 1944 pan-

79 1950 218 2001 gendis
255 1949 336 1987 sere
372 1948 515 1998 ubique
552 1949 740 1999 Apuleius
783 1949 946 1987 retinuit.

80 2006 198 2053 Quod
222 2005 446 2055 intelligens
470 2004 657 2043 Pricaeus
687 2004 821 2043 maluit
847 2005 945 2043 Plu·-

82 2063 346 2102 lositeraerus
370 2061 391 2099 i.
407 2074 440 2099 e.
467 2059 573 2112 φίλος
598 2059 743 2113 ἔταιρος
767 2060 854 2100 coll.
869 2060 945 2099 He-

78 2118 190 2170 sych.
205 2119 418 2169 φιλέταιρος
431 2119 676 2168 πεφιλημένος
700 2116 820 2156 Oud.:
847 2117 944 2156 Plu·-

81 2172 943 2214 loketaerusvelPlnlosetamos1e.an1ms

78 2229 288 2269 meretricis
313 2226 462 2282 ἑταίρας
485 2229 609 2279 ᾳίλος,
635 2233 675 2267 ut
698 2226 784 2279 φιὶ’
754 2245 944 2282 οστοργος

80 2287 384 2338 Philoszorqus
427 2285 479 2322 At
502 2280 759 2336 posteriorem
785 2285 942 2324 solmam

78 2356 127 2382 ne
150 2355 218 2393 per
239 2341 457 2392 analogiam
476 2341 630 2392 quidem
642 2341 798 2392 probari
811 2355 944 2392 posse,

79 2399 169 2437 mihi
207 2410 437 2450 persuasum
474 2401 552 2442 est,
588 2397 666 2436 alia
707 2399 806 2435 enim
848 2399 942 2436 ratio

79 2456 188 2494 vocis
224 2458 286 2493 est
320 2451 568 2506 φιλόστοργος
603 2458 642 2491 et
673 2453 942 2506 φιλοσέταιρος.

80 2511 408 2554 ΡΙιίίοΙιεΐαενηε,
429 2521 528 2560 quae
542 2510 664 2561 proba
679 2509 852 2548 formatio
868 2514 942 2556 est,

77 2583 101 2608 a
113 2567 223 2606 codd.
236 2567 412 2617 vestigiis
427 2579 499 2603 non
513 2567 566 2604 ita
579 2566 738 2604 multum
751 2566 944 2612 abhorret,

78 2625 142 2675 qui
168 2623 325 2663 Plailesi
349 2622 412 2660 vel
437 2622 602 2660 Philosi
625 2623 799 2660 retinent.
827 2621 943 2668 Quod

77 2687 194 2732 quum
217 2680 269 2718 ita
293 2679 362 2725 sit,
394 2679 456 2716 vix
480 2691 600 2716 ansus
625 2691 711 2716 sum
736 2678 941 2718 emendare

78 2735 283 2774 lectionem
307 2735 438 2781 codd„
471 2748 702 2786 quamquam
727 2738 853 2774 errant
877 2735 939 2786 qui

80 2805 131 2830 ex
165 2790 343 2843 analogia
376 2791 516 2830 vocab.
552 2791 868 2842 (μλησιστέφανος
903 2794 942 2829 et

80 2845 348 2899 φιλησίμολπος
371 2861 441 2898 pro
467 2849 740 2897 φιλοστέᾳανος
770 2851 809 2886 et
835 2845 941 2899 φιλό-

80 2905 226 2955 μολπος
261 2903 473 2942 defendunt
509 2903 824 2944 Plailesietaerus
858 2904 882 2943 i.
907 2917 941 2942 e.

81 2960 294 2999 meretricis
330 2973 484 3005 amans,
514 2957 799 3011 φιλησιέταιρος.
859 2959 942 2998 Sed

82 3028 199 3067 quum
223 3029 262 3069 p.
286 3020 376 3058 624.
411 3015 638 3055 Philetaeri
662 3015 698 3053 in
724 3015 808 3054 cod.
834 3015 878 3054 F.
905 3019 942 3056 3.

83 3071 134 3112 G.
167 3076 201 3112 1.
233 3077 269 3115 2.
300 3071 349 3112 D.
380 3076 419 3112 et
446 3072 533 3111 sine
563 3071 679 3110 dubio
711 3072 826 3111 etiam
854 3070 944 3110 aliis

1005 1390 1139 1438 aperte
1163 1386 1330 1437 legatur,
1360 1386 1503 1437 ubique
1527 1384 1627 1423 hanc
1652 1384 1810 1423 formam
1834 1385 1871 1423 in

1005 1446 1112 1482 textu
1139 1443 1329 1495 reposui]

1061 1514 1169 1539 mmc
1204 1512 1347 1550 nuper.
1404 1497 1491 1550 [De
1527 1497 1602 1536 hac
1637 1495 1871 1548 proverbiaeili

1004 1555 1184 1602 dictione,
1199 1568 1299 1606 quae
1313 1553 1548 1593 Graecorum
1560 1553 1654 1606 χθὲς
1667 1550 1729 1592 καὶ
1742 1551 1871 1604 πρώην

1002 1612 1225 1664 respondet,
1251 1612 1286 1650 in
1312 1624 1354 1649 re
1378 1610 1483 1649 haud
1508 1611 1559 1648 ita
1581 1609 1731 1661 pridem
1756 1613 1871 1659 gesta

1003 1668 1050 1707 cf.
1087 1669 1174 1707 VV.
1211 1667 1323 1713 DD.‚
1360 1680 1459 1718 quos
1498 1666 1642 1705 excitat
1670 1665 1794 1704 Orell.
1820 1665 1870 1703 ad

1001 1725 1148 1764 Arnob.
1180 1723 1207 1763 I.
1245 1739 1276 1763 c.
1307 1728 1372 1764 34.
1411 1722 1455 1761 T.
1487 1721 1513 1761 I.
1550 1735 1588 1773 p.
1614 1726 1708 1762 314.
1746 1735 1870 1762 nnnc

1000 1795 1132 1833 nuper
1155 1782 1197 1819 in
1222 1785 1337 1821 utero
1359 1778 1597 1831 formatus]

1058 1837 1276 1890 zelotypus.
1349 1834 1423 1888 [cf.
1459 1834 1594 1873 Munk.
1632 1833 1683 1873 ad
1719 1833 1865 1885 Hygin.

1005 1891 1180 1931 CXCIX.
1205 1906 1241 1943 p.
1268 1895 1361 1932 331.
1387 1891 1485 1929 Etm.
1511 1892 1545 1929 in
1572 1890 1727 1942 indice]

1060 1948 1146 1987 CAr.
1171 1947 1296 1987 XVII.
1347 1948 1628 1999 Scorpionem.
1682 1945 1869 1984 Pricaeus

1002 2005 1114 2056 plura
1156 2008 1356 2043 enumerat
1396 2003 1595 2054 exempla,
1644 2016 1693 2041 ex
1730 2004 1868 2053 quibus

1002 2062 1238 2113 scorpiones
1268 2061 1446 2099 homines
1477 2060 1603 2098 dictos
1635 2059 1758 2097 fuisse
1788 2073 1867 2097 mo-

1000 2131 1114 2155 rosos
1140 2121 1178 2155 et
1201 2117 1405 2156 iracundos
1428 2120 1548 2168 patet.
1574 2116 1621 2155 cs.
1640 2115 1866 2166 Hieronym.

1001 2175 1036 2212 in
1062 2173 1227 2225 Apocal.
1256 2178 1318 2214 10.
1346 2174 1646 2224 Scor-pianes
1670 2176 1868 2212 vocantur

1004 2231 1073 2282 qui
1096 2235 1188 2269 sunt
1213 2231 1338 2270 corde
1361 2229 1603 2269 indomabili
1622 2232 1695 2267 vet.
1718 2227 1864 2279 Epign:

999 2286 1145 2325 θᾶττον
1173 2300 1321 2336 ποιησει
1355 2288 1437 2338 μέλι
1453 2281 1680 2352 κάνθαρος,
1712 2282 1733 2335 ἢ
1768 2281 1866 2336 μιλα

1000 2340 1143 2390 κώιωψ
1161 2338 1219 2380 Ὴ
1236 2339 1283 2382 σὺ
1311 2345 1347 2382 τὶ
1376 2356 1558 2391 ποιησεις,
1590 2339 1770 2392 σκόρπιος
1800 2339 1863 2386 ὢν,

1001 2396 1163 2450 ἀμιθόν.
1187 2396 1287 2437 Poll.
1302 2398 1442 2437 Onom.
1458 2401 1494 2438 6-
1511 2401 1575 2439 29.
1589 2395 1716 2451 α’γριος
1728 2394 1865 2449 θηριώ-

1000 2457 1064 2505 δης
1110 2455 1168 2494 ἰοῦ
1213 2453 1349 2507 γέμων,
1396 2451 1629 2505 σκορπιώὸης
1674 2451 1865 2503 σκόρπιος.

999 2510 1175 2563 Hesych.
1199 2510 1446 2563 σκορπιοῦται.
1469 2508 1706 2562 ἀγριαίνεται.
1738 2509 1867 2562 [Suid.

1001 2580 1034 2605 v.
1060 2570 1393 2619 σκορπιαίνεσθιςι,
1420 2565 1754 2619 απυιθηριοῦσθαι,
1780 2581 1865 2617 τρα-

997 2621 1182 2676 χυνεσθαι
1215 2621 1566 2671 ἀπαυθαὸιζεσθαι.
1614 2621 1674 2670 Ἐς
1706 2620 1772 2673 μέν
1807 2636 1866 2661 τοι

997 2695 1064 2724 τοις
1100 2678 1349 2733 συνθεατρίας
1376 2677 1504 2719 εἰωθει
1533 2676 1634 2718 ἐσαεὶ
1674 2680 1864 2730 σκορπιαί-

996 2740 1148 2776 vem‘9at·
1172 2738 1358 2787 βασκανία
1382 2752 1421 2788 γε
1445 2737 1519 2774 no)
1522 2737 1567 2786 λῃ
1591 2734 1718 2787 εἴχετο.
1759 2737 1863 2787 Προ-

997 2790 1151 2838 κόπιοςι
1167 2789 1239 2831 Ην
1263 2792 1304 2830 δὲ
1328 2789 1404 2845 ἄρα
1426 2789 1447 2843 ἡ
1476 2790 1658 2842 Θεοδωρα
1681 2788 1863 2842 σκορπιεό-

999 2851 1064 2899 ὃης
1104 2851 1287 2895 (τουτέστι
1310 2845 1506 2899 πληκτικὴ)
1544 2848 1609 2886 καὶ
1639 2843 1750 2898 ὐζηῆν
1779 2861 1863 2885 σκο-

997 2917 1113 2955 τεινη·
1139 2903 1269 2943 Burm.
1296 2904 1344 2943 ad
1370 2903 1525 2942 Fen-‚on
1552 2917 1583 2942 c.
1609 2906 1673 2944 39.
1700 2916 1734 2953 p
1751 2903 1860 2956 237.]

1051 2973 1158 3011 prae
1188 2973 1337 2999 morum
1368 2960 1612 3000 acritudine.
1678 2957 1862 2998 Pricaeus

995 3029 1097 3068 pro,
1128 3015 1231 3066 quod
1261 3016 1296 3053 in
1327 3015 1522 3053 nonnullis
1553 3014 1664 3054 codd.
1696 3026 1745 3052 ex
1776 3018 1863 3053 con-

1001 3071 1153 3112 fusione
1178 3072 1491 3124 compendiorum
1515 3084 1549 3124 p
1577 3073 1659 3123 etp
1679 3071 1862 3123 deprava-

1903 264 1967 298 624
