2221 3667
243 509 283 541 65

307 163 362 206 60

309 292 318 316 (
334 291 422 317 uam
433 308 443 316 .

308 292 541 374 rilortalibus
572 335 797 388 provenire.

307 390 446 430 venire
478 390 577 431 mira
608 398 648 431 et
678 404 800 444 paene
832 392 997 440 insecta,
1032 403 1130 443 quae
1163 396 1291 429 tamen
1324 388 1466 442 ignaro
1496 389 1622 429 relata
1647 390 1757 430 fidem
1789 391 1966 444 perdant.

555 164 602 204 L.
633 164 852 205 APULEll
882 164 1282 206 MADAURENSIS
1311 164 1852 206 METAMORPHOSEON

490 277 587 318 nihil
626 278 865 332 impossibile
902 279 1088 328 arbitror,
1129 278 1194 317 sed
1227 284 1423 330 utcunque
1456 277 1537 317 fata
1567 279 1933 328 decreverint,'“ita
1965 286 2104 319 cuncta

863 334 967 375 Nam
1007 342 1044 375 et
1077 334 1168 373 mihi
1201 340 1239 372 et
1268 333 1335 372 tihi
1369 339 1407 372 et
1437 334 1588 373 cunctis
1621 334 1840 374 hominibus
1876 335 1996 375 multa
2031 349 2105 375 usu

2029 390 2104 432 Sed

310 459 384 500 ego
415 446 504 487 huic
536 453 575 487 et
601 448 717 487 credo
744 448 922 487 hercules
948 454 987 486 et
1013 453 1146 499 gratas
1175 445 1323 498 gratias
1350 445 1529 495 memini,
1564 446 1664 498 quod
1691 446 1840 500 lepidae
1871 447 2024 487 fabulae
2050 448 2106 487 fe-

310 502 485 544 stivitate
506 502 512 559 Ι
534 517 605 544 nos
626 504 830 554 avoc-avim
865 515 1042 555 asperam
1068 501 1233 554 denique
1252 514 1297 541 ac
1319 501 1513 555 prolixam
1533 502 1636 541 viam
1658 501 1742 542 sine
1763 503 1897 543 labore
1923 510 1962 543 et
1980 503 2107 543 taedio

309 630 368 659 sed
379 634 471 661 abest
485 640 503 661 a
516 634 553 661 B.
602 632 765 668 imumque
779 639 809 665 p.
823 633 992 666 utrunque
1005 631 1119 658 Venet.
1135 631 1164 658 2³.
1203 629 1314 668 faeta
1326 631 1364 658 D.
1375 638 1393 658 a
1407 639 1448 659 m.
1463 639 1490 665 p.
1502 630 1612 670 facta
1626 631 1721 659 etiam
1737 632 1772 659 G.
1789 631 1819 659 in
1834 634 1934 667 textu,
1949 633 2030 666 quod
2046 635 2110 661 tum

309 678 410 707 minio
430 679 570 706 deletum
588 681 634 706 est
650 682 678 705 et
706 679 745 704 ab
761 677 873 703 eadem
886 682 985 703 manu
1005 675 1036 702 in
1057 682 1156 711 marg.
1173 679 1354 704 correctum
1367 675 1507 714 infala.
1554 675 1763 704 decreverint
1778 678 1812 705 F.
1827 678 1856 705 3.
1872 677 1987 715 vicent
2001 678 2050 705 ed.
2063 685 2110 712 pr.

307 725 393 752 lunt.
407 725 437 752 2.
462 725 498 751 In
517 727 590 751 cett.
610 721 839 748 dec-recerunt.
887 720 1020 747 erem're
1040 721 1110 748 edd.
1132 724 1208 748 velt.
1229 724 1356 754 praeter
1375 723 1422 749 ed.
1439 722 1811 756 pr.vicent.e11unt.2.

310 770 347 797 G.
360 769 396 796 P.
409 770 447 797 R.
462 769 496 796 0.
511 769 547 796 B.
562 769 599 795 Ι).
616 776 642 800 p.
685 766 787 802 forte
807 765 940 803 infecta
959 773 987 799 p.
1035 766 1200 801 ignarum
1219 767 1255 794 B.
1303 764 1382 793 huic
1401 769 1491 795 abes!
1506 769 1546 795 ab
1560 768 1618 795 Ed.
1632 768 1762 795 Floria..

307 816 426 850 grates
437 813 574 850 gratias
590 820 620 846 p.
631 810 770 847 gratias
786 811 816 839 in
832 812 868 838 D.
884 811 1015 839 nonnisi
1029 819 1047 839 a
1062 819 1102 839 m.
1117 819 1143 838 s.
1159 815 1217 839 est.

310 866 381 886 sum
395 860 429 887 Ο.
445 866 486 885 ιιι·
501 855 610 884 taedio
620 857 655 884 P.

310 972 383 995 non
410 958 534 994 minus
560 955 852 1007 improbandum
878 958 952 995 est.
980 968 1093 1005 quam
1107 955 1186 994 Da-

310 1026 390 1052 veS.
433 1012 482 1050 ad
520 1011 597 1050 Cic.
643 1010 760 1050 Tusc.
788 1010 851 1049 ΙΙΙ.
894 1016 955 1051 17.
993 1013 1187 1050 sententia

309 1075 447 1109 uatum
489 1068 655 1119 legentis
699 1068 765 1120 [de
809 1081 884 1118 quo
929 1068 975 1106 ef.
1021 1082 1055 1119 p.
1101 1068 1183 1120 51.]

310 1139 427 1177 quum
466 1131 634 1164 ornatus
666 1125 857 1175 significet
888 1124 1100 1163 honoribus
1132 1126 1184 1162 in-

309 1184 474 1233 signem.
508 1181 573 1234 [cf.
606 1181 736 1220 Burm.
770 1181 816 1218 ad
850 1179 993 1219 Petron
1032 1196 1063 1220 e.
1093 1186 1184 1222 127.

309 1238 398 1277 Hoc
429 1239 529 1276 enim
560 1238 719 1289 patebat
750 1251 798 1275 ex
824 1237 976 1276 habitu.
1010 1242 1047 1276 et
1074 1239 1186 1277 bonis

310 1296 456 1334 artibus
481 1297 719 1339 instructum,
745 1300 785 1333 et
809 1295 1022 1344 colligebat
1048 1309 1096 1333 ex
1121 1296 1186 1334 ha-

310 1352 482 1391 bitudine
520 1355 558 1389 et
594 1353 760 1403 ingenuo
793 1353 964 1403 corporis
995 1352 1070 1390 iilo.
1131 1351 1186 1389 lta

311 1409 423 1459 igitur
459 1409 660 1458 distinguit
696 1407 798 1446 Oud.
831 1407 928 1446 haee
960 1408 1036 1446 duo
1074 1423 1186 1447 voca-

310 1464 429 1511 bula,
479 1469 519 1503 ut
575 1465 754 1504 habitum
798 1479 883 1502 cum
927 1463 1089 1502 Prieneo
1134 1466 1183 1504 ad

311 1523 520 1566 vestitum.
565 1521 845 1560 habitudinem
882 1535 970 1559 vere
1008 1522 1055 1560 ad
1100 1536 1183 1561 cor-

309 1580 414 1631 poris
457 1579 629 1630 speciem
675 1592 721 1616 ac
764 1581 901 1629 gestus
938 1579 1097 1619 referat:
1136 1578 1182 1616 cs.

309 1635 405 1674 Met.
432 1634 459 1675 Ι.
487 1649 523 1686 p.
551 1639 615 1675 71.
643 1639 681 1672 et
706 1634 772 1673 lX.
800 1648 836 1685 p.
861 1638 952 1675 667.
982 1634 1048 1686 [de
1074 1635 1184 1674 leobi-

308 1697 353 1731 tu.
385 1692 431 1730 cf.
465 1691 622 1730 luvenal
654 1690 698 1729 Π.
733 1705 764 1730 V.
801 1695 891 1731 124.
925 1692 1033 1730 cuius·
1061 1692 1184 1730 Scho-

311 1749 425 1788 liasta
457 1749 509 1786 ita
540 1748 807 1786 emendandus
840 1752 916 1786 est:
967 1748 1183 1800 Seqmenta

306 1806 559 1858 fimbriarum
579 1806 658 1844 sice
678 1805 864 1844 limbatas
885 1804 980 1856 [Ms.
1004 1806 1180 1857 vittatus]

308 1868 430 1902 restes
449 1867 487 1901 et
501 1862 649 1915 longos
663 1862 823 1900 habiens
842 1885 897 1890 -
918 1862 1106 1914 Profnsa
1122 1876 1183 1901 re-

308 1921 389 1959 stis.
427 1918 553 1957 Aliter
583 1919 762 1957 habt'tum
788 1920 969 1970 exposuit
994 1918 1180 1957 Doederl.

309 1977 485 2027 Synonx.
512 1975 560 2014 V.
593 1989 630 2027 p
659 1979 751 2015 210.
785 1977 892 2013 cuius
928 1976 1023 2013 ratio
1056 1973 1182 2026 magis

310 2033 589 2085 comprobatur.
654 2032 849 2071 Habitum
889 2033 987 2070 enim
1026 2046 1100 2070 non
1133 2032 1182 2070 de

308 2090 397 2128 sola
437 2093 549 2127 veste
592 2089 727 2127 dicitur
765 2088 870 2140 quod
904 2089 977 2127 loci
1023 2089 1181 2126 demon-

308 2149 431 2184 strant
463 2145 540 2184 Cic.
566 2145 675 2184 Verr.
703 2144 769 2184 [V.
797 2149 832 2185 3.
862 2144 981 2183 Tacit.
1008 2144 1108 2183 Hist.
1136 2145 1179 2184 ll.

310 2207 346 2243 5.
373 2203 445 2240 sed
477 2203 601 2241 omnia
633 2201 876 2253 amplectitur
906 2215 969 2247 ea,
1008 2216 1108 2254 quae
1134 2202 1182 2240 ad

309 2263 509 2297 externum
556 2259 724 2297 hominis
774 2263 946 2297 ornatum
994 2260 1183 2311 pertinent

310 2316 357 2355 cf.
390 2315 485 2354 Met.
512 2315 539 2354 l.
573 2329 609 2366 p.
638 2319 702 2356 67.
734 2316 797 2352 ubi
830 2329 972 2353 caveas
1003 2316 1181 2355 habitum

308 2374 536 2411 mendicum
585 2372 635 2409 ad
683 2371 792 2409 solas
839 2376 972 2411 vestes
1022 2372 1180 2411 referas

310 2429 363 2468 Ut
376 2429 472 2468 Met.
487 2427 556 2468 IX.
571 2442 608 2479 p.
625 2432 717 2468 667.
732 2428 864 2466 militis
878 2443 982 2468 arma
998 2443 1098 2480 quae
1115 2429 1182 2468 ha-

310 2487 433 2525 bitum
464 2485 651 2531 nominat,
695 2485 753 2523 sic
777 2484 815 2523 h.
843 2484 866 2524 Ι.
893 2486 1055 2525 habitus
1079 2490 1181 2524 certa

310 2543 502 2593 quaedam
529 2542 693 2593 insignia
719 2545 825 2586 sunt,
852 2542 993 2592 quibus
1020 2541 1181 2581 Lucium

308 2599 502 2638 hominem
527 2611 622 2636 esse
648 2611 867 2649 generosae
892 2600 1025 2649 stirpis
1047 2613 1180 2637 eomes

309 2656 405 2694 alter
436 2655 691 2694 intellexerat.
754 2655 973 2694 Habitudo
1003 2669 1093 2693 vero
1120 2661 1181 2694 est

309 2714 439 2751 nativa
468 2712 535 2752 illa
564 2717 603 2751 et
627 2715 787 2750 externa
812 2713 983 2763 corporis
1009 2714 1179 2763 species,

309 2782 409 2819 quae
437 2782 486 2807 ex
506 2770 677 2815 incessu,
704 2769 817 2814 facie,
842 2781 891 2806 ex
912 2772 992 2807 toto
1012 2769 1180 2820 denique

308 2826 393 2863 eius
420 2825 482 2864 filo
509 2826 772 2877 cognoscitur3
808 2825 904 2864 Met.
931 2824 976 2863 ΙΙ.
1003 2840 1038 2877 p.
1069 2827 1177 2880 106.]

365 2883 627 2922 decreverint.
671 2881 774 2921 Oud.
819 2881 918 2921 hanc
952 2883 1178 2934 scripturam

309 2939 484 2989 quamvis
509 2939 749 2990 probabilem
769 2939 888 2978 reiicit
906 2943 1063 2991 propter
1075 2939 1175 2978 Mss.

306 2996 594 3041 auctoritatem,
652 3010 727 3047 qua
781 3009 856 3047 ego
905 3000 1036 3035 contra
1084 2997 1177 3034 fisus

304 3065 391 3089 eam
417 3053 580 3101 retineo:
606 3052 653 3091 cs.
680 3051 806 3091 Plaut.
825 3052 1029 3092 BachJV.
1050 3058 1085 3093 4.
1118 3057 1177 3093 13.

306 3107 579 3147 Coniunctis-us
605 3109 667 3147 hic
691 3109 969 3148 soloecisnmm
997 3124 1069 3148 non
1091 3123 1178 3148 cou-

304 3165 407 3202 tinet.

1859 722 1972 749 venire
1985 723 2020 751 F.
2038 723 2065 750 1.
2080 724 2111 751 3.

1808 769 1931 803 gratas
1942 769 2061 804 grates
2075 769 2110 796 B.

1267 818 1324 839 vos
1339 812 1414 840 Ald.
1463 810 1643 840 adenem-it
1660 814 1742 841 G.D.
1758 814 1792 841 P.
1807 814 1841 841 0.
1857 814 1892 841 L.
1908 814 1944 841 Β.
1991 819 2111 850 asper-

1301 970 1374 995 usa:
1414 957 1556 995 venire.
1605 956 1766 994 Variant
1809 956 1969 1008 saepius
2011 955 2113 995 Mss.

1245 1016 1284 1049 et
1331 1014 1464 1051 ‘venire
1502 1016 1541 1050 et
1584 1014 1738 1051 evenire
1778 1014 2030 1063 praebentes,
2072 1017 2114 1050 ut

1244 1073 1446 1120 utrumque
1473 1070 1623 1120 probari
1649 1082 1770 1119 posse
1802 1069 1985 1108 videatur.
2011 1069 2113 1108 Oud.

1244 1127 1438 1164 sententia
1463 1129 1537 1170 est,
1563 1129 1644 1163 utra
1671 1125 1759 1176 eligi
1781 1125 1924 1164 debeat
1943 1139 1991 1164 ex
2010 1125 2113 1164 Mss.

1245 1176 1469 1221 auctoritate
1513 1182 1795 1220 diiudicandum
1845 1196 1939 1220 esse
1975 1181 2114 1234 [Quod

1247 1239 1357 1277 aliter
1381 1243 1521 1277 statuo.
1573 1237 1666 1276 Cum
1693 1238 1813 1277 Orell.
1841 1240 1940 1277 enim
1966 1238 2015 1277 ad
2036 1237 2112 1277 Cic.

1246 1296 1295 1334 de
1321 1294 1612 1346 SenectllLG.
1641 1294 2023 1346 7.0lfic.111.3.§.
2053 1299 2114 1335 15.

1246 1357 1283 1390 et
1315 1352 1448 1390 schol.
1479 1351 1602 1390 Wolf.
1635 1352 1683 1390 ad
1716 1350 1832 1390 Tusc.
1854 1351 1879 1391 I.
1913 1352 1943 1402 δ.
1971 1357 2034 1393 73.
2067 1366 2115 1390 ne

1249 1409 1404 1447 latinum
1436 1409 1589 1458 quidem
1621 1421 1715 1446 esse
1746 1423 1817 1447 usu
1842 1410 1996 1448 etenire
2020 1408 2115 1447 altir-

1244 1480 1325 1511 1111),
1364 1466 1467 1516 quod
1494 1465 1632 1516 glossa
1657 1465 1804 1502 videtur
1829 1479 1922 1503 esse
1947 1465 2115 1503 alterius.

1243 1522 1344 1560 Nam
1374 1537 1449 1562 usn
1480 1523 1614 1561 renire
1645 1521 1730 1559 fere
1760 1522 1904 1572 ubique
1929 1522 2030 1561 idem
2054 1526 2116 1559 est

1244 1579 1347 1629 quod
1387 1580 1558 1625 ovensi-eg
1597 1578 1644 1617 cf.
1682 1578 1820 1616 Heind.
1865 1579 1914 1617 ad
1952 1578 2029 1618 Cic.
2066 1578 2115 1617 de

1243 1635 1333 1674 Nat.
1360 1634 1409 1673 D.
1435 1649 1471 1686 p.
1499 1635 1581 1687 58.]

1301 1694 1466 1745 iymzrn.
1502 1692 1704 1731 Gnaruris
1723 1697 1761 1730 et
1775 1693 1986 1745 iynaruris
2005 1705 2115 1730 voca-

1243 1748 1457 1798 bulafOud.
1479 1752 1637 1800 propter
1656 1748 1701 1786 B.
1724 1749 1929 1787 lectionem
1948 1748 2117 1787 vindicat

1243 1819 1291 1843 ex
1301 1805 1441 1843 Plauto
1457 1809 1495 1843 et
1504 1805 1680 1844 (ilossis‘z
1706 1805 1897 1856 Ignaruris
1911 1803 2000 1857 ἀγ-νο
2008 1809 2115 1852 meg.

1244 1862 1307 1914 [cf.
1329 1862 1413 1900 Intt.
1435 1862 1483 1900 ad
1504 1862 1612 1901 Fest.
1632 1877 1669 1914 p.
1693 1866 1785 1903 438.
1799 1861 1976 1901 Lindem.
1992 1861 2114 1901 Orell.

1240 1920 1289 1957 ad
1322 1919 1467 1957 Arnob.
1496 1918 1605 1958 Tom.
1628 1918 1670 1957 ll.
1696 1933 1734 1971 p.
1758 1923 1848 1959 143.
1875 1918 1995 1957 voss.
2022 1917 2115 1970 Ety-

1244 1976 1331 2014 mol.
1358 1990 1389 2014 s.
1417 1989 1451 2014 v.
1475 1976 1661 2028 gnarus]

1297 2038 1442 2085 (Jratas
1462 2031 1764 2084 9²·(1tias.'011d.
1790 2032 1889 2070 hanc
1909 2032 2115 2071 dictionem

1241 2089 1414 2127 defendit
1439 2102 1487 2126 ex
1514 2088 1637 2127 Plaut.
1664 2088 1786 2127 Poen.
1812 2088 1839 2127 Ι.
1869 2094 1904 2129 1.
1932 2092 1968 2130 6.
1995 2089 2113 2141 Apul.

1240 2146 1336 2184 Met.
1370 2145 1436 2184 lx.
1475 2159 1512 2196 p.
1546 2149 1639 2186 619.
1701 2146 1743 2184 si
1777 2151 1919 2198 [frates
1952 2147 2114 2199 qratias

1243 2217 1274 2241 e.
1312 2203 1416 2241 Bert.
1453 2202 1538 2241 cod.
1576 2202 1708 2240 liceret
1732 2203 1873 2247 dicere,
1904 2206 1945 2240 ut
1974 2202 2115 2253 copula

1242 2259 1448 2298 adderetur
1473 2263 1584 2297 esset
1609 2260 1883 2305 necessarium:
1912 2257 1959 2297 cf.
1986 2257 2112 2297 Plaut.

1242 2315 1343 2355 Trin.
1358 2315 1425 2355 lv.
1445 2321 1477 2356 l.
1494 2320 1530 2356 2.
1557 2314 1612 2353 lta
1624 2317 1785 2368 yratias
1801 2315 1949 2354 liberas
1966 2315 2114 2360 dicitur,

1240 2377 1280 2410 ut
1306 2373 1407 2424 apud
1428 2372 1571 2411 Petron
1598 2387 1630 2411 e.
1645 2377 1709 2413 45.
1736 2386 1772 2423 p.
1788 2376 1881 2412 318.
1908 2370 2114 2422 legendum

1242 2431 1417 2468 arbitror:
1453 2431 1615 2483 qratias
1651 2431 1810 2481 aqimus
1842 2428 1990 2467 liberas
2021 2428 2115 2468 libe-

1241 2486 1431 2538 ramata]

1298 2544 1493 2582 avocarit.
1532 2542 1594 2581 De
1628 2542 1906 2592 significatione
1936 2540 2113 2580 vocabuli

1238 2600 1326 2638 alio
1369 2604 1536 2638 mentem
1571 2599 1793 2643 abducere,
1841 2611 2031 2637 sevocare
2075 2602 2113 2636 et

1240 2656 1328 2694 inde
1365 2657 1570 2695 delectare
1601 2654 1703 2693 Oud.
1735 2654 1879 2706 profert
1909 2653 2031 2693 Salm.
2063 2655 2113 2693 ad

1239 2714 1368 2765 Spart.
1394 2712 1513 2751 Hadr.
1550 2717 1611 2752 15.
1648 2710 1746 2749 Cort.
1779 2711 1829 2750 ad
1853 2709 1952 2749 Plin.
1984 2710 2110 2763 Epist.

1239 2769 1265 2809 l.
1293 2774 1356 2810 24.
1385 2769 1541 2821 [quibus
1567 2768 1668 2807 adde
1692 2769 1837 2806 Arnob.
1858 2767 1907 2806 V.
1936 2771 1998 2807 14.
2027 2766 2109 2806 Vll.

1239 2840 1269 2865 c.
1285 2831 1322 2867 8.
1347 2831 1386 2864 et
1410 2824 1531 2864 Orell.
1558 2826 1593 2863 in
1619 2825 1800 2876 Append.
1828 2823 1893 2868 ad
1901 2823 2046 2862 Arnob.
2072 2838 2110 2875 p.

1240 2888 1303 2924 78.
1330 2882 1466 2922 Munk.
1493 2882 1542 2921 ad
1567 2881 1661 2933 Hyg
1663 2882 1712 2920 in.
1741 2881 1815 2920 sab.
1843 2883 1936 2921 274.
1961 2895 2000 2933 p.
2016 2883 2108 2921 390.

1238 2944 1277 2978 et
1290 2940 1339 2978 ad
1353 2939 1533 2991 Fulgent.
1548 2939 1655 2990 Virg.
1672 2937 1779 2976 Cont.
1795 2951 1831 2989 p.
1841 2941 1935 2977 571.
1949 2935 2109 2976 Anthol.

1237 2997 1333 3035 Lat.
1352 2995 1396 3034 T.
1413 2995 1439 3034 Ι.
1465 3010 1502 3047 p.
1519 2999 1611 3036 491.
1636 2994 1783 3032 Moser.
1809 2994 1859 3032 ad
1885 2992 1962 3032 (ic.
1990 2992 2107 3032 Tusc.

1241 3053 1265 3091 Ι.
1293 3057 1357 3093 31.
1383 3067 1420 3104 p.
1447 3057 1539 3093 254.
1564 3052 1613 3090 V.
1644 3055 1705 3091 14.
1732 3064 1767 3101 p.
1784 3054 1847 3091 90.
1875 3050 1976 3089 unde
2001 3049 2107 3088 intel-

1240 3109 1376 3159 ligitur,
1402 3109 1638 3161 saepissime
1662 3111 1935 3146 commutatum
1959 3120 2052 3145 esse
2071 3107 2107 3145 in

1240 3166 1450 3205 advocari.
1513 3165 1580 3203 Sic
1617 3165 1652 3202 in
1683 3164 1803 3203 tribus
1836 3163 1932 3203 locis
1959 3161 2107 3203 Tertul-
