2155 3590
758 90 847 130 CA
872 90 905 129 P
930 90 966 129 U
992 90 1025 129 Τ
1084 90 1135 129 11.
1776 105 1842 129 Lm

49 210 131 244 erat
154 204 352 249 Bosscha‚
376 208 418 243 ut
441 204 517 242 hoc
539 203 747 242 maximum
772 205 807 242 ei
833 204 937 255 quod
961 205 1103 242 invenit
1126 204 1222 242 inter
1245 206 1448 253 utrumque
1478 201 1614 241 librum
1640 203 1842 241 discrimen

49 262 324 306 concedamus,
348 274 507 312 prorsus
532 260 725 298 diversum
751 261 875 299 fuisse
900 260 1114 305 eonsilium,
1140 274 1216 311 quo
1243 260 1292 297 (le
1316 259 1464 297 Mundo
1490 259 1625 297 librum
1652 260 1845 310 Apuleius

49 318 242 357 transtulit
266 319 314 356 ab
340 331 387 355 eo
415 331 490 368 quo
515 316 727 354 Hermctiei
752 317 896 365 dialogi
921 317 1141 354 versionem
1167 316 1388 354 confecisse
1411 316 1596 353 videatur.
1658 315 1696 353 ln
1729 316 1844 367 priori

48 375 148 413 enim
167 388 285 425 supra
304 374 608 412 demonstratum
629 377 690 410 est
709 373 837 423 graeci
853 374 935 411 libri
955 387 1028 411 non
1049 375 1170 411 verba
1195 373 1268 410 sed
1294 372 1510 410 sententias
1535 385 1603 422 pro
1629 385 1700 409 suo
1720 373 1844 423 ipsius⁴

49 432 200 481 ingenio
221 431 466 476 emendatas,
491 434 627 467 auctas
647 433 686 467 et
706 429 742 467 in
763 430 903 467 breves
924 433 1139 468 contractas
1161 431 1194 467 in
1210 429 1382 466 notitiam
1398 428 1572 466 Faustini
1590 428 1761 479 perferre
1782 443 1845 466 vo-

48 487 189 532 luisse,
215 490 255 525 ut
280 487 346 524 ille
370 487 464 524 liber
489 487 614 537 magis
639 485 863 524 elaboratus
889 500 1003 537 quam
1028 486 1254 529 translatus,
1274 485 1336 522 hic
1352 498 1442 522 vero
1462 484 1642 535 dialogus
1661 484 1752 522 nihil
1774 485 1845 522 nisi

48 557 154 582 mera
177 544 228 581 sit
259 543 385 592 graeci
418 542 501 580 libri
532 543 813 593 interpretatio,
846 544 880 580 in
914 556 990 593 qua
1025 557 1048 581 a
1077 555 1217 593 graeco
1248 542 1345 579 libro
1370 554 1564 591 nunquam
1588 541 1771 582 recessit.
1809 542 1844 578 id

50 599 153 651 quod
173 613 222 637 ex
241 599 467 650 fragmentis
486 600 726 650 perspicitur.
775 598 875 636 Hinc
895 599 1075 637 diversus
1094 600 1295 648 utriusque
1320 596 1403 635 libri
1429 597 1550 643 color,
1571 598 1846 635 sententiarum

48 656 282 700 coniunctio,
308 655 608 693 enuntiationum
634 655 853 706 dispositio,
879 660 920 693 ut
941 655 1028 692 mihi
1049 655 1203 706 quidem
1223 655 1287 692 hic
1307 655 1486 703 dialogus
1505 655 1653 691 iuvenis
1674 654 1848 692 videatur

47 726 141 750 esse
165 713 367 763 seriptum,
394 725 470 762 quo
497 711 649 749 dicendi
674 725 799 763 genus
825 712 1006 750 excolere
1030 711 1237 754 studuerit:
1274 715 1316 749 ut
1350 711 1496 748 multae
1532 711 1773 748 inveniuntur
1809 715 1843 747 et

46 769 241 807 rhetorum
277 773 316 806 ct
345 772 536 806 oratorum
569 769 867 813 conversiones,
905 782 1003 818 quas
1034 768 1321 806 exercitationis
1353 780 1498 806 caussa
1529 766 1655 805 saetas
1687 767 1846 809 scimus,

47 825 370 877 quemadmodum
397 838 445 862 ne
471 823 697 863 Ciceronem
723 825 879 875 quidem
904 826 1081 862 iuvenem
1106 825 1154 863 ab
1182 824 1256 862 hoc
1285 824 1576 862 exercitamenti
1614 836 1758 874 genere
1783 825 1849 860 ab·

46 882 245 920 horruisse
281 885 444 920 constat.
505 880 592 927 Qua
628 881 678 919 de
715 894 856 919 caussa
894 896 960 920 cur
996 881 1096 920 hunc
1132 895 1204 919 nee
1234 881 1350 918 alium
1383 881 1517 918 librum
1548 880 1743 930 Apuleius
1774 880 1847 917 sibi

47 938 211 989 elegerit
239 939 410 989 ineptum
443 941 505 975 est
535 938 790 988 interrogare:
823 951 895 976 nee
925 939 959 975 is
989 951 1116 976 errare
1146 937 1336 975 videbitur
1368 938 1432 988 qui
1456 936 1711 975 Phaedonem
1737 940 1776 974 et
1800 936 1850 973 de

45 995 264 1046 Republica
288 995 408 1033 libros
431 993 658 1032 Platonicos
683 994 761 1032 stili
787 994 991 1032 exercendi
1017 1008 1161 1032 caussa
1184 994 1233 1032 ab
1252 994 1422 1045 Apuleio
1448 993 1588 1031 eodem
1613 993 1730 1031 modo
1755 1006 1851 1030 esse

46 1051 256 1090 translatos
283 1050 349 1100 (cs.
375 1050 488 1099 infra)
515 1052 717 1101 putaverit.
777 1050 928 1096 Quodsi
953 1051 1153 1101 posueris,
1179 1064 1312 1088 eorum
1337 1050 1524 1088 refutatur
1548 1050 1759 1090 sententia.
1786 1051 1850 1099 qui

45 1109 132 1146 ideo
164 1107 358 1158 dialogum
384 1107 553 1158 Apuleio
597 1107 835 1153 abiudicant,
878 1107 983 1157 quod
1025 1106 1076 1144 de
1110 1106 1344 1145 Hermeticis
1377 1106 1482 1144 libris
1518 1119 1730 1157 eorumque
1764 1120 1849 1143 cum

46 1164 298 1216 philosophia
329 1163 534 1202 Platonica
565 1164 824 1201 consensione
853 1176 1043 1213 nusquam
1075 1163 1177 1200 alias
1208 1163 1275 1200 ille
1300 1164 1669 1200 connuemoraverit.
1728 1162 1849 1200 Prae-

45 1226 218 1272 terquam
250 1220 352 1271 quod
382 1220 496 1270 longe
526 1220 718 1257 maximus
750 1220 930 1258 librorum
957 1220 1111 1269 Apuleii
1143 1233 1342 1259 numerus.
1375 1223 1547 1256 nostram
1578 1223 1747 1258 aetatem
1775 1233 1847 1256 nou

46 1278 149 1323 tulit,
185 1277 252 1315 ille
287 1276 337 1314 ad
373 1276 473 1314 hane
503 1275 701 1314 Hermetis
738 1276 981 1327 disciplinam
1019 1277 1170 1313 iuvenis
1200 1276 1391 1313 accedere
1415 1276 1556 1326 potuit,
1594 1280 1734 1326 postea
1758 1289 1848 1313 vero

45 1335 94 1373 ab
119 1348 167 1372 ea
191 1333 391 1373 recedere,
418 1333 522 1383 quod
548 1333 632 1370 eius
657 1333 796 1370 iudicio
826 1333 941 1383 longe
966 1331 1192 1381 elegantiori
1219 1332 1377 1370 forsitan
1404 1345 1477 1369 non
1511 1334 1751 1373 conveniret,
1778 1346 1849 1370 nec

47 1404 214 1441 unquam
250 1391 285 1428 in
322 1403 459 1427 sucum
495 1393 535 1427 et
564 1391 791 1438 sanguinem
823 1390 1056 1427 transiisset.
1127 1388 1213 1426 Hoc
1255 1395 1359 1426 certe
1403 1387 1563 1439 intelligi
1608 1392 1758 1439 potest,
1800 1402 1846 1425 ex

47 1448 201 1485 silentio
232 1446 434 1497 scriptoris
464 1446 557 1483 certi
589 1446 680 1496 quid
711 1446 887 1483 constitui
921 1460 994 1483 non
1022 1459 1157 1497 posse.
1217 1446 1382 1483 Gravius
1410 1444 1560 1482 videtur
1585 1448 1850 1493 argumentum

47 1504 152 1554 quod
188 1517 210 1540 e
247 1503 414 1541 dictione
449 1504 599 1554 petitur.
669 1501 840 1540 Primum
879 1502 1079 1540 desiderat
1124 1502 1309 1540 Bosscha
1347 1501 1573 1552 frequentes
1612 1501 1848 1539 Graecorum

48 1561 297 1605 imitationes,
336 1573 436 1610 qnae
467 1558 606 1610 quales
637 1560 714 1596 sint
745 1559 923 1610 equidem
957 1559 1108 1599 nescio.
1146 1563 1224 1596 tum
1262 1559 1446 1609 periodos
1478 1559 1635 1608 paribus
1665 1559 1849 1595 membris

49 1617 324 1668 procedentes,
362 1616 502 1666 quibus
535 1616 826 1667 intemperatius
864 1616 1081 1654 delectetur
1117 1615 1329 1667 Apuleius,
1366 1615 1635 1652 adverbiorum
1672 1615 1847 1652 crebrum

48 1687 178 1718 usum,
201 1673 373 1723 reliquas
398 1672 474 1710 stili
501 1672 710 1723 Apuleiani
737 1673 1009 1724 proprietates,
1036 1685 1136 1722 quae
1162 1672 1288 1709 onmia
1313 1685 1446 1722 parum
1471 1671 1626 1708 definite
1650 1675 1740 1709 sunt
1766 1684 1848 1722 pro-

48 1730 217 1768 nuntiata
253 1734 292 1767 et
327 1730 410 1767 eius
446 1729 748 1767 sollicitudinem
780 1733 916 1780 aperte
947 1733 1137 1766 testantur
1168 1729 1230 1779 qui
1263 1729 1441 1778 quoniam
1480 1727 1615 1765 haeret
1652 1727 1700 1764 de
1731 1728 1849 1765 certis

47 1787 296 1837 argumentis,
322 1785 567 1836 elegantibus
593 1800 693 1836 quae
720 1786 896 1823 videntur
919 1787 1047 1823 verbis
1073 1790 1112 1823 et
1136 1785 1319 1823 sinmlata
1345 1785 1511 1835 quadam
1538 1784 1710 1822 doctrina
1735 1784 1849 1822 lecto-

49 1844 154 1881 ribus
185 1843 382 1894 imponere
411 1843 555 1881 studet.
615 1842 697 1879 sed
728 1846 769 1879 ut
799 1843 928 1880 onmia
958 1841 1057 1880 haec
1087 1856 1176 1879 vera
1207 1843 1301 1881 sint.
1334 1842 1449 1892 plane
1482 1840 1592 1878 aliter
1622 1840 1849 1878 iudicandus

49 1903 111 1937 est
135 1900 187 1945 is,
221 1900 283 1950 qui
309 1912 420 1936 suum
453 1900 644 1949 ingenium
670 1903 709 1936 et
735 1899 915 1948 loquendi
942 1912 1066 1940 crenus
1091 1898 1203 1948 sequi
1229 1901 1361 1949 potest
1386 1898 1420 1934 in
1446 1897 1652 1934 sententiis
1676 1898 1759 1933 suis
1785 1910 1849 1934 ex-

50 1956 239 2006 ponendis
276 1969 436 2007 prorsus
473 1955 569 1993 liber
606 1968 719 2005 quam
758 1956 820 2005 qui
858 1955 986 2003 graeci
1032 1955 1112 1992 libri
1158 1954 1320 1992 vinculis
1363 1954 1531 1992 maxime
1568 1954 1847 2003 constringitur.

51 2012 173 2050 Multo
209 2016 336 2050 tamen
368 2012 492 2062 magis
523 2012 557 2048 in
589 2025 636 2049 eo
669 2012 810 2049 erravit
840 2010 1041 2053 lssosseha,
1079 2012 1184 2061 quod
1215 2024 1318 2060 quae
1348 2010 1397 2048 ab
1429 2010 1599 2060 Apuleio
1630 2010 1847 2060 profectum

49 2081 141 2106 esse
165 2068 267 2106 hune
293 2068 426 2105 librum
458 2067 738 2113 demonstrant,
770 2068 804 2104 in
837 2081 947 2105 suam
979 2081 1057 2104 rem
1086 2068 1136 2104 ita
1162 2067 1347 2104 convertit
1371 2070 1411 2104 ut
1436 2066 1664 2104 «eontrarium
1691 2067 1848 2104 demon-

47 2128 197 2163 straret.
222 2128 262 2162 ut
286 2124 404 2161 verba
428 2125 621 2162 inaltatus
644 2138 713 2174 pro
740 2124 781 2161 in
806 2125 931 2163 allum
955 2128 1121 2170 evectas,
1147 2124 1326 2170 transiet,
1352 2123 1581 2167 ambimdo,
1606 2124 1833 2162 immet-salai

49 2181 115 2226 lis,
140 2181 315 2219 salvatus
339 2184 378 2217 et
403 2180 593 2229 quaedam
619 2180 695 2217 alia
720 2180 807 2226 (⁸3¹3).

47 2236 49 2242 λ
159 2237 215 2275 At
233 2250 281 2274 ne
302 2237 337 2273 in
358 2236 460 2273 idem
480 2236 610 2274 vitium
631 2236 829 2281 incurram,
845 2235 1051 2274 dictionem
1072 2236 1186 2274 huius
1206 2236 1348 2286 dialogi
1362 2236 1577 2273 accuratius
1591 2237 1848 2287 pertractabo.

105 2308 110 2309 ⁷
161 2292 274 2339 Quae
305 2292 564 2343 Apuleianum
596 2293 748 2330 omnino
781 2292 930 2330 dicendi
960 2306 1084 2341 genus
1116 2293 1284 2330 indicare
1315 2293 1514 2330 videantur
1538 2293 1722 2330 nonnulla
1746 2297 1847 2334 sunt.

47 2353 88 2387 ut
123 2363 207 2387 voc.
240 2354 465 2393 contentus,
503 2349 607 2399 quod
638 2349 917 2398 significatione
947 2350 1130 2388 detentus
1160 2349 1316 2400 Apuleii
1348 2349 1497 2386 videtur
1527 2362 1623 2387 esse
1652 2351 1847 2400 proprium

47 2405 95 2444 ef.
121 2405 170 2444 ad
195 2405 291 2444 Met.
318 2419 354 2456 p.
382 2410 474 2446 760.
506 2410 545 2443 et
574 2406 739 2456 Asclep.
772 2418 808 2456 p.
835 2409 926 2445 305.
959 2405 1020 2444 ed.
1053 2418 1181 2444 meae:
1213 2406 1382 2444 deornm
1414 2406 1484 2457 qni
1508 2407 1551 2443 in
1576 2407 1734 2456 templis
1758 2411 1849 2445 sum

45 2463 218 2501 hnmana
234 2463 506 2514 proximitate
532 2463 767 2507 eontenti;
790 2465 870 2499 tum
895 2464 1148 2501 conversatio
1166 2475 1234 2512 pro
1256 2463 1484 2501 conversio:
1510 2461 1558 2500 cf.
1572 2462 1621 2499 ad
1641 2462 1690 2500 de
1709 2461 1846 2509 Dogm.

48 2518 148 2557 Plat.
178 2533 218 2570 p.
245 2523 338 2558 201.
366 2522 405 2556 et
428 2518 540 2556 Asel.
566 2532 601 2569 p.
629 2522 727 2558 318:
765 2519 933 2557 coeleste
963 2532 1058 2557 vero
1088 2519 1382 2557 reversioni-beas
1413 2519 1590 2557 siderum
1623 2518 1682 2556 ad
1706 2519 1846 2556 eadem

47 2575 140 2614 loca
171 2576 421 2626 temporaria
453 2576 826 2614 conversatione
858 2576 1174 2616 currentium:
1211 2575 1263 2612 ita
1287 2575 1427 2613 nubila
1458 2588 1527 2625 pro
1553 2574 1715 2614 nubilus
1741 2574 1846 2625 Apu-

48 2631 146 2669 leius
171 2631 369 2682 usurpavit
393 2631 442 2668 de
468 2631 616 2669 Mundo
642 2645 678 2681 p.
705 2635 797 2671 306.
825 2630 920 2669 Met.
944 2630 1013 2669 Xl.
1040 2644 1077 2681 p.
1093 2636 1185 2671 808.
1212 2635 1251 2668 et
1275 2631 1437 2681 Asclep.
1464 2644 1499 2681 p.
1516 2634 1609 2670 223.
1636 2631 1696 2669 ed.
1721 2644 1846 2669 meae.

46 2688 115 2725 ubi
140 2702 213 2727 nee
236 2688 419 2727 nubilis
450 2687 562 2726 locus
593 2692 660 2725 est.
718 2687 782 2725 Ad
811 2687 1067 2739 Apuleianam
1093 2688 1298 2726 dictionem
1325 2688 1449 2724 resero
1476 2687 1684 2737 particulas
1708 2689 1849 2738 itaque

47 2743 111 2795 [ef.
137 2744 185 2781 ad
212 2744 308 2782 Met.
335 2758 370 2795 p.
402 2747 492 2783 169.
517 2743 579 2780 ed.
605 2757 719 2781 meae
746 2748 783 2781 et
810 2744 971 2794 Asclep.
997 2758 1035 2795 p.
1063 2749 1156 2784 282.
1185 2749 1224 2782 et
1249 2744 1347 2795 287]
1375 2745 1516 2782 etenim
1548 2742 1661 2794 [Met.
1687 2756 1726 2794 p.
1754 2749 1845 2784 aot).

45 2803 84 2837 et
108 2799 216 2839 Asel.
243 2814 278 2852 p.
306 2805 386 2840 282
412 2804 451 2838 et
475 2814 511 2851 p.
538 2801 649 2849 2871]
679 2801 778 2838 ιἠἰηι
807 2800 869 2850 [ad
891 2800 985 2839 Met.
1007 2814 1042 2851 p.
1066 2805 1146 2841 518
1174 2805 1212 2839 et
1235 2800 1344 2839 Asel.
1363 2814 1402 2852 p.
1424 2800 1537 2851 286.]
1563 2804 1695 2838 aulem
1721 2800 1846 2851 [Asel.

46 2870 82 2907 p.
103 2857 213 2909 312]
240 2861 330 2908 post
355 2857 517 2894 alterum
541 2857 744 2894 tertiumve
770 2857 1039 2895 enuntiationis
1064 2857 1295 2895 vocabulum
1319 2856 1426 2908 poni3
1454 2856 1528 2893 huc
1547 2856 1671 2894 resero
1693 2857 1846 2907 ellipsin

46 2913 258 2964 particulae
294 2919 427 2952 tamen
463 2913 722 2964 praecedente
760 2914 937 2965 qmnnvt's
972 2913 1184 2964 particulae
1221 2913 1287 2965 [es.
1313 2913 1362 2951 ad
1389 2912 1484 2950 Met.
1514 2927 1549 2963 p.
1580 2917 1657 2952 188
1689 2917 1728 2950 et,
1754 2917 1844 2953 783.

45 2969 158 3008 Asel.
188 2984 225 3021 p.
258 2969 370 3021 284]
410 2971 529 3008 eliam.
560 2972 648 3020 post
678 2983 829 3013 *ceruum
866 2970 1114 3020 praegressis
1144 2985 1225 3009 non
1250 2969 1377 3008 solum
1415 2968 1529 3019 [Met.
1568 2982 1604 3019 p.
1632 2974 1699 3009 45.
1735 2969 1845 3008 Asel.

48 3039 83 3076 p.
111 3028 237 3076 282.];
264 3026 588 3063 constructionem
625 3026 729 3062 verbi
755 3027 891 3065 iubere
916 3040 999 3064 cum
1026 3032 1069 3065 ut
1096 3027 1280 3076 particula
1310 3025 1378 3077 les.
1405 3026 1452 3062 ad
1483 3026 1598 3075 Apol.
1625 3039 1662 3076 p.
1689 3030 1779 3065 533.
1808 3031 1841 3063 et

49 3082 157 3121 Asel.
184 3097 219 3134 p.
246 3085 341 3133 333]
369 3083 474 3120 verbi
500 3083 673 3122 smalcz-0
698 3095 782 3120 eum
807 3084 1030 3121 accusativo
1058 3083 1118 3131 les.
1147 3083 1243 3120 Mei.
1266 3082 1312 3118 Χ.
1338 3096 1371 3132 p.
1394 3086 1486 3121 807.
1507 3086 1544 3119 et
1569 3083 1674 3120 Asci.
1695 3097 1729 3133 p.
1746 3087 1841 3123 nos.
