2155 3590
629 127 816 167 LIBER
847 127 921 166 lx.
984 127 1108 166 CAP.
1140 126 1354 167 XXXVI.
1804 126 1886 168 847

96 240 208 297 parvi
230 253 273 280 se
292 239 300 296 Ι
320 239 489 294 pendere
516 246 570 279 tot
592 240 847 280 mediatorum
868 239 1144 293 praesentiam,
1169 239 1175 294 Ι
1195 239 1361 291 denique
1380 238 1552 278 vicinum
1571 237 1679 279 illum
1698 237 1885 278 auriculis
1898 230 2009 294 5334]

96 311 166 351 per
188 310 281 337 suos
305 295 486 336 servulos
511 295 704 336 sublatum
731 297 776 337 dc
802 296 934 336 casula
960 295 1189 349 longissime
1213 295 1421 348 statimque
1446 295 1660 349 proiectum
1685 294 1750 335 iri.
1798 273 1976 348 Quolosso

96 434 307 464 sanctissimi
321 443 352 471 p.
394 435 516 472 parcis
535 433 681 471 pendere
704 437 740 464 G.
763 437 808 470 1.,
834 436 917 469 quod
941 442 983 463 ex
1006 434 1207 470 negligentia
1229 433 1435 462 librariorum
1457 437 1562 462 ortum
1575 439 1640 471 est,
1666 435 1888 471 quiparcise-

93 479 238 518 pendere
260 487 326 510 uno
351 481 461 509 tenore
480 481 696 515 scripserunt.
727 484 761 508 ut
780 480 906 509 librarii
925 480 993 508 cod.
1019 481 1054 508 G.
1072 480 1105 508 2.
1125 482 1154 507 et
1177 479 1218 506 D.
1266 476 1506 505 meditatorum
1530 478 1567 506 F.
1589 479 1619 507 3.
1645 481 1682 507 G.
1706 480 1732 508 1.
1750 481 1781 509 2.
1802 479 1823 508 f.
1850 480 1887 508 D.

95 529 180 555 lunt.
205 528 235 555 2.
285 527 339 552 tot
361 523 600 553 emedz‘atorum
626 526 662 553 F.
691 528 718 554 1.
745 529 825 553 teste
843 524 1096 560 Lindenbrogio,
1121 525 1204 552 Elm.
1225 531 1242 551 e
1261 524 1329 551 cod.
1348 523 1433 551 Flor.
1453 526 1576 551 enotat:
1604 526 1656 551 tot
1673 522 1887 552 medicorum

97 570 349 599 emedv'atorum.
387 573 440 598 tot
454 569 620 598 medicam
640 572 676 598 L.
695 572 749 599 Al.
785 568 1023 597 meditatorum
1049 572 1130 598 teste
1147 569 1236 597 colv.
1274 570 1326 595 tot
1348 566 1546 595 meditatum
1571 570 1640 597 cod.
1658 570 1806 599 U'ower.
1826 572 1887 598 Ms.

97 618 208 645 Brant.
226 617 280 644 Al.
316 614 554 643 meditatorum
574 619 655 644 teste
674 616 816 643 Brantio.
855 617 907 641 tot
925 616 1126 642 metaturum
1145 615 1200 642 Al.
1219 614 1287 642 cod.
1308 616 1389 641 teste
1402 614 1484 640 Elm.
1509 613 1610 641 Miror
1622 613 1697 642 hinc
1711 615 1809 646 Oud..
1835 616 1887 648 qui

99 659 321 689 mediatorum
336 663 506 695 plerosque
519 663 607 690 codd.
629 663 781 696 praehere
799 660 953 694 ammian
979 660 1016 687 de
1029 659 1100 687 suis
1114 659 1278 694 excerptis
1292 659 1381 686 codd.
1397 657 1478 686 nihil
1497 658 1644 691 protulit.
1671 660 1753 687 unde
1773 662 1888 693 proha-

98 706 164 735 nile
177 710 242 740 est,
267 714 340 734 eum
356 709 410 734 aut
425 704 646 734 mediatorum
666 710 720 734 aut
741 706 821 733 nihil
841 708 1001 733 eumanum
1021 702 1198 732 invenisse.
1237 706 1342 730 lotam
1357 701 1578 729 mediatorum
1593 710 1622 737 p,
1638 703 1686 731 ed.
1703 711 1747 737 pr,
1762 705 1888 732 Vivent

97 752 212 781 Vellet.
226 753 257 779 2.
272 753 303 780 4.
316 753 398 780 lunt.
417 753 444 779 l.
456 752 533 780 ΑΜ.
546 752 652 780 Paris.
676 753 712 779 In
726 752 795 778 edd.
810 750 883 778 inde
897 752 935 778 ab
951 749 1063 777 Colvio
1075 749 1195 784 legitur
1209 751 1259 775 lot
1272 746 1493 775 mediatorum
1506 747 1750 784 praesenciam.
1797 748 1888 776 illum

98 798 190 825 abest
205 804 224 825 a
237 793 266 825 ὃ.
315 795 483 824 annz'cnh’s
497 797 571 825 Cod.
587 798 697 824 U'ow.
710 796 857 828 idemque
869 794 1005 823 coniecit
1020 794 1104 821 Mod.
1119 795 1160 822 ad
1172 801 1273 828 marg.
1294 794 1342 822 ed.
1358 793 1448 822 Colv.
1484 791 1632 820 aniculis
1650 795 1687 822 L.
1725 793 1890 821 avinculis

98 842 167 869 cod.
180 843 292 870 Brant.
317 840 471 869 arm’culz’s
483 843 593 870 u’ow.
607 845 636 869 et
651 841 736 870 Prie.
775 838 932 877 famulos
946 846 1001 874 pro
1013 837 1162 866 serratus
1177 846 1217 866 ex
1230 841 1340 873 glossa
1355 839 1389 866 B.
1416 844 1532 866 serras
1552 839 1588 867 G.
1610 839 1638 866 1.
1658 838 1679 867 f.
1728 837 1767 865 de
1786 846 1893 866 eausa

98 894 156 920 pro
171 887 209 915 de
222 885 342 913 casula
354 888 468 915 Venet.
484 888 514 914 4.
529 888 604 915 Bas.
653 888 867 922 stratumque.
882 892 937 918 pro
952 883 1135 920 statimque
1150 884 1352 918 ineptissime
1366 883 1502 912 coniecit
1519 883 1685 912 Brantius,
1709 883 1893 921 stutimqm

97 931 242 967 proiecit
254 929 329 958 inde
341 928 370 960 δ.
384 934 469 960 male
481 954 488 968 ‚
515 935 548 960 ut
562 940 579 960 e
592 939 679 966 seqq.
694 934 838 965 apparet.
864 931 944 958 Puto
959 937 999 958 ex
1012 929 1204 957 confusione
1217 929 1477 962 compendiorum
1489 929 1658 957 lectionem
1678 933 1787 958 natam
1808 937 1892 958 esse.

99 975 146 1012 ἵι,
172 978 193 1006 i.
208 986 236 1006 e.
249 976 297 1004 1'r1'
307 980 335 1005 et
351 976 386 1004 ἰῆ
397 977 418 1005 i.
432 986 459 1006 e.
473 975 560 1006 inde.
584 976 624 1005 cf.
640 978 694 1005 Dr.
710 977 749 1004 ad
764 976 834 1004 Liv.
850 977 873 1004 1.
889 976 941 1003 54.
956 970 987 1014 ξ
998 976 1026 1004 1.
1051 975 1172 1003 Eadem
1187 974 1311 1003 ratione
1325 977 1490 1008 peccatum
1511 977 1558 1002 est
1579 974 1613 1002 in
1632 975 1687 1005 D..
1714 974 1892 1012 quiprm'e-

99 1025 189 1050 ctum
202 1022 237 1050 iu
250 1024 357 1051 habet.

103 1143 414 1182 necessitudines
447 1155 662 1192 omnesque
692 1142 716 1179 ii
741 1155 841 1192 quos
868 1155 968 1180 ama-

104 1201 169 1239 vit.
216 1199 350 1238 Locus
375 1212 489 1249 quem
521 1199 588 1236 ille
619 1199 737 1236 innuit
767 1211 816 1235 ex
843 1198 967 1236 Amin.

107 1255 302 1300 Marcell„
326 1269 402 1306 quo
429 1256 621 1294 caritates
645 1255 722 1292 sint
748 1254 883 1299 liberi,
909 1258 969 1291 est

103 1312 188 1349 sine
212 1312 328 1350 dubio
355 1309 503 1350 XXIV.
521 1317 553 1350 1.
569 1310 600 1360 ξ.
616 1313 651 1350 9.
685 1309 854 1361 Reliqui
879 1324 970 1348 vero

103 1383 192 1408 eam
223 1368 522 1407 caritatibus
549 1367 631 1406 suis
648 1371 686 1405 et
703 1366 969 1418 supellectite-

103 1423 177 1463 sed
194 1423 256 1462 hic
275 1436 430 1475 quoque
449 1423 498 1461 de
516 1427 597 1461 tota
618 1421 762 1461 familia
776 1421 970 1472 explicare

103 1479 321 1526 maluerim,
360 1493 475 1531 quam
512 1479 562 1517 de
596 1478 696 1517 solis
733 1477 882 1522 liberis,
918 1478 969 1515 uti

103 1540 235 1575 nostro
267 1549 423 1588 quoque
454 1535 553 1574 loco.
600 1535 704 1573 Nos:
741 1548 811 1586 per
840 1534 970 1581 auem,

103 1608 186 1633 <was
209 1593 290 1632 ihm
314 1593 453 1632 tlzeaer
477 1593 538 1631 ist.
581 1591 644 1630 De
667 1605 709 1630 re
734 1590 783 1630 ef.
799 1589 970 1629 Hanscn.

106 1649 156 1687 (le
181 1651 262 1687 iure
286 1648 356 1687 Iur.
382 1652 472 1687 vett.
499 1662 531 1686 e.
549 1652 610 1688 15.
637 1649 672 1686 in
695 1648 833 1687 Graev.
850 1646 969 1686 Thes.

105 1705 266 1757 ⁷1¹.V.‚'p.
280 1709 391 1750 840„
417 1705 481 1755 qui
506 1705 608 1742 idem
632 1707 741 1755 putat
760 1717 879 1743 caros
897 1703 971 1741 dici

106 1762 265 1802 liberos.
288 1760 422 1800 Horat.
448 1760 573 1813 Epod.
589 1760 636 1799 V.
663 1760 718 1813 5.]

161 1819 440 1858 mediatorum.
510 1817 680 1855 XVower.
718 1820 756 1854 et
790 1814 971 1855 Brantius

106 1874 325 1926 praeferunt
348 1873 613 1912 nonnullorum
633 1872 746 1911 codd.
765 1872 970 1911 lectionem

106 1936 360 1973 metatorum,
397 1929 502 1981 quod
530 1943 614 1968 voc.
651 1941 873 1969 mensorum
904 1942 972 1966 ex-

108 1987 270 2040 plicant,
295 1988 383 2038 quia
397 1987 574 2037 quaestio
588 1986 715 2024 finium
729 1990 834 2024 mota
849 1985 971 2024 fuerit.

106 2043 294 2094 Idemque
315 2043 483 2080 maxime
506 2042 645 2081 arridet
657 2042 759 2081 Oud.
782 2055 866 2081 cum
881 2040 974 2080 Tol-

109 2101 174 2145 lio,
188 2104 228 2138 et
241 2099 359 2137 Voss.
375 2098 424 2136 de
438 2099 538 2137 vitiis
552 2098 676 2138 Serui.
691 2112 727 2150 p.
746 2103 827 2145 76..
843 2111 972 2149 quam-

110 2169 224 2207 quam
235 2154 345 2194 'Oud.
370 2157 457 2207 ipse
481 2155 648 2194 coniicit:
673 2160 797 2194 totam
823 2155 972 2194 medio·

110 2227 196 2252 ram
215 2213 502 2264 praesentiam,
526 2214 568 2249 ut
590 2212 712 2250 medii
735 2211 813 2250 sint
835 2224 974 2262 seque-

109 2268 198 2314 stri,
224 2281 324 2319 quos
348 2267 562 2318 depravata
584 2265 770 2306 latinitate
795 2267 886 2306 dicit
909 2281 974 2305 no-

113 2325 245 2364 minari
280 2323 524 2362 mediatores
565 2323 652 2362 coll.
689 2322 888 2362 Passerat.
924 2324 975 2362 ad

110 2380 227 2432 Prop.
251 2380 320 2419 lV.
345 2385 384 2420 4.
409 2384 474 2420 58.
522 2379 658 2418 Heius.
688 2380 738 2418 ad
769 2379 905 2419 Claud.
937 2381 973 2418 in

112 2437 205 2477 Rus.
231 2436 277 2476 Il.
303 2440 397 2477 309.
434 2435 554 2487 [Cort.
580 2435 630 2474 ad
654 2434 800 2475 Lucan.
828 2435 852 2474 l.
882 2440 972 2478 100.

117 2498 206 2534 118.
232 2493 302 2532 Dr.
326 2493 377 2531 ad
402 2492 472 2531 Sil.
498 2491 608 2530 XVI.
634 2491 752 2545 222]
789 2491 977 2531 Pricaeus

113 2550 295 2589 emendat
327 2549 605 2588 mendicorum
640 2548 662 2587 i.
689 2562 722 2588 e.
752 2561 977 2600 pauperum,

113 2607 217 2659 quod
245 2606 400 2645 minime
429 2605 622 2650 convenit,
659 2618 775 2656 quum
803 2609 884 2643 tres
912 2605 977 2643 filii

113 2663 212 2702 inter
245 2675 317 2701 eos
351 2662 507 2700 minime
542 2662 694 2712 possint
728 2660 860 2699 rel'erri
906 2675 978 2700 nec

113 2720 241 2758 minus
270 2723 430 2770 propter
460 2717 684 2756 latinitatem
707 2716 812 2755 Oud.
842 2717 979 2768 impro-

119 2776 228 2814 batur
248 2774 393 2814 Brantii
419 2775 640 2813 coniectura
662 2775 834 2816 mentor,
860 2772 979 2825 [quae

116 2835 246 2870 tamen
269 2830 357 2870 loco
382 2831 552 2869 Frontin.
568 2829 746 2881 Aquaed.
761 2832 827 2870 79.
852 2844 878 2868 a
900 2843 979 2869 me-

122 2887 353 2927 titoribns
392 2887 577 2940 ‘reliquae
618 2887 833 2938 quinariae
866 2886 980 2926 intra

127 2943 272 2983 Urbem
296 2944 585 2983 dividebantur
608 2946 647 2980 et
677 2941 797 2980 forma
819 2942 981 2993 perfecti

120 3001 275 3039 metitus
292 3000 544 3039 confirmatur.
582 2998 671 3037 Nec
688 2999 725 3036 in
743 3002 890 3037 textum
909 3010 982 3038 me-

122 3060 231 3094 tator
264 3056 326 3093 vel
360 3057 520 3096 metitur
554 3055 726 3107 recipere
755 3054 983 3100 dubitarem,

120 3111 190 3149 nisi
209 3112 434 3151 recederent
454 3113 606 3151 nimium
626 3111 814 3150 lectiones
833 3122 853 3149 a
869 3111 981 3149 codd.

1029 1141 1223 1191 vestigiis.
1250 1140 1313 1192 qui
1334 1141 1465 1191 optimi
1484 1140 1567 1179 fere
1586 1140 1621 1178 in
1635 1141 1895 1180 meditatores

1029 1197 1284 1236 consentiunt.
1333 1197 1603 1236 meditatores
1638 1198 1672 1235 si
1709 1197 1797 1248 quis
1830 1197 1894 1235 ‹lv-

1028 1253 1188 1291 rendere
1206 1253 1312 1298 velit,
1339 1253 1528 1292 meditari
1552 1253 1654 1291 idem
1678 1253 1896 1304 significare

1027 1314 1163 1362 ponat,
1207 1309 1311 1359 quod
1348 1308 1572 1355 consulere,
1617 1309 1653 1347 in
1692 1310 1893 1348 consilium

1028 1365 1233 1410 adhibere,
1265 1369 1305 1403 ut
1330 1366 1588 1404 meditatores
1612 1366 1707 1411 sint,
1737 1367 1802 1416 qui
1826 1367 1893 1404 ad-

1027 1422 1170 1460 sistunt
1193 1421 1316 1459 vicino
1342 1423 1377 1459 in
1403 1420 1477 1459 hac
1495 1435 1536 1459 re
1557 1421 1837 1460 consideranda
1858 1428 1894 1460 et

1030 1477 1315 1530 perpendenda.
1348 1476 1461 1523 Quae
1486 1477 1642 1528 quidem
1667 1477 1895 1529 significatio

1029 1548 1146 1586 quum
1170 1534 1287 1572 altius
1306 1533 1396 1571 mihi
1415 1534 1581 1585 repetita
1598 1534 1773 1573 videatur
1791 1547 1896 1574 esse.

1028 1591 1207 1643 praefero
1233 1590 1394 1629 alteram
1425 1589 1632 1628 lectionem
1656 1591 1899 1630 mediatores

1030 1649 1052 1686 i.
1077 1661 1113 1686 e.
1143 1647 1266 1686 medii
1305 1650 1343 1685 et
1371 1651 1608 1698 sequestres,
1645 1646 1750 1698 quod
1784 1661 1897 1686 voca-

1028 1705 1162 1743 bulum
1198 1717 1221 1742 a
1258 1701 1517 1749 Tertulliano,
1554 1702 1759 1742 Lactantio
1797 1704 1896 1745 aliis.

1030 1773 1124 1813 prae
1158 1759 1299 1799 ceteris
1334 1760 1555 1810 Augustino
1590 1763 1810 1812 usurpatur,
1858 1766 1899 1799 ut

1031 1816 1211 1856 Consess.
1225 1814 1276 1855 X.
1293 1819 1356 1856 42.
1382 1815 1636 1855 Mediator
1661 1817 1766 1856 inter
1780 1817 1896 1858 deum

1031 1879 1069 1912 ct
1092 1873 1285 1917 homines,
1310 1871 1384 1910 sed
1408 1884 1567 1924 semper
1592 1872 1641 1910 de
1657 1871 1822 1912 Christo.
1847 1873 1896 1912 cf.

1031 1930 1167 1969 Gloss.
1197 1927 1327 1980 Cyrill.
1348 1942 1387 1979 p.
1401 1932 1495 1969 537.
1512 1930 1661 1980 μεσίτης
1679 1934 1896 1981 sequester.

1030 1987 1266 2031 arbitrator,
1297 1985 1510 2024 mediator.
1563 1984 1664 2024 Hinc
1694 1985 1898 2025 barbarum

1030 2042 1260 2080 vocabulum
1275 2055 1348 2079 non
1361 2040 1652 2092 appellaverim,
1665 2055 1897 2094 quamquam

1029 2100 1135 2150 prius
1159 2098 1235 2136 hoc
1248 2097 1404 2148 Apuleii
1424 2097 1605 2149 exemplo
1630 2098 1798 2137 invenire
1823 2113 1896 2136 non

1029 2156 1146 2207 potui.
1174 2154 1222 2194 cs.
1237 2154 1289 2192 du
1303 2152 1421 2205 Cang.
1442 2154 1578 2193 Gloss.
1603 2167 1636 2193 s.
1655 2168 1690 2194 v.
1739 2154 1803 2194 De
1823 2169 1896 2194 me-

1033 2216 1143 2251 tator
1190 2210 1237 2249 cf.
1258 2210 1381 2250 Voss.
1412 2209 1584 2262 Etymol.
1608 2224 1640 2250 s.
1665 2225 1702 2250 v.
1733 2210 1835 2250 cort.
1860 2217 1898 2249 et

1032 2267 1147 2307 Mart.
1177 2267 1276 2317 Lag.
1309 2266 1360 2306 ad
1390 2266 1538 2307 Lucan.
1562 2266 1629 2306 Vl.
1655 2271 1721 2309 32.
1767 2267 1897 2306 Doed.

1033 2324 1248 2376 Synonym.
1275 2322 1320 2362 T.
1335 2322 1378 2362 ll.
1404 2327 1545 2374 p.169.
1570 2322 1656 2363 lntt.
1681 2323 1729 2363 ad
1752 2324 1897 2363 Arnob.

1033 2380 1078 2420 ll.
1105 2385 1169 2421 57.
1196 2379 1240 2418 Τ.
1267 2379 1310 2418 ll.
1336 2394 1373 2431 p.
1399 2383 1465 2420 84.
1490 2379 1550 2418 ed.
1576 2379 1718 2433 Orell.]

1087 2437 1296 2477 auricnlt‘s.
1341 2436 1510 2474 Wower.
1538 2438 1691 2489 corrigit
1715 2437 1898 2477 amiculis

1036 2494 1058 2532 i.
1077 2507 1111 2533 e.
1136 2494 1332 2539 vestibus,
1356 2491 1558 2532 Brantius:
1583 2493 1796 2532 maniculis
1820 2493 1842 2531 i.
1863 2505 1895 2530 e.

1034 2551 1216 2590 manicis.
1236 2550 1380 2587 Verum
1392 2550 1495 2600 prior
1508 2549 1621 2587 lectio
1635 2563 1709 2588 non
1723 2550 1899 2588 convenit

1034 2607 1233 2658 participio
1247 2606 1459 2652 sublatam,
1477 2605 1597 2643 multo
1615 2606 1741 2644 minus
1754 2603 1898 2644 Brantii

1035 2663 1248 2702 maniculis
1277 2675 1311 2701 s.
1341 2661 1607 2714 χειροδέσμοις,
1644 2662 1748 2712 quod
1783 2661 1897 2699 etiam

1037 2718 1227 2771 Sopingio
1264 2731 1287 2756 e
1324 2717 1485 2756 Glossis
1523 2717 1588 2770 [cf.
1611 2717 1722 2756 Vulc.
1748 2731 1785 2768 p.
1812 2717 1894 2770 85.]

1035 2774 1241 2814 manicata
1268 2776 1401 2826 χείρων
1429 2774 1465 2812 in
1490 2778 1657 2813 mentem
1681 2774 1802 2820 venit,
1834 2774 1897 2825 qui

1036 2834 1238 2882 praeterea
1272 2830 1413 2869 frustra
1448 2831 1624 2869 coniecit:
1655 2830 1897 2869 mannia-ulis

1036 2886 1272 2932 tendiculis,
1296 2887 1402 2925 inter
1424 2900 1574 2927 manas.
1612 2885 1773 2925 Sciebat
1795 2886 1896 2924 enim

1039 2943 1137 2982 satis
1161 2942 1228 2980 ille
1250 2945 1392 2994 potens
1417 2943 1592 2993 quamvis
1617 2945 1656 2980 et
1679 2942 1803 2989 dives,
1826 2943 1899 2995 pri-

1038 3002 1152 3037 vatus
1171 3002 1298 3037 tamen
1318 2997 1393 3036 sibi
1417 3012 1492 3037 non
1518 2998 1647 3045 licere,
1672 2998 1736 3037 alii
1753 2999 1898 3038 homini

1039 3053 1161 3092 libero
1186 3054 1358 3093 manicas
1382 3054 1547 3093 iniicere.
1582 3054 1784 3106 Nequeiis
1798 3068 1898 3108 opus

1039 3115 1121 3150 erat
1133 3111 1182 3149 ad
1194 3110 1486 3150 vindicationem
1499 3112 1769 3163 possessionis
1787 3113 1898 3150 istius
