2221 3667
209 1043 275 1076 807

295 153 405 197 1078
548 152 594 191 L.
625 149 845 189 APULEII
875 146 1278 189 MADAURENSIS
1306 147 1852 189 METAMORPHOSEON

297 265 494 307 convivia.
545 262 643 304 Dies
673 263 792 303 etiam
816 261 957 302 tertius
981 261 1067 316 pari
1092 261 1399 302 cerimoniarum
1424 261 1503 302 ritu
1529 260 1773 311 celebratus,
1799 269 1839 302 et
1860 261 2099 303 ientaculum

296 322 525 375 religiosum
551 327 591 360 et
614 319 758 359 teletae
782 318 958 372 legitima
984 318 1284 358 consummatio.
1335 317 1479 358 Paucis
1506 317 1644 358 dehinc
1669 317 1810 358 ibidem
1836 326 2101 362 commoratus

297 378 434 418 diebus
460 375 729 430 inexplicabili
753 374 955 428 voluptate
974 374 1176 415 simulac-ri
1195 374 1316 415 divini
1337 374 1591 429 perfruebar,
1619 374 1937 416 irremunerabili
1963 375 2102 428 quippe

295 432 485 475 beneficio
510 432 755 487 pigneratuS.
806 428 885 472 Sed
911 431 1066 471 taudem
1092 431 1188 472 deae
1213 431 1362 471 monitu
1385 431 1479 471 licet
1504 445 1582 471 non
1609 430 1736 484 plene,
1766 437 1894 470 tamen
1920 444 1991 484 pro
2014 444 2101 471 meo

297 489 454 531 modulo
486 488 688 543 supplicue
718 488 858 542 gratiis
891 487 1124 543 persolutis,
1164 488 1316 528 tardam
1348 487 1445 527 satis
1478 487 1755 527 domuitionem
1788 500 1993 541 comparo3
2031 487 2104 526 vix

299 546 477 600 equidem
509 545 686 599 abruptis
718 544 987 585 ardentissimi
1018 544 1203 584 desiderii
1232 544 1479 585 retinaculis,
1540 542 1782 584 Provolutus
1813 543 1980 596 denique
2012 549 2104 583 ante

298 609 550 657 conspectum
588 602 701 650 deae,
738 609 778 641 et
813 601 914 641 facie
950 614 1037 641 mea
1074 601 1139 640 diu
1171 601 1339 641 detersis
1370 600 1551 654 vestigiis
1583 600 1690 650 eius,
1730 600 1903 641 lacrimis
1934 599 2100 649 obortis,

299 659 475 713 singultu
499 658 638 700 crebro
664 671 884 699 sermonem
912 657 1154 698 interficiens
1181 665 1220 697 et
1243 657 1366 698 verba
1391 657 1590 698 devorans
1615 656 1700 696 aio:
2043 659 2046 663 ’

836 819 1278 867 CAPUT
1381 819 1571 867 XXV.

411 933 476 974 Tu
500 932 653 986 quidem
679 938 818 972 sancta
842 938 883 971 et
906 930 1065 971 humani
1092 930 1250 985 generis
1271 931 1507 985 sospitatrix
1526 937 1730 985 perpetua,
1758 944 1913 984 semper
1927 930 2107 970 fovendis

301 990 532 1031 mortalibus
568 988 774 1038 munifica,
819 988 971 1028 dulcem
1012 988 1151 1028 matris
1196 987 1444 1028 affectionem
1481 987 1716 1028 miserorum
1756 988 1910 1027 casibus
1948 986 2105 1027 tribu-is.

300 1047 388 1088 'Nec
413 1047 496 1087 dies
521 1060 595 1086 nec
620 1045 731 1099 quies
757 1045 836 1085 ulla
862 1059 908 1085 ac
933 1058 982 1085 ne
1006 1051 1246 1084 momentum
1272 1045 1427 1098 quidem
1454 1051 1571 1085 tenue
1598 1044 1675 1084 tuis
1696 1043 1703 1099 Ι
1724 1043 1966 1084 transcurrit
1987 1043 2107 1084 bene-

300 1104 399 1145 ficiis
425 1103 616 1153 otiosum3
644 1102 738 1155 quin
762 1101 863 1141 mari
889 1108 1072 1155 terraque
1098 1108 1283 1155 protegas
1310 1101 1503 1152 homines,
1532 1108 1572 1141 et
1597 1101 1768 1155 depulsis
1796 1101 1900 1141 vitae
1925 1100 2107 1155 procellis

302 1162 513 1202 salutarem
559 1159 741 1213 porrigas
784 1158 1011 1209 dexteram,
1057 1172 1133 1211 qua
1176 1158 1347 1198 satorum
1390 1158 1507 1198 etiam
1550 1157 1886 1198 inextricabiliter
1925 1164 2109 1198 contorta

302 1224 495 1259 retractas
532 1216 643 1264 licia,
681 1222 721 1255 et
757 1215 940 1255 fortunae
978 1221 1230 1269 tempestates
1262 1215 1443 1269 mitigas,
1479 1222 1518 1256 et
1548 1215 1749 1255 stellarum
1783 1214 1926 1254 noxios
1956 1220 2108 1254 meatus

303 1335 373 1365 ἀίω
386 1335 472 1363 enim
488 1334 611 1362 tertius
623 1333 745 1363 Florid.
765 1333 893 1362 vitiose.
941 1331 1156 1361 ventaculum
1175 1335 1211 1361 0.
1250 1331 1458 1361 tentaculum
1472 1341 1502 1368 p,
1536 1331 1784 1360 intentaculum
1801 1333 1899 1362 Vulc.
1914 1333 1944 1361 2.
1959 1334 2109 1367 typothe-

305 1387 425 1418 tarum,
450 1384 486 1409 ut
498 1384 645 1415 apertum
659 1385 727 1416 est,
752 1379 844 1408 vitio.
886 1379 1009 1415 paucis
1022 1377 1142 1407 dehinc
1155 1379 1259 1405 etiam
1272 1380 1307 1408 Ο.
1333 1380 1380 1408 De
1400 1377 1636 1415 inexplicabili
1652 1376 1828 1415 voluptate
1852 1378 1893 1407 cf.
1913 1378 1953 1406 ad
1973 1380 2049 1406 Met.
2069 1379 2109 1406 11.

304 1437 334 1463 p.
349 1427 401 1455 87.
412 1449 419 1462 ,
444 1426 501 1455 ubi
516 1426 595 1454 Oud.
609 1424 900 1461 inexplicabiliter
913 1425 1074 1453 emendat.
1110 1423 1241 1462 quidem.
1256 1432 1312 1459 pro
1325 1423 1446 1461 qm’ppe
1461 1433 1489 1458 p.
1522 1423 1727 1460 pignorata-s
1740 1420 1769 1452 δ.
1783 1424 1882 1452 solita
1896 1422 2109 1451 aberratione.

304 1471 364 1500 sed
382 1470 516 1499 tandem
534 1472 570 1500 F.
590 1471 621 1499 3.
640 1472 677 1499 G.
697 1472 732 1499 P.
757 1469 876 1505 (etiam
898 1470 932 1498 in
951 1470 1115 1504 excerptis
1134 1470 1174 1498 ad
1193 1477 1295 1504 marg.
1315 1471 1364 1498 ed.
1385 1469 1495 1505 (ἰσὶν.)
1515 1471 1552 1497 1).
1572 1470 1608 1497 0.
1628 1469 1650 1497 s.
1669 1466 1698 1498 δ.
1712 1468 1754 1504 ξπ.
1776 1470 1857 1498 Coti.
1877 1468 1966 1502 Lips.
1980 1470 2064 1496 lunt.
2079 1469 2110 1496 2.

304 1519 416 1546 Vt'ow.
429 1517 516 1546 Prie.
530 1516 673 1545 Seriver.
697 1518 734 1545 In
748 1519 821 1545 cett.
836 1513 895 1543 sed
907 1518 1030 1542 tamen.
1054 1516 1171 1543 Statim
1184 1516 1333 1549 sequitur
1347 1517 1469 1543 [auten.
1506 1514 1635 1542 monita
1649 1515 1685 1544 G.
1700 1516 1738 1543 D.
1753 1516 1788 1543 0.
1813 1513 1917 1550 plane
1930 1510 1959 1542 δ’.
1984 1511 2111 1550 suppli-

305 1572 378 1590 cum
392 1564 429 1592 P.
454 1560 606 1598 supplica
621 1559 704 1594 (non
716 1559 874 1597 supplicii
885 1565 916 1589 nt
932 1561 965 1589 in
979 1562 1058 1589 Oud.
1073 1560 1235 1595 excerptis
1250 1560 1338 1594 erat)
1353 1562 1388 1589 G.
1403 1564 1432 1588 et
1446 1562 1483 1589 Ι).
1528 1559 1642 1597 gratis
1652 1568 1680 1594 p.
1696 1561 1744 1588 ed.
1760 1568 1805 1594 pr.
1815 1559 2065 1592 vicennvenet.
2079 1560 2112 1587 2.

305 1615 458 1645 compero
472 1608 587 1636 Venet.
601 1608 632 1634 4.
647 1607 752 1635 Paris.
767 1607 844 1635 Bas.
861 1607 890 1634 1.
916 1608 1044 1634 Mavult
1063 1607 1143 1634 Outl.
1163 1613 1236 1634 cum
1255 1606 1331 1633 aliis
1352 1608 1448 1640 plene
1466 1599 1744 1639 distinguereinon
1765 1608 1835 1639 post
1855 1611 2031 1640 cemeparv,
2055 1605 2110 1632 sed

305 1657 377 1690 post
397 1650 610 1689 retinaculis,
636 1659 733 1685 quam
746 1651 941 1680 sententiam
956 1652 1084 1680 Ruhnk.
1101 1651 1132 1679 in
1154 1655 1242 1679 textu
1255 1654 1390 1679 secutus
1404 1655 1463 1679 est.
1488 1652 1558 1685 Ego
1572 1658 1697 1684 quoque
1710 1649 1941 1684 obtemperavi.
1988 1647 2112 1676 arden-

307 1698 432 1727 tissimi
442 1706 507 1727 non
519 1702 680 1731 comparet
696 1697 730 1725 in
743 1697 779 1725 0.
827 1699 1017 1724 consectum
1035 1696 1069 1724 in
1084 1697 1179 1725 anc.
1194 1698 1224 1724 2.
1243 1699 1291 1724 est
1312 1698 1549 1730 typothetarum
1567 1703 1665 1723 error.
1713 1693 1861 1722 detrusis
1880 1694 2050 1723 lectionem
2063 1695 2111 1722 ed.

307 1754 355 1781 pr.
368 1744 497 1773 Vicent.
510 1744 626 1772 Venet.
641 1744 671 1771 2.
687 1742 902 1770 vitiosissime
916 1741 1137 1775 repetiverunt.
1148 1742 1225 1770 Bas.
1235 1762 1242 1773 ,
1257 1748 1353 1774 quam
1367 1744 1448 1769 hene
1461 1745 1647 1769 correxerat
1661 1741 1809 1769 Beroatd.
1820 1761 1828 1774 ,
1854 1743 1885 1768 ut
1898 1742 1980 1769 MSS.
1993 1742 2114 1770 habent

307 1795 336 1819 et
350 1790 512 1819 sententia
527 1789 680 1823 postulat.
697 1786 798 1814 tersis
812 1788 896 1815 lunt.
910 1787 1025 1815 1.Al‹1.
1073 1785 1205 1814 obortis
1225 1786 1247 1816 f.
1295 1793 1448 1814 sermone
1467 1795 1497 1821 p.
1545 1785 1658 1815 animo
1672 1787 1785 1815 Venet.
1799 1788 1831 1814 2.
1845 1788 1930 1815 lunt.
1948 1787 1976 1814 1.
1992 1787 2023 1814 ⁶2.
2037 1786 2112 1815 Ald-

307 1844 349 1865 ex
362 1834 546 1869 compendii
563 1833 615 1865 ,iio
631 1833 651 1862 i.
665 1842 692 1861 e.
713 1831 826 1859 animo
841 1831 1050 1870 confusione.

396 1882 533 1909 secreta
546 1880 582 1908 G.
596 1880 633 1907 P.
646 1880 686 1907 D.
734 1877 914 1914 sospitatis
927 1885 964 1906 π.
1002 1875 1156 1916 fovendo
1170 1875 1355 1905 moralibus
1368 1886 1399 1912 p.
1437 1875 1565 1915 quidem
1580 1885 1643 1906 non
1658 1881 1819 1912 comparet
1833 1876 1866 1905 in
1879 1878 1915 1905 G.
1930 1877 1966 1905 P.
1980 1878 2018 1906 D.
2032 1877 2069 1905 1..
2083 1873 2113 1905 δ.

307 1928 391 1962 quod
410 1927 441 1955 si
461 1925 606 1954 melioris
625 1927 720 1953 notae
738 1924 828 1951 codd.
849 1926 1038 1959 probarent,
1062 1924 1212 1957 equidem
1229 1925 1379 1952 lubenter
1395 1924 1584 1952 omitterem.
1632 1921 1680 1949 Ne
1699 1922 1785 1951 enim
1811 1922 2003 1958 simpliciter
2028 1923 2113 1957 apud

306 1973 486 2008 Apuleium
506 1971 654 2004 aliosque
672 1977 730 2004 pro
750 1976 790 1996 ne
809 1966 940 2005 quidem
960 1969 1113 2003 usurpari
1132 1970 1386 1998 demonstratum
1400 1970 1501 1997 estad
1516 1971 1593 1997 Met.
1606 1970 1630 1997 I.
1646 1977 1676 2003 p.
1690 1969 1743 1997 71.
1779 1976 1822 1995 ae
1835 1975 1875 1995 ne
1886 1964 2114 2006 sufficientem

308 2015 561 2054 supellectilem.
608 2012 803 2050 beneficium
818 2015 853 2043 0.
879 2022 900 2043 a
913 2022 953 2044 nt.
969 2022 998 2049 p.
1049 2022 1111 2051 que
1131 2022 1185 2049 pro
1205 2014 1285 2051 qm'n
1303 2014 1424 2043 vitiose
1443 2018 1490 2043 est
1510 2014 1544 2043 in
1562 2015 1639 2043 Bas.
1656 2015 1685 2043 1.
1732 2012 1894 2041 dextrum
1914 2020 2026 2043 omnes
2043 2014 2114 2042 edd.

308 2066 445 2100 habent,
470 2065 556 2090 certe
575 2068 658 2095 quas
677 2068 735 2096 ego
754 2067 943 2094 comparare
961 2060 1060 2094 potui.
1109 2062 1310 2096 tempestate
1330 2068 1360 2094 p.
1408 2059 1524 2087 vm-r'os
1544 2067 1600 2094 pro
1619 2058 1743 2087 noa-ios
1766 2061 1837 2088 edii.
1857 2062 1934 2088 vett.
1951 2066 2056 2094 usque
2073 2060 2113 2087 ad

309 2111 401 2139 cotv.
416 2112 546 2143 praeter
556 2108 639 2135 lunt.
653 2107 685 2134 2.
710 2100 821 2133 neotus
836 2113 891 2139 pro
906 2108 1038 2132 meatus
1052 2107 1288 2140 typothetarum
1302 2106 1394 2134 modo
1408 2113 1496 2134 error
1509 2109 1556 2133 est
1572 2106 1603 2133 in
1619 2106 1701 2134 notis
1714 2105 1831 2134 Roaldi
1843 2127 1850 2141 ,
1876 2105 1953 2134 licet
1965 2111 2062 2140 saepe
2076 2104 2114 2132 de

308 2156 451 2184 siderum
465 2161 563 2182 cursu
577 2154 635 2180 hoc
649 2153 845 2180 vocabulum
860 2155 1044 2185 usurpetur.

369 2257 641 2305 conspectum.
692 2249 790 2288 Elm.
817 2250 1000 2289 emendat
1024 2250 1186 2302 ineptis-

311 2312 411 2350 sime
437 2313 687 2360 conseptum,
713 2320 829 2358 quum
853 2320 967 2359 seqq.
993 2309 1092 2346 satis
1117 2306 1187 2346 do-

313 2371 443 2413 ceant,
470 2369 730 2416 conspectura
754 2363 817 2402 hie
842 2365 942 2402 bene
961 2377 1008 2402 se
1027 2364 1186 2404 habere.

314 2425 380 2464 Ad
393 2424 494 2462 deae
513 2422 614 2460 enim
634 2421 840 2471 imaginem
855 2421 1083 2473 provolutus
1098 2435 1186 2460 eam

314 2480 485 2521 lacrimis
509 2477 788 2523 humefecerat,
813 2482 853 2516 et
877 2477 977 2516 facie
1002 2478 1186 2517 crinibus-

315 2551 392 2590 que
417 2537 638 2575 deterserat
650 2547 673 2572 e
688 2534 1004 2584 frequentissimo
1022 2535 1185 2573 adoran-

316 2597 408 2633 tium
432 2605 559 2637 more3
607 2590 656 2630 cs.
682 2590 733 2630 ad
757 2590 906 2630 Lucan.
930 2589 978 2630 11.
1002 2595 1067 2632 30.
1094 2592 1189 2631 Hae

316 2651 495 2690 lacrimis
520 2661 706 2701 sparsere
729 2648 828 2687 deos
852 2648 903 2686 ad
926 2647 1024 2687 Met.
1043 2662 1080 2699 p.
1096 2652 1188 2690 384.

318 2714 416 2748 tune
451 2705 614 2759 Psyche
644 2705 774 2756 pedes
809 2705 893 2744 eius
928 2705 1126 2745 advoluta
1153 2711 1190 2745 et

317 2764 457 2804 uberi
477 2763 609 2814 fletu
632 2762 808 2814 riyans
831 2761 953 2801 (leae
976 2763 1190 2815 vestigia

319 2822 560 2872 humumque
582 2831 741 2857 verrens
766 2818 956 2858 crinibus.

378 2930 469 2974 CAP.
494 2929 628 2971 XXV.
680 2937 882 2972 retractas
906 2932 1019 2972 licia.
1080 2931 1127 2985 [i.
1153 2945 1188 2970 e.

318 2990 496 3035 retrahis,
510 2987 644 3027 differs
659 2988 708 3028 ef.
724 2988 861 3028 Gloss.
874 2987 1028 3028 Philox.
1044 3002 1080 3040 p.
1098 2993 1189 3030 187.

320 3051 518 3087 retractas
542 3045 749 3098 ὃιαλογίζῃ,
774 3042 983 3099 ἀναβάλλῃ,
1014 3049 1189 3085 δεισιδαι-

321 3112 458 3155 μονεῖς,
488 3100 688 3155 ἀναλογίζῃ
722 3125 772 3132 —-
804 3107 1003 3142 retractat
1027 3100 1191 3151 διστάζει

322 3165 545 3199 retractant
557 3157 840 3212 ἀντι-βάλλουσιν
853 3158 1149 3212 (ἀναβάλλουσιν
1156 3162 1189 3209 ,9)

1245 2256 1446 2291 retractat
1464 2249 1661 2304 ὑποχωρεῖ.
1710 2249 1783 2289 Est
1802 2250 1941 2289 eadem
1959 2254 2113 2289 senten-

1246 2309 1316 2355 tia,
1343 2321 1458 2359 quam
1483 2322 1519 2360 p.
1542 2312 1634 2349 766.
1660 2309 1857 2359 expressit
1881 2308 1943 2346 his
1966 2308 2114 2346 verbis:

1248 2366 1398 2418 quodsi
1426 2365 1579 2405 sedulis
1611 2365 1812 2417 obsequiis
1841 2370 1878 2404 et
1908 2365 2115 2417 religiosis

1245 2422 1482 2462 ministeriis
1528 2427 1567 2461 et
1613 2422 1822 2461 tenacibus
1868 2421 2115 2461 castimoniis

1244 2492 1389 2518 numen
1441 2483 1622 2518 nostrum
1670 2479 1964 2531 promerueris,
2017 2478 2116 2517 scies

1243 2535 1382 2574 ultra
1404 2540 1592 2575 statuta
1613 2539 1726 2585 sato
1751 2540 1833 2573 tuo
1863 2535 2028 2587 spatia
2058 2535 2116 2572 vi-

1247 2596 1340 2630 tam
1367 2605 1558 2644 quoque
1582 2592 1672 2630 tibi
1694 2605 1979 2644 proroyare
2003 2590 2117 2630 mihi

1250 2648 1267 2686 I
1271 2650 1285 2686 i
1294 2662 1372 2688 cer
1382 2662 1414 2688 e.
1450 2647 1600 2687 Eadem
1618 2648 1766 2687 ratione
1779 2648 1876 2686 dixit
1887 2647 2002 2686 Ovid.
2018 2645 2114 2685 Met.

1247 2703 1298 2743 X.
1326 2709 1390 2746 31.
1411 2710 1643 2757 properata
1667 2706 1879 2744 retexite.
1900 2705 2026 2755 fata,
2051 2704 2116 2742 ubi

1247 2761 1356 2801 multi
1382 2760 1466 2800 Intt.
1492 2762 1700 2800 emendant
1721 2760 1832 2814 filu]

1302 2820 1502 2870 fortunae
1537 2823 1787 2870 tempestates
1816 2817 1991 2870 mitiyas.
2047 2815 2114 2869 [cf.

1247 2875 1465 2914 sacerdotis
1501 2876 1711 2915 orationem
1742 2887 1779 2926 p.
1817 2878 1898 2914 782
1928 2886 2016 2925 sqq.
2067 2873 2116 2913 cs.

1248 2933 1394 2972 Arnob.
1410 2931 1456 2971 ll.
1477 2937 1542 2973 45.
1568 2933 1610 2970 in
1635 2945 1818 2983 corpora
1842 2932 1918 2976 ire,
1946 2943 2117 2982 quorum

1248 2990 1419 3029 indutae
1442 2989 1675 3029 carceribus
1704 2988 1776 3027 sub
1795 2987 1999 3039 procelh‘s
2021 3000 2115 3040 aye-

1247 3051 1339 3086 rent
1396 3044 1865 3097 tempestatibusque
1930 3043 2117 3096 quotidie

1245 3106 1501 3156 fortunae3
1548 3115 1585 3153 p.
1611 3105 1703 3142 782.
1734 3101 1893 3153 maynis
1918 3102 2117 3153 fortunae

1249 3157 1652 3213 tempestatibus]
