2155 3590
683 123 871 166 LIBER
895 123 1016 166 Vm.

1077 124 1151 165 CA
1160 124 1205 167 P.
1236 125 1275 165 X
1285 126 1332 165 V.
1840 123 1922 168 693

115 238 263 280 affectis
289 237 447 278 rusticis
474 237 746 279 annuntiabat.
794 237 910 279 Tunc
935 238 992 279 illi
1017 239 1157 280 mutati
1182 238 1329 280 domini
1355 237 1571 280 novitatem
1603 244 1847 289 metuentes,
1883 246 1922 280 et

117 294 375 336 infortunium
407 295 544 334 doinus
576 295 712 335 herilis
744 295 862 336 altius
895 296 1132 336 miserantes
1158 296 1298 350 fugere
1328 302 1574 349 comparant.
1625 293 1703 336 Sed
1729 307 1920 348 equorum

111 352 315 405 magister,
329 351 393 404 qui
408 365 468 391 me
483 352 699 392 curandum
713 366 857 406 magna
872 353 936 393 ille
951 352 1104 406 quidem
1121 352 1458 393 commendatione
1473 358 1719 406 susceperat,
1737 352 1918 405 quicquid

109 410 149 449 iu
164 408 297 449 casula
318 407 533 464 pretiosum
555 409 832 463 conditumque
852 409 1054 460 servabat,
1073 409 1182 466 {meo
1196 416 1312 463 atque
1333 408 1500 448 aliorum
1516 407 1781 448 iumentorum
1799 409 1916 449 dorso
1943 413 2009 446 548

109 523 260 563 affectus
274 534 304 561 p.
320 529 348 555 et
364 527 400 555 Β.
426 524 502 560 [sed
518 526 551 554 in
565 526 666 554 Moolii
682 527 857 555 collatione
870 527 953 556 nihil
968 528 1158 556 adnotatum
1173 522 1252 567 est.)
1300 523 1442 554 dominia·
1451 527 1487 555 G.
1504 527 1534 556 1.
1548 526 1579 555 2.
1595 526 1630 555 P.
1645 526 1680 555 O.
1694 526 1731 555 L.
1747 526 1769 554 f.
1785 536 1818 561 φ.
1833 523 1862 555 δ.
1876 528 1916 556 D.

106 574 217 601 U'ow.
233 572 336 600 Scriv.
352 572 435 600 Prie.
450 572 568 600 Floria.
594 573 630 600 In
645 576 719 600 cett.
735 570 869 599 domini.

108 620 172 644 tem
187 617 208 646 f.
247 617 361 656 fugae
374 624 409 644 se
423 620 623 653 comparant
641 618 754 646 Vellet.
769 620 799 646 4.
815 618 918 646 Colin.
934 618 1037 646 Basil.
1052 620 1135 646 lunt.
1152 620 1182 646 2.
1197 617 1314 656 fugae
1327 619 1533 653 comparant
1543 618 1628 645 lunt.
1644 617 1674 645 1.
1689 618 1765 646 Am.

917 573 1118 600 mentientes
1133 581 1188 607 pro
1201 574 1386 600 metuentes
1399 573 1435 600 G.
1451 573 1481 600 1.
1495 579 1532 600 π.
1580 574 1766 599 metuentes
1779 573 1918 599 novita-

1813 616 1873 645 sed
1883 620 1921 644 et

103 670 267 700 equorum
280 663 359 691 Oud.
381 663 520 691 coniecit
542 663 625 691 citra
643 664 886 692 necessitatem.
911 664 1003 692 Nova
1016 664 1102 699 enim
1120 663 1234 697 incipit
1250 663 1426 697 enarratio,
1453 662 1549 690 cuius
1563 662 1738 690 transitum
1751 663 1918 696 particula

104 706 163 736 sed
179 708 268 736 facit.
318 716 442 745 magna
461 707 523 735 illa
543 707 830 736 commendatione
850 706 879 737 ὃ.

927 716 1002 736 mea
1021 707 1083 735 illa
1109 707 1238 746 quidem
1266 706 1552 735 commendatione
1571 708 1610 736 R.
1630 707 1651 736 f.
1690 707 1731 736 cf.
1751 709 1829 736 Met.
1843 709 1916 736 vn.

103 762 133 789 p.
157 754 233 782 ⁴73.
253 756 394 781 evocato
414 754 628 781 armentario
648 753 806 791 equisone
831 762 957 790 magna
975 762 1047 781 cnm
1066 753 1294 793 praefatione
1311 751 1521 781 deducendus
1534 752 1710 789 assigner,
1736 753 1822 780 unde
1836 754 1916 782 Oud.

101 799 168 834 legi
180 799 285 828 voluit
304 807 429 836 nmgna
449 798 510 826 illa
529 797 678 836 equidem
698 797 987 827 commendatione
1004 802 1057 828 vel
1077 807 1201 836 magua
1220 798 1284 826 illa
1303 806 1374 826 cum
1395 796 1694 826 commendatione.

1742 795 1825 835 quid
1836 799 1870 827 Ο.
1885 795 1915 827 δ.

103 842 193 882 quod
210 846 246 872 G.
270 846 298 874 1.
321 847 350 874 2.
370 843 410 874 D.
431 844 453 873 f.
496 843 658 881 pervolat
671 843 832 883 quicquid
844 845 877 872 in
891 843 1013 872 casula
1021 845 1210 881 pretiosum
1225 842 1463 881 conditumque
1477 842 1643 871 sera-abae
1660 846 1743 872 Mss.
1761 844 1847 872 Eun.
1862 844 1914 880 0.,

100 891 187 918 unde
199 891 282 918 Elm.
297 895 327 919 et
341 890 448 919 Scriv.
462 894 665 925 receperunt.
698 889 888 927 pretiosum
907 888 1144 928 conditumque
1163 889 1330 917 servabat
1346 888 1507 926 pervolat
1525 896 1596 916 meo
1618 891 1724 926 atque
1736 889 1772 918 F.
1788 889 1818 917 1.
1834 892 1916 917 teste

99 935 351 971 Lindenbrogio.
376 937 414 964 In
428 940 500 964 cett.
515 934 679 973 quidquid
690 937 723 963 in
738 934 859 963 casula
869 935 1056 972 pretiosum
1071 934 1241 963 conditum
1256 934 1418 963 servabat
1433 935 1554 963 omisso
1569 936 1730 963 vocabulo
1739 932 1914 971 pervolat,

100 980 153 1016 [ut
169 980 223 1009 »21
233 1003 240 1009 .
255 984 284 1009 et
299 982 334 1017 P.
348 982 382 1010 in
396 981 561 1016 excerptis
575 983 615 1010 ad
629 989 730 1017 marg.
744 983 794 1010 ed.
809 981 938 1018 Golia),
964 981 1030 1010 nisi
1044 982 1128 1015 qnod
1142 987 1224 1008 casu
1240 988 1296 1015 pro
1311 979 1433 1008 casula
1442 988 1472 1015 p.
1487 984 1516 1008 et
1532 977 1675 1016 capsula
1689 981 1727 1009 G.
1740 981 1766 1008 1.
1781 981 1913 1016 hahent,

101 1024 345 1064 Conditumque
358 1025 520 1054 servabat
534 1028 570 1055 F.
584 1028 616 1055 3.
638 1029 675 1056 G.
692 1029 720 1055 ·1.
735 1028 765 1056 2.
780 1028 816 1056 Ο.
831 1028 866 1055 P.
879 1027 917 1054 L.
937 1034 973 1054 π.
993 1034 1022 1060 p.
1042 1027 1082 1054 D.
1105 1028 1189 1054 Elm.
1205 1026 1312 1055 Seriv.
1332 1027 1454 1054 Florid.

1502 1024 1666 1053 servabat
1691 1027 1803 1054 exulat
1829 1032 1849 1054 a
1874 1026 1912 1053 R.

97 1079 235 1109 meoque
255 1073 308 1108 0.,
334 1073 420 1100 unde
438 1072 559 1101 Florid.
580 1072 626 1101 ita
645 1073 763 1108 edidit,
790 1080 883 1106 quem
897 1073 1027 1100 Ruhnk.
1049 1076 1184 1100 secutus
1199 1076 1244 1100 est
1260 1071 1293 1100 in
1308 1072 1389 1099 Oud.
1404 1071 1497 1109 edit„
1524 1075 1695 1106 praeterea
1708 1072 1813 1109 aeque
1827 1070 1913 1099 adii-

96 1118 198 1146 ciens.
223 1119 260 1146 In
275 1121 347 1146 cett.
361 1122 412 1146 est
425 1125 495 1144 meo
511 1121 614 1155 alque
628 1116 785 1146 aliorum.

97 1206 240 1257 Georg.
250 1204 312 1244 ΙΙΙ.
324 1209 416 1245 505.
434 1210 636 1244 attractus
649 1205 700 1244 ab
715 1205 801 1244 alto
817 1205 884 1256 Sp
895 1206 935 1242 ἰν
945 1205 972 1242 ἰ·

97 1268 182 1307 tns,
209 1263 414 1301 interdum.
431 1263 585 1314 yemitu
608 1263 759 1314 ,qv-acis.
786 1260 970 1299 Proxime

95 1318 247 1357 accedit
273 1317 383 1356 loeus
398 1317 575 1368 Propert.
595 1317 622 1357 l.
642 1322 703 1359 16.
720 1322 788 1358 32.
816 1318 971 1369 Smyet

95 1379 135 1414 et
155 1376 291 1414 invitis
315 1376 484 1426 spiritus
508 1376 550 1412 in
584 1374 783 1419 lacrimis,
820 1374 883 1411 ubi
919 1373 967 1412 cf.

93 1431 197 1478 lntt,
235 1432 299 1482 qui
335 1431 494 1477 docent,
534 1431 658 1470 rarius
690 1432 860 1483 spiritus
892 1429 967 1481 legi

91 1487 371 1540 significatione
383 1489 609 1537 suspiritus.
649 1487 798 1526 Eadem
821 1489 968 1525 ratione

95 1545 250 1585 Gellius
275 1544 370 1583 dixit
395 1543 482 1583 Xll.
514 1549 550 1584 5.
585 1559 702 1596 quem
731 1544 856 1583 locum
889 1542 967 1582 iam

90 1601 282 1641 Pricaeus
306 1600 461 1640 adtulit:
490 1601 803 1654 Spiritusque
835 1606 874 1640 et
897 1615 966 1640 on-

91 1659 238 1699 helitus
273 1672 294 1696 e
325 1663 498 1710 pectore
534 1660 619 1698 eius
654 1659 843 1702 evadere,
883 1672 966 1696 uon

92 1716 276 1755 dolorem
304 1716 435 1767 mayis
459 1716 710 1760 inchoantes,
746 1729 866 1768 quam
888 1729 965 1767 Im-

87 1786 214 1825 ynam
239 1771 433 1811 adrersns
464 1771 677 1824 dolorem]

145 1829 309 1868 domini.
360 1829 546 1867 Domz’m'i
561 1829 765 1866 lectionem
780 1827 883 1866 Oud.
899 1827 963 1866 de-

88 1885 211 1925 fendit
230 1898 280 1923 ex
301 1885 387 1924 loco
403 1885 545 1924 senec.
567 1885 617 1924 (le
639 1884 773 1924 Const.
788 1885 963 1935 Sapient.

89 1958 120 1982 c.
133 1946 194 1983 13.
209 1941 239 1992 ξ.
256 1947 292 1982 5.
310 1943 451 1981 Habes
462 1942 534 1981 snb
550 1947 586 1981 te
602 1942 797 1985 Parthos,
814 1941 964 1980 Medos

87 2005 125 2039 et
140 1999 416 2039 Bactrianos:
444 1999 515 2038 sed
532 2013 634 2051 quos
646 2003 749 2038 metu
766 1995 962 2043 contines-⁹,

86 2056 158 2096 sed
177 2060 357 2108 propter
380 2057 701 2107 quos-'remittere
727 2069 869 2094 arcum
889 2055 963 2093 tibi

87 2127 169 2152 non
196 2113 418 2165 contheyit,
444 2112 516 2150 sed
534 2116 780 2164 postremos,
806 2111 879 2150 sert
903 2125 961 2150 re-

87 2169 217 2215 ηαῖεε,
248 2169 320 2207 sed
351 2182 519 2207 novum
547 2173 850 2220 aucupantes
882 2168 960 2207 do·

87 2226 302 2269 minium,
339 2225 403 2263 ubi
442 2224 489 2262 cf.
523 2224 640 2263 Gron.
674 2229 713 2263 et
746 2226 876 2263 Arntz.
910 2224 958 2263 ad

87 2282 220 2321 Aurel.
252 2281 352 2320 Vict.
386 2280 488 2332 Epit.
521 2295 552 2320 c.
580 2285 618 2322 6.
657 2282 768 2320 salvo
800 2286 959 2320 exemto

87 2339 320 2377 dominio.
348 2337 415 2390 [cf.
443 2337 632 2376 Buenem.
659 2338 708 2377 ad
734 2337 845 2377 Lact.
867 2337 959 2376 lust.

86 2394 131 2434 Il.
158 2398 197 2436 5.
221 2395 252 2445 ᾧ.
280 2399 343 2435 41.
372 2408 407 2446 p.
423 2398 516 2435 203.
544 2399 584 2433 et
607 2395 658 2433 ad
683 2394 750 2434 lv.
778 2399 842 2435 25.
870 2395 901 2445 ᾗ.
923 2398 959 2435 9.

84 2466 121 2505 p.
144 2455 236 2493 533.
263 2451 434 2490 Difficile
457 2452 531 2490 hae
556 2452 606 2490 (le
624 2465 666 2489 re
685 2451 864 2490 iudicium
886 2456 959 2498 est,

86 2510 174 2560 quia
194 2507 348 2547 facilius
370 2509 542 2547 dominii
562 2513 602 2547 et
622 2509 778 2547 domini,
798 2509 834 2546 in
854 2508 960 2548 Mss.

85 2565 265 2606 confundi
284 2569 503 2616 potuerunt.
542 2566 606 2603 Ad
628 2565 862 2615 elegantiam
882 2579 959 2603 ma-

85 2623 146 2675 gis
175 2623 358 2673 probatur
385 2623 498 2660 lectio
525 2623 716 2667 clonu'nii,
742 2621 815 2659 sed
843 2635 959 2672 quum

86 2679 198 2718 codd.
219 2679 408 2718 Florentt.
435 2679 470 2716 in
499 2679 666 2717 lectione
692 2679 850 2717 domini
875 2692 960 2730 per-

84 2740 289 2781 severent,
313 2736 495 2787 equidem
518 2735 707 2787 reposui]

138 2794 364 2845 pretiosum
419 2793 712 2845 conditumque
757 2792 957 2832 servabat.

87 2846 313 2900 [Quomodo
335 2850 546 2901 percolat.
584 2849 687 2901 quod
719 2861 822 2898 vaga
857 2849 958 2887 sede

86 2905 123 2944 in
147 2905 343 2944 nonnullis
361 2905 466 2945 Mss.
496 2907 652 2957 legitur,
679 2907 714 2944 in
740 2905 844 2945 Mss.
870 2907 957 2944 irre-

85 2962 224 3013 pserit,
277 2975 395 3013 quum
449 2964 567 3015 longe
613 2963 766 3014 plurimi
814 2962 852 3000 id
899 2976 957 3001 re-

85 3023 248 3070 spuant,
285 3019 349 3058 vix
385 3020 547 3071 intelligi
586 3023 728 3071 potest.
788 3018 823 3057 E
862 3018 956 3058 Cod.

85 3073 260 3114 Florent.
301 3081 353 3124 1.,
391 3078 426 3115 in
459 3090 536 3128 quo
566 3080 661 3129 post
691 3077 877 3116 servabat
904 3075 958 3114 le-

85 3132 202 3183 gitur,
240 3133 498 3172 coniecturam
526 3134 615 3186 quis
641 3147 784 3184 capere
816 3134 956 3184 possit,

834 1116 995 1145 alliorum
1011 1118 1046 1145 G.
1066 1118 1093 1145 1.

1141 1115 1334 1154 aliquorum
1348 1117 1386 1146 P.

1030 1203 1286 1256 corruptelam
1337 1217 1431 1242 esse
1479 1205 1589 1242 vocis
1637 1203 1826 1243 servabat
1873 1207 1912 1242 et

1030 1274 1148 1311 quum
1180 1262 1231 1299 ita
1263 1260 1351 1299 ferri
1382 1274 1458 1298 non
1489 1260 1677 1311 potuerit,
1714 1260 1751 1299 in
1781 1260 1910 1299 varias

1029 1317 1151 1355 sedes
1183 1317 1397 1367 migrasse,
1431 1329 1669 1368 quamquam
1701 1317 1764 1355 vix
1789 1316 1910 1356 credi-

1028 1373 1170 1418 derim,
1203 1373 1304 1412 hanc
1336 1374 1575 1411 seutentiam
1599 1372 1745 1411 multos
1772 1386 1908 1412 assen-

1027 1432 1170 1469 tientes
1195 1430 1415 1469 habituram
1440 1442 1546 1468 esse.
1592 1428 1763 1480 Quoquo
1788 1430 1907 1469 modo

1026 1500 1090 1526 res
1126 1500 1173 1524 se
1211 1486 1347 1532 habet,
1385 1486 1461 1525 hoc
1497 1485 1794 1537 intelligendum
1832 1491 1907 1532 est,

1022 1544 1217 1596 pervolat
1229 1543 1304 1582 hoc
1317 1543 1407 1582 loco
1421 1547 1528 1581 stare
1549 1557 1624 1581 non
1638 1556 1774 1593 posse.
1800 1542 1906 1582 Oud.

1026 1603 1256 1652 scripturam
1294 1600 1378 1638 cod.
1411 1599 1585 1639 Florent.
1617 1601 1789 1638 retinens
1829 1614 1906 1653 que

1026 1662 1118 1710 post
1143 1671 1230 1696 meo
1261 1657 1386 1704 addit,
1423 1661 1465 1696 ut
1501 1657 1623 1696 oratio
1661 1657 1765 1695 bene
1800 1656 1905 1704 fluat,

1025 1719 1228 1765 totumque
1249 1713 1375 1753 locum
1397 1714 1450 1752 ita
1470 1715 1755 1765 interpretatur:
1783 1714 1906 1752 celer-

1024 1772 1119 1809 rime
1139 1772 1237 1823 petit
1258 1775 1297 1808 et
1317 1770 1444 1809 aufert
1463 1784 1600 1809 omnes
1613 1771 1811 1822 pretiosas
1825 1784 1902 1817 res,

1024 1841 1122 1879 quas
1159 1828 1344 1866 servabat
1379 1827 1558 1866 conditas
1595 1828 1630 1865 in
1669 1826 1825 1873 casula,
1863 1832 1905 1866 et

1021 1898 1111 1923 meo
1138 1885 1256 1923 dorso
1284 1885 1492 1935 impositas
1517 1888 1728 1935 asportans
1755 1884 1903 1923 deserit

1021 1942 1156 1980 sedes.
1181 1938 1246 1980 'De
1271 1942 1554 1991 significatione
1579 1953 1664 1979 voe.
1683 1941 1903 1992 pervolare

1022 1998 1116 2036 adiri
1131 1998 1236 2037 iubet
1246 1997 1458 2036 Schwartz.
1475 1997 1523 2036 ad
1533 1997 1714 2036 Mamert.
1730 1997 1900 2036 Genetli.

1021 2070 1052 2095 c.
1073 2050 1110 2095 8.
1147 2055 1202 2093 At
1217 2054 1359 2092 vellem
1373 2053 1479 2093 Oud.
1493 2068 1609 2093 unum
1629 2054 1899 2093 tautummodo

1021 2112 1299 2164 proposuisset
1319 2111 1563 2162 exemplum,
1590 2124 1666 2162 quo
1676 2111 1901 2163 pervolare

1021 2169 1122 2207 idem
1150 2182 1261 2214 esse,
1289 2168 1394 2220 quod
1410 2168 1681 2220 per-volutare
1700 2171 1739 2206 et
1759 2182 1900 2208 eruere

1020 2226 1324 2271 demonstratur,
1364 2238 1480 2276 quum
1519 2224 1570 2263 de
1606 2224 1703 2263 locis
1734 2228 1898 2263 tantum·

1018 2282 1135 2321 modo
1170 2282 1336 2327 dicatur,
1370 2294 1472 2332 quae
1506 2282 1580 2320 cito
1612 2285 1897 2332 percurruntur,

1020 2353 1216 2390 nunquam
1243 2352 1333 2377 vero
1363 2338 1413 2377 de
1438 2339 1570 2377 rebus.
1596 2338 1786 2390 idemque
1812 2352 1897 2388 pro·

1020 2397 1112 2434 bant
1150 2397 1242 2442 loci,
1277 2409 1377 2446 quos
1412 2395 1630 2435 Schwartz.
1662 2395 1685 2433 l.
1714 2409 1744 2434 c.
1771 2394 1896 2434 affert.

1020 2452 1114 2491 Erat
1150 2466 1268 2499 quum
1307 2453 1490 2504 equidem
1529 2452 1798 2504 pervolanter
1833 2451 1896 2490 vel

1016 2510 1284 2561 pervolettinz,
1329 2509 1434 2560 quod
1465 2523 1608 2548 novum
1639 2513 1752 2547 esset
1782 2522 1896 2547 voca-

1021 2566 1172 2612 bulum,
1200 2566 1468 2613 emcndarem3
1493 2569 1534 2603 ut
1548 2579 1701 2604 summa
1720 2566 1896 2616 magistri

1019 2623 1202 2661 celeritas
1234 2624 1523 2674 exprimeretur.
1574 2622 1768 2668 Quoniam
1801 2635 1894 2660 vero

1019 2681 1153 2732 optimi
1174 2680 1257 2718 libri
1271 2679 1347 2718 hoc
1361 2679 1553 2718 vocabulo
1573 2683 1722 2725 carent,
1750 2682 1895 2717 etextu

1019 2737 1250 2776 eiiciendum
1287 2749 1382 2775 esse
1418 2736 1563 2788 putavi.
1615 2735 1770 2775 Deinde
1807 2748 1895 2773 cum

1018 2792 1120 2832 Oud.
1137 2794 1430 2845 conditumque
1442 2792 1622 2844 reposui,
1648 2793 1697 2831 ab
1723 2794 1894 2843 optimae

1017 2854 1133 2889 notae
1166 2850 1274 2888 libris
1312 2853 1526 2894 servatum,
1567 2849 1657 2888 licet
1692 2848 1892 2895 affirmem,

1017 2906 1198 2957 copulam
1223 2906 1336 2946 salva
1360 2906 1557 2945 sententia
1581 2905 1729 2944 abesse
1754 2919 1892 2957 posse.

1019 2962 1236 3014 Utrobique
1255 2964 1355 3001 enim
1382 2963 1646 3014 exprimuntur
1666 2977 1728 3001 res
1749 2964 1892 3014 pretio-

1017 3033 1106 3065 sae,
1133 3033 1234 3070 quae
1260 3019 1441 3058 conditae
1466 3018 1674 3070 diligenter
1698 3033 1744 3058 ac
1768 3033 1893 3058 reser-

1017 3080 1132 3115 vatae
1156 3080 1258 3115 sunt.
1311 3076 1529 3115 condicum
1566 3076 1668 3114 enim
1699 3076 1774 3115 hoc
1803 3090 1892 3115 sen-

1017 3134 1219 3173 tentiarum
1236 3146 1338 3172 nexu
1353 3133 1434 3172 sere
1449 3133 1553 3172 idem
1573 3136 1654 3180 est,
1681 3132 1785 3185 quod
1796 3147 1892 3186 pre-
