2221 3667
315 149 399 193 276
569 149 616 190 L.
649 149 864 190 APULEH
894 140 1296 189 MADAURENffls
1325 142 1871 189 METAMORPHOSEON

834 352 1274 403 CAPUT
1377 353 1605 401 XXVI.

427 487 517 529 Tali
548 489 673 543 puella
705 500 886 528 sermone
924 485 1112 525 deterrita
1144 490 1339 539 manuque
1376 486 1459 526 eius
1497 487 1746 527 exosculata:
1784 486 1931 537 Parce,
1970 487 2111 541 inquit,

315 545 366 584 mi
392 558 550 599 parens,
578 553 617 586 ct
641 544 848 585 durissimo
875 541 982 582 casui
1008 555 1094 581 meo
1126 541 1282 595 pietatis
1314 543 1506 583 humanae
1531 553 1681 584 mernor
1705 543 1874 584 subsiste
1900 543 2111 598 paululum.

313 600 400 641 Nec
415 602 535 652 euim,
565 609 606 641 ut
632 615 742 650 reor,
768 599 774 655 Ι
795 597 1088 652 aevolongiorc
1115 605 1334 639 maturatae
1361 599 1464 640 tibi
1454 614 1493 639 m
1520 599 1594 640 ista
1621 607 1758 640 sancta
1784 600 1926 640 canitie
1952 600 2115 640 misera-

314 658 368 698 tio
395 672 555 721 prorsus
582 656 753 698 exaruit.
805 653 948 708 Specta
974 654 1140 707 denique
1166 669 1324 695 scenam
1351 670 1460 696 meae
1486 656 1734 697 calamitatis.
1787 655 1996 710 Speciosus
2022 657 2116 696 adu-

314 713 467 755 lese-ens
494 715 598 754 inter
623 727 715 753 suos
743 711 990 765 principalis,
1020 725 1133 764 quem
1159 711 1277 751 tilium
1304 712 1499 766 publicum
1525 713 1652 754 omnis
1678 713 1752 754 sibi
1785 713 1925 754 civitas
1957 720 2115 767 coopta-

313 771 392 820 vit,
428 784 536 810 meus
568 769 740 832 alioquin
774 767 1058 817 consobrinus,
1095 768 1244 808 tantulo
1277 769 1448 809 triennio
1480 770 1607 810 maior
1630 770 1671 810 in
1696 777 1846 821 aetate,
1875 770 1940 824 qui
1965 783 2116 810 mecum

313 828 447 881 primis
484 826 531 866 ab
557 825 670 865 annis
709 824 880 864 nutritus
918 831 957 864 et
993 824 1147 864 adultus
1183 824 1384 866 individuo
1422 826 1679 866 contubernio
1712 827 1962 868 domusculae
1998 827 2116 866 immo

402 956 472 982 eins
491 956 582 983 abest
603 956 643 982 ab
664 954 698 982 0.
746 951 948 982 deosculata
966 955 1002 982 F.
1019 955 1048 982 1.
1081 954 1187 982 Ceteri
1202 954 1298 984 codd.
1313 958 1342 983 et
1357 956 1427 984 edd.
1444 959 1518 984 vett.
1539 963 1650 984 omnes
1669 954 1884 983 exosculata.
1932 962 2043 983 meror
2063 962 2117 990 pro

311 1008 434 1028 meumr
448 1002 483 1028 G.
501 1001 528 1027 1.
576 999 661 1026 em'm
682 1007 744 1027 nou
765 1002 927 1034 comparet
948 1000 981 1027 in
1003 996 1032 1028 ὃ.
1080 1001 1281 1027 maturatae
1299 1002 1336 1029 G.
1353 1002 1381 1028 1.
1395 1002 1426 1029 ⁸2.
1446 1002 1485 1029 D.
1505 1002 1541 1029 P.
1557 1002 1591 1029 0.
1607 1001 1628 1028 f.
1649 1004 1678 1029 et
1700 1000 1736 1029 F.
1751 1002 1780 1029 3.
1808 1004 1867 1029 (ex
1885 1000 2117 1036 correctione.)

310 1048 398 1074 Male
418 1047 499 1073 Elm.
520 1045 654 1073 eandem
674 1045 709 1073 B.
729 1045 798 1073 cod.
819 1045 990 1073 lectionem
1010 1053 1085 1073 esse
1107 1046 1312 1080 pronuntiat,
1339 1054 1438 1079 quum
1458 1046 1608 1074 lectionis
1620 1047 1784 1081 varietas,
1810 1046 1938 1080 quaein
1952 1053 2053 1081 marg.
2068 1047 2118 1074 ed.

310 1092 399 1120 Colv.
415 1091 571 1118 adnotata
583 1093 650 1125 est,
678 1098 742 1118 non
756 1091 797 1118 ad
819 1092 854 1118 B.
868 1091 926 1119 sed
940 1091 981 1119 ad
996 1091 1031 1118 P.
1045 1090 1215 1124 pertineat.
1241 1091 1347 1119 Ceteri
1360 1092 1449 1119 codd.
1465 1094 1494 1119 et
1508 1091 1578 1119 edd.
1592 1093 1675 1119 lunt.
1694 1093 1720 1120 1.
1737 1095 1765 1120 et
1779 1091 1856 1120 Am.
1871 1093 1987 1120 liabent
2002 1093 2117 1118 matu-

309 1143 382 1163 rae.
427 1142 558 1162 scevam
578 1137 614 1164 G.
637 1137 665 1163 1.
702 1142 814 1163 sevam
835 1137 869 1164 Ο.
890 1143 908 1163 a
929 1144 957 1170 p.
979 1143 1019 1164 m.
1067 1143 1175 1162 meam
1195 1137 1232 1164 R.
1249 1136 1270 1164 f.
1319 1136 1536 1172 captivitatis
1550 1136 1830 1174 culamv'latae’sqne
1842 1135 1876 1174 β.
1924 1135 2119 1164 adolescent

309 1184 343 1209 G.
363 1182 389 1208 1.
403 1182 432 1208 2.
448 1182 485 1209 D.
533 1179 568 1207 in
582 1187 660 1208 suus
676 1179 697 1210 f.
740 1180 951 1217 principales
965 1182 1000 1209 F.
1015 1182 1045 1209 3.
1060 1182 1096 1209 G.
1112 1182 1140 1208 1.
1155 1182 1186 1209 2.
1201 1182 1239 1209 D.
1255 1182 1289 1210 P.
1305 1178 1334 1210 δ.
1350 1183 1476 1210 vicent.
1491 1182 1605 1212 Vener.
1617 1184 1649 1210 2.
1669 1184 1751 1211 lunt.
1768 1184 1796 1210 1.
1815 1183 1892 1211 Aid.
1941 1181 2121 1219 coaptavit

308 1228 344 1254 G.
358 1228 388 1254 2.
403 1228 442 1254 D.
456 1223 485 1254 δ.
512 1226 687 1253 coactavit
700 1228 736 1255 G.
753 1228 782 1255 1.
830 1224 1046 1254 domasa-ulae
1059 1233 1171 1255 omnes
1183 1228 1267 1256 MSS.
1279 1230 1311 1255 et
1324 1228 1394 1257 edd.
1407 1231 1484 1256 vett.

364 1334 450 1375 Cn.
475 1334 628 1376 XXVI
664 1341 902 1376 maturatae.
942 1336 1070 1389 [Hanc
1094 1337 1185 1375 scri-

307 1396 457 1444 pturam
484 1397 618 1432 contra
642 1392 743 1432 Oud.
771 1394 924 1439 retinui,
960 1408 1060 1445 quae
1092 1393 1183 1431 mihi

307 1449 492 1488 difficilior
524 1450 698 1488 videatur
730 1463 824 1488 esse
850 1463 919 1501 pro
947 1450 1182 1488 librariorum

307 1511 439 1557 captu,
465 1511 689 1545 maturatus
714 1520 782 1558 pro
807 1512 989 1547 maturus
1014 1508 1103 1558 poni
1119 1520 1182 1544 ne-

307 1563 521 1601 scientium.
550 1562 607 1601 lta
626 1563 823 1601 sollicitari
839 1577 913 1601 non
934 1564 1105 1602 debebat
1128 1564 1181 1600 lo-

306 1633 376 1659 cus
390 1619 567 1658 Lactant.
587 1618 736 1658 Placid.
753 1619 887 1659 Enarr.
912 1619 987 1659 sab.
1004 1619 1089 1658 Vll.
1104 1619 1127 1657 f.
1145 1623 1181 1659 2.

306 1690 343 1728 p.
370 1680 463 1717 835.
491 1676 617 1714 Stav.:
644 1681 889 1716 viatur-atum
916 1681 1071 1728 tempus
1096 1677 1180 1714 exi-

305 1735 484 1772 stimans.
533 1732 635 1771 Nam
675 1733 777 1784 quod
817 1738 1080 1778 maturatum,
1119 1735 1181 1770 est

305 1795 515 1829 mczturum.
526 1787 543 1841 ]

364 1860 478 1899 quem
499 1846 630 1898 fillum
651 1846 865 1898 publicum
887 1847 1012 1884 onmis
1029 1846 1107 1885 sibi
1124 1847 1177 1885 ci-

304 1904 406 1941 vitas
419 1904 638 1953 cooptavit.
655 1903 783 1942 Wow.
794 1904 1053 1941 coniecturam
1065 1917 1180 1955 quem

300 1960 429 2013 filium
463 1959 676 2010 publicum
714 1974 827 1999 omne
856 1960 934 1999 sibi
966 1961 1179 2011 coaptarit

304 2030 405 2067 quun
396 2016 530 2055 ..iOud
545 2014 787 2061 refutaverit,
815 2016 1100 2055 observandum
1115 2016 1179 2055 hic

302 2073 432 2124 potius
446 2086 540 2111 esse
555 2077 704 2115 monet
727 2073 856 2126 filium
875 2073 1087 2125 publicum
1102 2087 1176 2111 non

302 2129 419 2167 modo
457 2130 530 2168 dici
569 2143 674 2176 eum,
711 2130 850 2180 inquo
884 2143 1037 2168 omnem
1062 2143 1176 2181 spem

302 2186 445 2225 habeat
471 2187 608 2225 civitas
630 2188 772 2238 quique
793 2188 970 2225 omnibus
992 2187 1043 2224 ita
1066 2200 1099 2224 c·
1100 2200 1179 2225 irus

303 2247 342 2281 et
366 2243 545 2281 amabilis
571 2244 638 2289 sit,
665 2247 706 2281 ut
730 2243 918 2282 habeatur
938 2243 1103 2282 deliciae
1125 2248 1179 2281 at-

304 2314 379 2352 que
404 2315 511 2338 amor
536 2300 716 2351 publicus
743 2303 781 2338 et
807 2314 829 2337 a
849 2300 997 2339 cunctis
1018 2301 1180 2351 perinde

301 2371 347 2395 ac
373 2356 473 2395 tilius
489 2356 668 2407 diligatur
681 2356 982 2409 appelleturque
998 2357 1084 2395 coll.
1102 2355 1178 2396 Cic.

302 2413 352 2451 de
376 2411 492 2452 Prov.
518 2414 638 2452 Cous.
665 2427 696 2452 c.
717 2417 777 2454 18.
806 2414 913 2452 Suet.
930 2412 1049 2464 Calig.
1066 2428 1096 2452 c.
1113 2418 1177 2455 22.

304 2469 467 2522 Capitol.
494 2471 556 2509 vit.
584 2470 701 2508 Gord.
729 2475 840 2511 c.31.
866 2469 1176 2509 A1·ntz.adP1in.

301 2526 449 2578 Paneg.
477 2541 507 2565 c.
535 2530 619 2572 26„
645 2527 719 2565 sed
746 2528 860 2566 etiam
886 2532 926 2566 ut
950 2540 1087 2566 revera
1112 2529 1177 2565 de-

303 2588 407 2622 creto
439 2588 601 2622 senatus
633 2585 847 2635 populique
879 2584 931 2622 sit
955 2584 1176 2622 declaratus

303 2645 342 2679 et
378 2642 533 2679 habitus
574 2642 695 2692 Reip.
725 2641 845 2693 filius.
897 2639 944 2679 cs.
972 2639 1110 2690 Cuper.
1139 2642 1174 2679 in

303 2697 428 2748 Epist.
450 2697 626 2736 Crozian.
652 2712 688 2749 p.
705 2701 769 2738 59.
791 2701 853 2738 78.
876 2701 939 2737 84.
966 2700 1055 2737 156.
1082 2701 1172 2738 133.

302 2754 352 2792 ad
383 2753 573 2807 Inscriptt.
605 2754 751 2805 Ancyr.
789 2754 894 2806 apud
925 2753 1068 2792 Monti'.
1098 2753 1173 2793 Pa-

302 2809 445 2861 lneogr.
482 2825 521 2863 p.
562 2815 651 2853 160.
689 2815 728 2849 et
762 2811 903 2850 Murat.
940 2824 977 2861 p.
1013 2814 1102 2850 163.
1138 2815 1173 2851 1.

308 2866 643 2908 ΘΤΓΑΤΕΡΑ
683 2870 812 2907 ΤΗΣ
845 2868 1173 2907 MHTPOHO-

301 2925 469 2963 ΛΕΩΣ
497 2924 681 2976 Xenoph.
714 2924 862 2976 Ephes.
895 2923 923 2963 Ι.
948 2937 985 2975 p.
1015 2927 1076 2964 13.
1110 2925 1172 2962 ubi

302 2979 549 3019 Abrocomas
575 2986 613 3019 ct
638 2981 806 3020 Authias
834 2984 1017 3019 vocantur
1047 2983 1177 3027 παῖδες

300 3039 417 3075 κοινοὶ.
440 3042 506 3088 τῆς
525 3036 698 3089 Ἐφέσου.

360 3093 631 3133 domusculae.
687 3093 901 3133 Offendunt
938 3093 1174 3144 interpretes

301 3149 337 3186 iu
370 3149 443 3188 hac
475 3150 698 3189 deminutivi
730 3151 976 3196 formatione,
1004 3151 1172 3189 ‹Ioman-

1248 1338 1342 1377 cala
1356 1336 1478 1377 Prisc.
1497 1335 1558 1376 Ill.
1574 1352 1610 1389 p.
1629 1342 1719 1378 123.
1736 1341 1894 1376 auctore
1920 1336 1985 1389 [cf.
1995 1335 2116 1376 Voss.

1244 1395 1364 1433 Arist.
1390 1394 1433 1432 ll.
1462 1408 1496 1445 p.
1524 1394 1635 1447 698]
1662 1395 1956 1433 substituentes.
2007 1392 2119 1431 Utra-

1245 1464 1321 1501 que
1345 1455 1473 1488 tamen
1495 1452 1710 1490 terminatio
1732 1451 1981 1491 domuncula
1996 1454 2033 1488 et
2047 1451 2118 1488 ‹lo-

1242 1508 1424 1546 muscula
1459 1508 1666 1557 analogiae
1704 1520 1820 1558 quum
1857 1507 2009 1545 onmino
2042 1519 2117 1545 non

1242 1563 1498 1614 respondeat,
1529 1564 1602 1602 sed
1636 1565 1766 1615 potius
1800 1564 2022 1603 clonmcula
2052 1562 2116 1601 vel

1243 1621 1454 1659 dome‘eula
1492 1620 1697 1658 dicendum
1735 1620 1850 1666 foret,
1889 1634 1963 1658 non
2003 1619 2115 1657 video

1242 1690 1307 1715 cur
1340 1677 1580 1716 domuscula
1611 1677 1782 1722 reiicias,
1815 1677 1919 1727 quod
1947 1676 2117 1715 fortasse

1242 1746 1291 1770 ex
1317 1746 1415 1771 sono
1443 1732 1620 1772 vocabuli
1644 1733 1843 1786 flosculus
1868 1737 1907 1771 et
1933 1733 2116 1785 lepuscu-

1242 1790 1302 1828 lus
1326 1789 1447 1840 Apul.
1475 1790 1740 1828 conformavit.
1791 1789 1877 1841 Ego
1908 1793 2013 1828 certe
2038 1803 2117 1828 mu-

1240 1850 1322 1884 tare
1359 1847 1571 1897 quidquam
1601 1861 1675 1885 non
1707 1859 1829 1899 ausus
1862 1854 1950 1884 sum
1987 1845 2117 1897 [quod

1240 1904 1342 1941 idem
1375 1903 1521 1954 placuit
1545 1903 1683 1942 &vass
1718 1906 1757 1940 'et
1781 1902 1964 1941 Pari-has.
1992 1902 2116 1953 Epist.

1239 1958 1449 1998 XXXVH.
1482 1974 1519 2012 p.
1547 1964 1639 2000 767.
1674 1958 1783 1998 Tom.
1812 1958 1837 1998 Ι.
1876 1959 1969 1998 Fac.
2003 1958 2115 2011 Cris]

1238 2017 1292 2054 At
1323 2015 1426 2054 Oud.
1460 2030 1534 2054 non
1562 2016 1718 2061 videns,
1752 2016 1947 2067 quomodo
1980 2017 2116 2067 princi·

1238 2086 1329 2124 pum
1361 2074 1524 2110 civitatis
1555 2072 1643 2110 siliis
1678 2073 1961 2111 accommodari
1988 2073 2118 2124 possit

1238 2129 1486 2169 dmmmcula
1506 2130 1567 2167 vel
1589 2128 1844 2174 domuscula,
1875 2129 2117 2167 tenuissimis

1241 2186 1460 2224 hominibus
1474 2186 1699 2231 inhabitata,
1713 2186 1858 2224 mavult
1870 2185 1933 2223 hic
1948 2186 2024 2236 legi
2040 2185 2115 2223 do-

1240 2243 1385 2282 micitia·
1411 2243 1472 2280 vel
1500 2243 1615 2281 aliam
1641 2256 1790 2288 vocem,
1817 2242 1850 2279 si
1878 2255 1954 2293 qua
1980 2241 2115 2280 litteris

1241 2299 1504 2339 domasa-alae
1517 2300 1807 2338 convenientior
1820 2299 1880 2337 sit.
1904 2297 2009 2351 [Hoc
2021 2311 2113 2335 vero

1240 2370 1313 2394 non
1329 2356 1381 2393 ita
1393 2369 1456 2393 me
1476 2361 1618 2395 movet.
1656 2355 1784 2394 Utitur
1804 2355 1905 2393 enim
1919 2354 2113 2406 Apuleius

1240 2426 1324 2450 cum
1333 2412 1584 2451 ceterisAsris
1594 2412 1853 2457 deminutivis,
1864 2412 1926 2449 ubi
1936 2412 2000 2449 vix
2009 2410 2114 2462 apud

1238 2469 1339 2508 alios
1360 2483 1492 2507 eorum
1512 2482 1607 2507 usus
1628 2469 1781 2520 probari
1807 2469 1937 2520 possit
1955 2471 2114 2519 propter

1237 2526 1376 2577 ingenii
1391 2526 1585 2577 quendam
1601 2525 1740 2571 lusum,
1763 2524 1919 2576 qualem
1934 2524 2114 2576 equidem

1236 2583 1335 2628 dico,
1362 2587 1403 2621 ut
1427 2582 1477 2620 ad
1497 2582 1666 2621 taedium
1693 2594 1821 2632 usque
1846 2595 1921 2618 non
1948 2594 2034 2619 raro
2059 2580 2113 2618 in-

1235 2640 1445 2677 veniantur.
1496 2637 1609 2685 Quae
1640 2651 1704 2675 res
1736 2638 1812 2675 alio
1848 2637 1932 2675 loco
1960 2650 2112 2676 accura-

1233 2698 1308 2734 tius
1342 2696 1675 2734 demonstrabitur.
1726 2693 1800 2732 Hie
1835 2693 2003 2732 sufficiat
2033 2707 2095 2731 mo

1233 2766 1341 2799 nere,
1367 2752 1487 2790 multa
1512 2765 1604 2790 esse
1629 2750 1874 2795 deminutiva,
1901 2763 2002 2801 quae
2027 2763 2111 2801 pro-

1233 2811 1316 2861 pria
1343 2823 1416 2847 sua
1441 2810 1477 2846 vi
1503 2809 1655 2846 omnino
1681 2807 1896 2859 privantur,
1921 2810 1962 2844 ut
1989 2805 2110 2846 bacu-

1234 2866 1314 2912 lus,
1348 2866 1490 2905 tabula
1515 2865 1584 2910 al..
1616 2867 1657 2902 ut
1693 2867 1732 2901 et
1763 2862 2002 2902 (lonntscula
2033 2876 2110 2901 non

1232 2923 1404 2961 absurde
1441 2922 1490 2960 de
1528 2921 1666 2973 quavis
1703 2919 1818 2957 domo
1857 2919 1930 2957 dici
1966 2920 2107 2971 possit.

1236 2978 1325 3026 Quo
1358 2979 1525 3024 aceedit,
1559 2977 1664 3029 quod
1694 2976 1758 3015 hic
1787 2976 2022 3014 iucunditate
2052 2988 2108 3014 re-

1235 3036 1469 3075 cordationis
1495 3034 1635 3073 affecta
1660 3033 1766 3084 virgo
1792 3045 1867 3070 non
1893 3032 2023 3083 inepte
2051 3045 2108 3071 ar·

1235 3093 1448 3131 ctis-simum
1475 3095 1513 3129 et
1532 3090 1721 3130 amicitiae
1741 3093 1780 3127 et
1799 3089 1941 3127 amoris
1961 3092 2000 3126 et
2018 3102 2107 3127 con-

1233 3149 1451 3188 suetudinis
1478 3147 1766 3186 contube1·nium
1794 3147 1845 3184 ita
1876 3144 2104 3197 expressit]

2202 258 2205 270 Α
2200 0 2221 248 -.Ὕ--Α-,Ἢ
