2155 3590
635 118 821 161 LIBER
845 117 943 160 Vll.

80 247 192 280 serus
215 235 502 293 {auscultantem
536 232 744 287 aliquando
775 231 960 286 permisit.

1001 118 1073 166 CA
1084 118 1129 158 P.
1154 116 1276 157 XVI.
1783 113 1862 155 581

1008 231 1063 272 At
1088 245 1161 285 ego
1187 228 1342 270 tandem
1367 227 1467 268 liber
1491 228 1647 284 asinus,
1674 228 1800 278 laetus
1826 234 1865 267 et
1889 233 1952 267 476

79 354 187 382 serias
201 355 236 382 F.
250 355 280 382 3.
295 362 323 388 p.
338 354 374 382 B.
389 354 436 381 ed.
452 361 497 388 pr.
511 352 637 381 Vicent.
651 352 764 380 Venet.
779 352 810 379 2.
825 349 915 378 Colv.
930 352 958 378 et
973 356 1062 382 seqq.
1077 350 1104 376 et
1120 347 1242 381 aliquot
1256 344 1314 375 alii
1328 345 1471 380 codices,
1489 352 1569 378 quos
1582 345 1771 374 nominatim
1785 346 1865 373 Oud.

79 408 141 428 non
157 399 284 434 profert.
310 396 411 426 ‚Serus
425 398 541 431 legitur
554 397 587 424 in
601 397 636 424 F.
654 397 681 423 1.
697 397 732 424 P.
742 395 762 423 f.
777 397 812 424 G.
823 396 934 424 1.2.o.
949 391 1070 422 δ.111111.
1087 393 1116 421 1.
1129 393 1161 421 2.
1176 389 1250 420 Ald.
1264 390 1366 419 Colin.
1391 393 1420 418 et
1435 390 1532 418 tacite
1551 390 1689 418 restituit
1703 390 1864 418 Floridus.

80 443 189 472 sexus
201 446 295 472 habel
310 444 345 471 P.
361 444 393 471 in
409 442 571 476 excerptis
584 442 652 469 cod.
668 441 706 469 ad
721 448 820 475 marg.
835 440 882 468 ed.
898 436 1210 474 Colvian.promisz't
1225 438 1261 464 G.
1271 435 1301 464 1.
1311 437 1340 464 2.
1355 436 1391 463 P.
1403 435 1442 462 D.
1461 434 1663 470 permiscuit
1674 435 1710 463 B.
1725 434 1863 463 Scriver.

78 497 121 517 ac
137 487 194 525 ego
220 489 255 517 Β.
281 486 309 516 δ.
336 495 390 522 pro
415 495 518 522 more,
544 486 683 522 pessime
698 488 851 521 probante
874 483 1024 520 Scioppio
1042 486 1072 513 et
1093 483 1125 513 in
1146 485 1239 519 susp.
1258 483 1287 512 et
1312 480 1347 513 in
1360 481 1501 517 symbol.
1528 478 1586 515 [cf.
1601 480 1803 514 Peerlkamp.
1822 481 1863 510 ad

78 535 187 563 Horat.
202 531 331 569 p.49‘.².]

77 630 140 682 lin.
173 646 210 684 p.
247 637 307 673 12.
340 645 608 684 conyreyes
638 632 819 670 volitant.
869 630 944 682 [lta

77 688 245 733 nonnulli
260 689 370 728 codd.
386 688 529 727 habent
552 688 652 739 apud
673 687 804 726 Horat.
824 686 901 725 Od.
915 687 941 725 l.

77 749 143 786 3-7.
156 749 192 786 9.
214 750 253 782 et
272 746 322 784 ita
340 745 434 796 legit
447 744 577 783 Barth.
591 744 755 782 Advers.
770 742 944 783 XXXV.

81 805 140 841 14.
169 815 204 852 p.
234 805 352 848 1612,
391 803 452 853 qui
490 802 540 839 de
577 801 648 848 hac
678 813 775 838 voce
806 813 941 838 consu-

77 857 215 907 lendus
242 858 332 910 est]

132 914 317 954 mandati
363 915 568 954 dominici.
639 912 696 965 [In
744 911 940 960 nonnullis

76 969 187 1008 codd.
209 970 346 1021 legitur
364 971 564 1009 mandatis
579 971 812 1014 dominicis3
837 969 941 1020 quod

75 1026 247 1078 Sciopp„
273 1027 334 1076 qui
351 1026 622 1077 Susp.IV.2l.
649 1026 801 1072 excitat,
815 1025 939 1075 magis

74 1083 221 1134 placuit
251 1087 291 1120 et
320 1082 418 1120 Elm.
451 1095 605 1132 quoqne
635 1083 812 1120 arrisisse
837 1081 939 1120 vide·

74 1145 142 1177 tur.-
201 1138 303 1178 Oud.
327 1143 456 1177 -utrum
482 1138 725 1190 praetulerit,
753 1140 789 1175 in
815 1137 941 1175 medio

74 1195 282 1245 relinquit,
325 1208 440 1245 quum
488 1194 577 1246 ipse
624 1194 724 1232 hunc
772 1194 942 1231 dativum

66 1251 219 1301 ,aliquot
248 1251 440 1302 exemplis
471 1250 675 1288 defendat.
708 1262 941 1300 quamquam

71 1317 123 1346 ne
144 1313 221 1346 1100
247 1306 542 1356 quidenrwcrbo
569 1306 769 1356 significat,
797 1319 884 1342 num
905 1306 939 1342 in

72 1368 218 1403 textum
245 1363 450 1403 lectionem
474 1363 592 1414 recipi
620 1362 723 1400 velit.
782 1360 832 1399 Et
857 1362 943 1412 ipse

65 1419 269 1465 confiteor,
297 1419 398 1460 hanc
427 1419 653 1470 scripturam
685 1419 786 1456 bene
822 1431 943 1468 posse

71 1475 238 1527 probari,
263 1479 304 1514 ut
327 1477 360 1513 si
385 1475 521 1526 plnres
547 1475 657 1514 codd.
685 1475 942 1517 concinerent,

66 1533 108 1570 in
139 1535 245 1571 textu
277 1545 362 1570 eam
393 1545 580 1583 reponere
612 1545 685 1570 111111
717 1531 941 1569 dubitarem.

64 1589 241 1640 *Saepius
260 1588 389 1626 solent
401 1589 566 1626 Romani
580 1588 823 1628 substantivo
837 1586 942 1637 qnod

71 1644 201 1683 dicunt
230 1645 376 1685 verbali
408 1645 571 1683 eundem
603 1656 738 1683 casum
768 1643 941 1693 iungere,

71 1708 185 1751 quem
222 1701 382 1740 verbum
418 1701 613 1740 adsciscit.
674 1699 731 1738 lta
766 1700 856 1750 ipse
883 1698 940 1739 Ci-

72 1771 165 1798 cero
197 1757 288 1796 dicit
325 1757 373 1795 de
407 1755 595 1808 Legg.·l.
626 1761 686 1797 15.
749 1757 874 1802 Quod
908 1757 943 1794 se?

70 1814 227 1853 iustitia
257 1818 314 1853 est
342 1813 701 1865 obtemperatio
731 1813 942 1863 scriptis

71 1869 264 1921 Ieyibus
304 1871 647 1922 ἱηείίίιιΐὶεῳιε
676 1869 941 1921 populorum,

66 1926 133 1964 ubi
157 1926 364 1967 videndum
389 1930 469 1971 est,
496 1939 581 1964 011111
606 1925 812 1967 multorum
838 1925 942 1975 geni-

68 1982 230 2021 tivorum
256 1983 403 2021 evitare
426 1981 602 2020 voluisse
628 1994 868 2026 concursum,
893 1981 941 2018 ad

71 2051 185 2088 quem
205 2038 329 2077 locum
351 2038 397 2076 cf.
412 2037 496 2076 Intt.
511 2038 614 2076 oud.
630 2037 677 2076 ad
694 2038 801 2075 Suet.
816 2037 941 2087 Vesp.

71 2109 102 2131 0.
128 2098 165 2134 7.
191 2094 278 2133 Liv.
302 2091 450 2133 XXIII.
478 2099 542 2133 25.
568 2093 694 2132 Plaut.
723 2093 896 2143 Amphit.
917 2092 940 2130 I.

73 2154 108 2191 3.
126 2154 190 2190 31.
234 2151 350 2196 Quid
369 2151 441 2188 ube?
461 2149 567 2189 lecmc
587 2150 750 2188 curalio
770 2154 827 2188 est
849 2163 942 2188 rem

73 2205 184 2245 Truc.
200 2205 244 2244 li.
266 2211 301 2246 7.
319 2210 382 2247 62.
434 2207 550 2251 Quid
575 2206 649 2245 cibi
674 2206 940 2249 hancadt'tt'o

72 2265 152 2302 est?
189 2263 292 2315 quid
315 2263 390 2301 tibi
414 2263 537 2302 leanc
561 2263 725 2300 notio?
758 2262 813 2300 At
835 2262 941 2300 vide·

70 2320 144 2364 bis,
161 2332 250 2360 :cum
271 2317 373 2357 oud.
394 2318 441 2356 ad
460 2318 561 2358 hanc
577 2317 750 2368 regulam
770 2322 941 2357 nostrum

70 2373 198 2414 locum
228 2387 315 2413 eam
345 2375 395 2413 ob
425 2387 607 2412 caussam
638 2387 712 2412 non
740 2387 860 2425 posse
885 2388 942 2412 re-

71 2431 177 2483 ferri,
221 2430 323 2482 quod
364 2432 406 2469 111·
422 2431 642 2469 'abstractis
678 2431 942 2468 tantummodo

69 2488 383 2538 praesertim-iis,
409 2496 511 2537 quae
535 2487 570 2525 in
597 2488 636 2524 τί)
657 2486 856 2532 desinunt,
883 2501 943 2526 ca-

70 2544 162 2582 dere
189 2557 272 2581 eam
294 2548 467 2594 apertum
495 2547 565 2580 est.
594 2543 636 2580 Si
662 2543 831 2581 dativum
858 2543 943 2581 reti-

69 2614 162 2638 nere
195 2600 316 2645 velis.
353 2600 402 2637 ad
440 2600 476 2637 id
515 2613 640 2649 genus
676 2599 943 2650 exemplorum

70 2655 323 2707 pertinetshie
347 2655 477 2701 locus,
502 2656 565 2694 ubi
592 2669 661 2706 pro
686 2655 854 2703 genitivo
882 2656 946 2694 da-

69 2713 187 2751 tivum
212 2713 435 2763 'scriptores
470 2716 634 2763 ponunt,
673 2712 722 2749 de
759 2724 836 2762 quo
873 2726 946 2750 usu

73 2768 196 2807 fusius
228 2768 418 2807 disseram
450 2769 499 2806 ad
533 2767 651 2819 Apol.
678 2781 714 2819 p.
743 2771 838 2808 594.
866 2782 946 2807 mm

67 2825 198 2876 913101·
228 2826 427 2864 convicio.
488 2824 650 2876 Duplex
680 2837 773 2862 vero
805 2834 947 2863 caussa

67 2883 207 2930 potest
229 2882 404 2932 cogitari,
431 2894 507 2932 qna
521 2881 753 2931 interpretes
767 2881 948 2918 commoti

75 2934 278 2976 lectionem
325 2937 440 2976 codd.
489 2937 728 2976 mutaverint.
796 2936 948 2974 Ansam

73 2992 313 3043 corruptelae
334 2995 419 3032 sine
439 2994 556 3033 dnbio
576 2994 740 3045 primum
758 2993 948 3045 praebuit,

74 3047 180 3098 qnod
203 3062 221 3087 s
250 3048 376 3088 littera
405 3051 613 3101 sequentis
643 3048 807 3088 voculae
837 3062 948 3088 serus

66 3104 266 3145 -vocabulo
290 3106 487 3147 dominici
511 3107 763 3152 adhaeserat,
793 3108 831 3144 et
856 3105 944 3144 dein

1001 630 1220 669 necessario
1252 629 1366 666 etiarn
1395 626 1599 675 mahdate’s
1622 624 1865 663 emendatum

1000 689 1080 732 est,
1109 689 1151 724 ut
1181 685 1361 723 orationis
1391 686 1522 734 partes
1552 681 1626 719 sibi
1655 680 1866 732 responde-

998 746 1094 781 rent.
1118 760 1120 762 ·
1142 741 1239 779 Tum
1265 754 1354 778 vero
1379 739 1493 777 etiarn
1520 738 1610 789 quia
1632 735 1743 788 plura
1761 740 1868 774 erant

999 799 1226 837 armentario
1261 796 1434 847 equisoni
1478 794 1528 832 de
1567 794 1678 832 asino
1714 806 1867 844 praece-

998 859 1067 906 pta
1091 868 1113 892 a
1135 855 1282 904 xirgine
1307 853 1410 898 data,
1437 863 1537 901 quae
1563 849 1691 888 omnia
1713 848 1867 887 omnino

998 911 1187 962 neglexit,
1219 909 1356 948 librarii
1383 908 1570 959 putabant
1592 905 1762 945 nasutuli
1784 904 1868 956 plu-

996 966 1118 1007 ralem
1130 966 1192 1004 hic
1206 979 1297 1004 esse
1311 963 1616 1016 praeferendum.
1652 961 1707 1000 At
1717 974 1871 999 summa

999 1024 1062 1063 lex
1082 1023 1288 1074 proposita
1312 1025 1394 1059 erat
1411 1021 1577 1072 pastori,
1602 1022 1643 1057 ut
1663 1018 1770 1056 asino
1785 1030 1869 1068 per-

997 1082 1164 1119 mitteret
1192 1078 1311 1116 libere
1333 1077 1461 1128 vagari
1481 1080 1520 1114 et
1544 1075 1727 1126 gregibus
1753 1087 1869 1124 equa-

999 1150 1080 1175 rum
1113 1135 1370 1179 commisceri,
1408 1145 1522 1183 quam
1554 1131 1709 1181 quidem
1740 1129 1870 1180 legem

999 1206 1088 1230 sero
1114 1192 1268 1229 demum
1294 1188 1477 1240 explevit.
1537 1187 1637 1226 Hinc
1662 1185 1870 1237 singularis

999 1246 1279 1299 praeferendus
1310 1249 1389 1291 est,
1427 1257 1499 1282 1100
1527 1247 1685 1296 propter
1717 1242 1870 1293 elegan-

999 1306 1088 1343 tiam
1122 1314 1222 1353 quae
1246 1301 1398 1340 videtur
1427 1313 1522 1337 esse
1545 1299 1871 1351 praestantiorum

1001 1360 1112 1398 codd.
1140 1359 1254 1397 lectio
1280 1355 1590 1408 corrumpenda]

1056 1430 1167 1456 serus
1213 1414 1478 1454 auscultator.
1507 1435 1509 1437 -
1559 1410 1686 1449 Pravo
1733 1410 1872 1449 iudicio

1001 1471 1160 1511 Colvius
1180 1474 1219 1508 et
1230 1483 1343 1520 seqq.
1357 1469 1587 1520 scripturam
1602 1468 1746 1518 aliquot
1761 1465 1873 1505 codd.

1000 1530 1132 1569 serius
1160 1529 1399 1565 revocarunt.
1460 1525 1584 1564 Serus
1615 1524 1715 1562 enim
1740 1522 1871 1573 legen-

1001 1586 1090 1624 dum
1112 1597 1218 1630 csse,
1238 1583 1378 1622 docent
1391 1594 1511 1620 voces
1529 1580 1772 1633 aliquando,
1785 1584 1874 1618 tan-

1001 1643 1102 1683 dem.
1117 1654 1217 1693 qnae
1228 1639 1402 1692 pastoris
1416 1636 1689 1689 negligentiam
1699 1640 1873 1674 ctseram

1000 1698 1260 1736 obedientiam
1296 1697 1394 1734 satis
1430 1697 1654 1744 coarguunt.
1691 1691 1874 1745 [Emen-

1001 1755 1104 1793 datio
1130 1754 1281 1792 videtur
1306 1765 1400 1790 0550
1426 1750 1681 1795 librariorum,
1705 1750 1770 1800 qui
1796 1747 1874 1796 ele-

1001 1814 1155 1862 gantem
1176 1810 1290 1848 huius
1310 1808 1487 1846 adiectivi
1507 1819 1621 1844 usum
1634 1804 1874 1857 ignorabant,

1000 1868 1036 1905 in
1075 1880 1152 1918 quo
1189 1878 1283 1917 prae
1320 1864 1460 1903 ceteris
1491 1862 1657 1900 Ovidius
1687 1860 1875 1913 plurimus

1001 1927 1062 1962 est
1088 1922 1133 1961 cf.
1161 1922 1274 1960 Ovid.
1301 1921 1431 1959 Amor.
1458 1918 1502 1957 ΙΙ.
1529 1922 1624 1959 224.
1650 1917 1876 1965 seruslabi

1001 1979 1126 2031 Epist.
1153 1993 1202 2016 ex
1227 1977 1338 2016 Pont.
1366 1976 1482 2016 111.4.
1499 1979 1560 2016 57.
1589 1988 1663 2014 nec
1683 1974 1788 2027 fecit
1817 1974 1875 2011 ἰη-

1002 2037 1106 2075 ertia
1141 2048 1304 2074 serum.
1365 2033 1504 2072 Serius
1539 2031 1574 2068 51
1600 2031 1687 2082 quis
1711 2030 1877 2068 retinere

1000 2092 1107 2137 velit.
1132 2093 1183 2130 ita
1208 2090 1394 2128 defendat
1412 2101 1581 2127 necesse
1599 2091 1674 2133 est,
1699 2090 1741 2124 ut
1758 2087 1877 2125 ironia

1002 2148 1194 2199 quaedam
1224 2150 1433 2190 statuatur,
1471 2144 1648 2196 quamvis
1674 2157 1749 2182 non
1774 2143 1875 2181 adeo

999 2209 1127 2255 grata,
1158 2217 1235 2255 qua
1259 2204 1385 2242 serius
1410 2201 1668 2241 auscultator
1690 2200 1726 2237 is
1758 2200 1875 2238 nomi-

1000 2265 1122 2307 netur,
1136 2261 1194 2299 cui
1209 2260 1440 2309 obsequium
1455 2256 1678 2309 praestandi
1696 2254 1877 2295 voluntas

1001 2331 1075 2356 non
1102 2318 1162 2355 sit.
1188 2316 1300 2355 Haec
1325 2329 1416 2353 vero
1442 2327 1587 2356 caussa
1611 2327 1685 2351 non
1712 2316 1785 2358 est,
1811 2325 1878 2349 0111·

1000 2373 1154 2412 lectioni
1185 2372 1318 2423 optimi
1350 2371 1435 2409 cod.
1462 2370 1634 2408 Florent.
1660 2373 1698 2410 3.
1731 2370 1876 2406 obtem-

1001 2441 1138 2482 perare
1162 2428 1383 2481 pot-nerim]

1059 2486 1247 2525 armentis
1260 2499 1319 2524 me
1329 2485 1522 2536 permisit.
1550 2481 1877 2533 El111.1n·aeeunte

1004 2543 1191 2593 Scioppio
1223 2541 1260 2579 in
1293 2541 1411 2591 Snsp.
1445 2539 1511 2578 lv.
1546 2543 1610 2579 21.
1644 2543 1681 2575 et
1707 2538 1742 2575 in
1769 2540 1876 2575 textu

1002 2599 1245 2649 exprimente
1271 2597 1465 2643 Scriverio
1505 2595 1644 2645 probat.
1669 2594 1876 2632 lectionem

1006 2655 1090 2701 cod,
1126 2654 1237 2693 Bert.
1266 2653 1516 2705 permiscuit.
1584 2651 1638 2688 At
1673 2663 1875 2701 perperam

1006 2716 1045 2750 et
1079 2712 1166 2762 ipse
1204 2710 1417 2760 Scioppius
1461 2707 1549 2746 dein
1589 2706 1739 2744 videtur
1776 2706 1876 2744 banc

1007 2779 1163 2819 quoque
1181 2769 1418 2805 retractasse
1441 2764 1686 2807 sententiam,
1711 2762 1815 2812 quod
1840 2763 1874 2799 in

1009 2824 1186 2875 Symbol.
1212 2823 1262 2860 de
1286 2835 1334 2859 ea
1364 2820 1457 2859 nihil
1482 2819 1652 2871 protulit.
1686 2819 1880 2858 Permisit

1007 2879 1199 2931 significat
1212 2879 1369 2930 plenam
1386 2877 1621 2921 libertatem,
1648 2888 1722 2925 qua
1743 2876 1876 2913 asinus

1008 2937 1043 2974 in
1069 2949 1211 2987 greges
1238 2935 1401 2985 equinos
1427 2932 1626 2970 immissus
1656 2935 1728 2969 est.
1775 2930 1876 2976 Hinc

1008 2992 1108 3030 enim
1136 2993 1353 3043 permissus
1382 3002 1451 3039 pro
1478 2988 1627 3032 soluto,
1658 2986 1779 3025 libero
1804 3000 1875 3038 po-

1007 3050 1105 3087 nitur
1140 3047 1189 3085 ab
1227 3047 1315 3085 aliis
1352 3045 1399 3084 cf.
1424 3043 1559 3083 Barth.
1592 3050 1631 3081 et
1659 3043 1794 3082 Heius.
1826 3043 1874 3082 ad

1008 3104 1208 3144 Claudian.
1223 3102 1268 3142 ll.
1295 3103 1332 3141 in
1346 3099 1608 3154 Rufin.praes.
1624 3104 1662 3141 2.
1681 3100 1874 3153 pandite,
