2155 3590
646 154 830 194 LIBER
858 155 907 193 X.
957 154 1083 193 CAP.
1109 153 1274 193 XXVI.
1780 150 1860 192 9:21

78 272 282 320 appareat:
307 264 399 319 {sed
437 279 554 320 aegre
587 267 764 320 precibus
796 274 833 306 et
865 265 1191 306 obstinationibus
1223 265 1307 305 eius
1339 264 1498 304 multum
1531 277 1576 304 ac
1608 262 1671 303 diu
1698 262 1860 316 fatigata
1885 266 1950 299 729

77 322 231 363 tandem
262 322 371 361 abire
401 323 609 362 concessit.
669 321 870 363 Interdum
906 321 1115 376 perniciem
1149 334 1304 360 caecam
1342 321 1433 360 totis
1471 320 1689 360 visceribus
1728 320 1861 358 suren-

77 385 155 418 tem
190 378 380 418 medullae
418 378 568 431 penitus
607 385 867 418 attraxerant..
949 378 1116 417 Multum
1159 377 1324 430 deniqne
1369 377 1527 417 saucius
1571 383 1609 416 et
1645 374 1860 430 gravedine

76 434 322 473 somnulenta
352 433 428 472 iam
460 435 658 475 demersus
691 436 843 474 domum
869 434 1044 488 pervadit
1076 432 1309 485 aegerrime.
1360 431 1519 486 Vixque
1545 432 1740 472 enarratis
1768 445 1861 472 cun-

76 490 148 530 etis
180 490 227 529 ad
258 504 444 539 uxorem,
478 491 659 530 mandato
691 492 827 530 saltem
859 490 1087 544 promissam
1121 489 1337 528 mercedem
1370 489 1505 528 mortis
1538 489 1759 542 geminatae
1795 487 1862 526 de·

74 552 277 599 posceret,
304 545 360 585 sic
392 546 510 586 elisus
536 547 730 586 violenter
753 546 1062 602 spectatissimus
1089 545 1259 585 medicus
1285 544 1417 583 effudit
1443 545 1636 599 spiritum.

73 673 352 702 obtestationibus
372 676 406 703 G.
430 676 458 702 1.
479 677 508 703 2.
528 676 562 703 0.
582 677 620 703 D.
641 676 660 704 Γ,
680 677 752 704 Urs.
767 672 795 703 δ,
817 676 926 703 u'ow.
946 674 1086 702 Scriver.
1106 673 1191 701 PrIc.
1210 673 1331 700 Florid.
1367 670 1655 698 obsecrationibus
1675 674 1756 700 Innt.
1782 673 1810 701 1.
1831 673 1861 699 2.

71 720 146 748 Am.
160 719 262 748 Colin.
290 719 526 746 testationibus
541 729 569 755 p.
595 719 883 748 ohserratium'hus
897 721 933 747 Ι..
947 723 975 747 et
990 719 1064 746 Ald.
1080 722 1160 745 teste
1174 718 1286 745 Roatd.
1334 715 1467 742 interm
1480 722 1527 744 est
1544 724 1561 744 a
1581 718 1676 744 Vulc.
1692 718 1720 743 2².
1736 721 1764 744 et
1778 718 1862 744 Elm.

72 772 146 793 cum
158 762 322 791 interdum
337 766 510 799 praebeant
526 768 606 793 ,us-s.
621 770 745 793 tantum
758 773 819 792 non
833 771 944 793 omnes
957 767 987 791 et
1003 764 1089 790 Colv.
1099 763 1192 790 Vulc.
1206 763 1232 789 1.
1245 763 1351 789 ss'ow.
1361 762 1499 789 Scriver.
1517 761 1599 788 Prie.
1615 761 1655 788 cf.
1671 762 1711 789 ad
1720 763 1860 789 Mehlll.

70 817 101 844 p.
120 810 192 837 174.
219 807 360 836 Interim
373 812 456 838 lunt.
472 810 501 838 1.
521 810 596 838 ΑΜ.
615 811 728 838 venet.
747 811 772 838 5.
792 810 898 838 Paris.
918 808 1093 842 sopingius
1111 807 1247 835 coniecit
1268 805 1401 833 interim
1422 804 1507 834 dnm,
1556 804 1767 832 somnulenta
1780 806 1816 834 F.
1830 807 1861 833 3.

71 852 271 890 sopnulcnta
285 855 320 882 G.
338 856 366 882 Ι.
390 853 623 890 snnepnnlenta
637 856 672 883 G.
688 856 717 882 2.
734 854 771 882 Ι).
797 856 831 882 {n
846 858 917 882 cett.
932 850 1151 880 somnolenta.
1199 849 1374 886 depressus
1393 859 1449 886 pro
1470 850 1640 878 demersus
1659 852 1696 878 L.
1715 859 1733 878 e
1751 853 1863 885 glossa

70 898 110 927 cf.
125 902 200 928 Met.
213 900 268 927 Ix.
282 907 312 933 p.
327 901 402 928 6¹7.
450 898 611 926 umreziaco
626 900 705 927 113,
721 905 750 928 et
767 901 795 926 1.
807 899 839 927 in
855 898 1017 932 excerptis
1030 897 1140 926 Lind..
1166 897 1198 924 in
1218 897 1334 930 quibus
1356 895 1535 922 nutndatos
1555 904 1629 923 esse
1649 896 1727 924 oud.
1743 898 1860 924 enotat.

70 943 152 972 Hinc
165 944 302 973 coniecit
316 945 531 979 Lindenbrog.
555 942 697 971 mandat
709 946 747 970 nt
759 942 891 977 sallem,
906 943 988 976 qnod
1003 942 1099 971 tac-ite
1113 947 1141 969 et
1157 949 1322 976 perperam
1338 943 1418 969 Elin.
1434 941 1598 969 contextui
1612 940 1754 974 intrusit,
1770 947 1861 973 quem

70 989 108 1018 de
123 996 209 1018 more
223 991 388 1018 consecuti
402 994 476 1017 sunt
491 990 629 1018 Scriver.
647 994 675 1017 et
688 990 809 1018 Florid.
832 990 868 1017 ln
883 992 955 1016 cett.
978 985 1118 1013 mundat
1137 985 1268 1014 saltem.

1316 987 1364 1013 sic
1378 985 1479 1013 elisus
1493 987 1527 1015 F.
1544 988 1573 1014 1.
1588 988 1617 1015 3.
1633 987 1668 1013 G.
1688 986 1714 1013 1.
1730 987 1759 1013 2.
1774 986 1809 1013 Ο.
1823 986 1862 1013 D.

68 1034 152 1063 Elm.
183 1034 286 1063 scriv.
317 1035 436 1063 Florid.
462 1035 591 1063 Ruhnk.
628 1041 666 1067 [ιι
691 1040 763 1062 ceu.
791 1034 915 1071 sit-que.
962 1030 1076 1060 Elisus
1107 1032 1203 1066 qnasi
1226 1039 1341 1060 nomen
1365 1033 1530 1066 proprium
1549 1032 1676 1060 vicent.
1697 1030 1811 1059 Tenet.
1832 1031 1863 1057 2.

68 1077 180 1107 elusus
193 1076 222 1108 δ.
257 1077 349 1107 elis-ix
368 1079 389 1109 s.

69 1166 158 1204 dum
190 1179 282 1204 esse
311 1166 444 1205 voluit.
492 1166 575 1204 Sed
605 1167 679 1204 iam
712 1166 797 1217 ipsa
822 1166 936 1203 buius

69 1222 245 1260 dictionis
267 1223 474 1260 insolentia
495 1223 715 1259 mutandum
737 1221 828 1259 nihil
843 1235 937 1259 esse

68 1277 278 1317 admonere
304 1291 391 1316 eum
417 1278 600 1316 debehat.
638 1277 720 1329 Ego
737 1279 870 1330 lnquit
886 1277 936 1315 lu-

69 1334 202 1373 benter
226 1334 360 1372 retinui
387 1347 470 1371 cum
498 1333 610 1371 codd.

123 1390 347 1429 medicinae
368 1394 592 1441 proventus
614 1394 831 1440 appareat.
860 1389 935 1426 Re-

67 1449 128 1484 cte
163 1446 237 1483 iam
263 1445 364 1484 Oud.
401 1459 536 1483 vocem
564 1446 779 1497 probatus,
820 1458 934 1495 qnam

65 1505 132 1541 aut
155 1515 204 1541 ex
233 1501 371 1553 glossa
400 1506 466 1539 aut
496 1515 544 1539 ex
576 1501 794 1552 corruptela
825 1514 935 1538 exor-

66 1561 145 1596 tam
168 1571 264 1596 esse
289 1558 436 1603 iudico,
467 1557 675 1595 delendam
701 1562 741 1595 et
765 1570 812 1595 ex
839 1558 934 1608 opti-

66 1614 139 1652 mis
170 1614 284 1653 codd.
310 1619 535 1665 prorentus
565 1614 827 1665 recipiendum
858 1619 933 1651 sta-

64 1670 145 1708 tuit.
183 1669 270 1708 Hoc
295 1670 394 1707 enim
419 1670 569 1721 passim
595 1670 698 1720 apud
723 1671 933 1720 Apuleium

65 1725 246 1777 aliosque
270 1726 413 1764 bonum
445 1739 677 1764 successum
701 1726 933 1776 significare,

66 1782 113 1820 cs.
145 1781 244 1820 Elm.
275 1783 323 1820 ad
358 1783 501 1819 Arnob.
539 1781 606 1821 IV.
638 1796 673 1834 p.
710 1786 798 1822 128.
826 1781 932 1821 T.11.

67 1851 102 1890 p.
122 1842 211 1879 189.
227 1837 350 1877 Orell.
376 1838 473 1875 Dav.
501 1838 548 1876 ad
577 1837 689 1876 Caes.
716 1838 761 1876 B.
779 1838 824 1877 G.
851 1836 932 1875 VII.

68 1897 148 1941 29„
172 1895 236 1932 uhi
261 1895 392 1932 itidem
418 1894 518 1933 Mss.
544 1896 703 1940 variant,
732 1893 859 1933 Bentl.
885 1894 935 1932 ad

65 1950 201 1989 Manil.
233 1949 261 1989 l.
293 1955 385 1990 410.
434 1950 552 2001 Apul.
579 1950 673 1988 Met.
701 1949 745 1988 11.
778 1963 813 2000 p.
846 1955 934 1990 118.

62 2020 126 2059 pr
136 2012 349 2045 ovantum
370 2007 488 2045 liuius
497 2008 850 2059 pereyrinationis
863 2021 931 2046 an-

67 2063 256 2115 quirenti,
282 2061 348 2101 lV.
370 2077 407 2114 p.
431 2067 524 2103 275.
549 2077 653 2102 novo
674 2068 931 2115 proventu,

65 2132 102 2170 p.
129 2121 223 2159 298.
255 2119 457 2158 lucrosam
473 2133 796 2171 prosperumque
816 2133 932 2171 pro-

65 2179 270 2219 ventuum
295 2173 364 2214 lx.
388 2188 424 2225 p.
452 2179 543 2215 664.
566 2179 838 2227 procentus
862 2176 930 2215 lui-

66 2232 246 2275 manior‚·
282 2229 350 2269 Xl.
376 2244 411 2282 p.
441 2235 531 2271 794.
571 2233 611 2269 in
645 2236 931 2282 proventum

63 2288 368 2339 prosperiorem
394 2287 615 2327 adtonitus.
644 2286 711 2339 [cf.
727 2286 870 2326 Deder.
885 2287 935 2326 ad

65 2341 169 2391 Dict.
195 2341 298 2381 Cret.
321 2342 386 2380 Vl.
422 2349 482 2383 11.
515 2348 593 2382 not.
625 2344 704 2382 crit.
737 2347 776 2382 et
802 2343 934 2383 Gloss.

65 2412 105 2450 p.
127 2398 247 2450 376]

121 2455 194 2495 secl
217 2469 342 2507 ‹ieyre
365 2456 558 2507 precibus
589 2460 626 2495 el
657 2456 934 2495 obstinationi-

66 2511 148 2551 bus.
179 2509 335 2563 [Aeyre
359 2511 422 2549 hic
447 2511 576 2548 solum
601 2511 841 2562 probandum
860 2516 933 2550 est.

68 2566 247 2619 Aeyram
272 2568 391 2611 enim,
424 2567 525 2619 quod
552 2566 660 2605 multi
687 2567 800 2607 codd.
823 2581 932 2619 prae-

63 2623 174 2668 bent,
210 2624 274 2661 vix
311 2623 383 2661 dici
417 2637 541 2674 posse
577 2623 807 2662 crediderim
840 2638 932 2662 uxo·

64 2692 164 2724 rem,
206 2692 308 2731 quae
344 2680 524 2730 precibus
565 2679 703 2718 medici
739 2684 931 2718 enecatur.

67 2731 185 2775 Certe
217 2735 327 2774 nimis
359 2736 614 2787 conquisitum
653 2739 776 2775 esset.
834 2735 934 2775 Hinc

64 2803 115 2829 ex
139 2792 293 2842 optimis
324 2792 437 2831 codd.
463 2791 649 2830 Florentt.
680 2792 816 2830 retinui
847 2806 933 2830 cum

64 2846 168 2885 Oud.
206 2846 413 2886 lectionem
454 2862 589 2900 aegyre.
661 2847 839 2898 Heynius
881 2849 932 2886 ad

64 2901 173 2953 Virg.
198 2902 281 2942 Ecl.
311 2903 340 2943 l.
370 2908 431 2944 13.
463 2904 565 2943 hunc
596 2904 724 2943 locum
754 2905 788 2942 in
818 2917 932 2943 suum

63 2971 177 2998 usum
207 2964 434 2999 convertere
462 2960 676 3012 potuisset,
714 2973 832 3011 quum
866 2961 932 3000 de-

62 3018 280 3054 monstrare
313 3015 454 3063 vellet,
489 3017 594 3068 apud
630 3016 769 3068 virgil.
808 3031 935 3070 aeyer

63 3083 134 3121 pro
158 3085 284 3126 aegre
306 3072 394 3119 dici,
420 3072 525 3124 quod
547 3071 666 3111 hodie
690 3073 830 3112 nemini
847 3086 931 3124 pro-

62 3126 187 3166 batur.
246 3128 301 3168 At
335 3134 468 3168 contra
497 3128 601 3168 Oud.
632 3129 766 3167 retinui
798 3127 933 3167 lectio·

995 1178 1081 1203 nem
1114 1164 1468 1209 obstinationibus,
1507 1164 1567 1202 cui
1597 1163 1663 1200 ille
1696 1163 1864 1201 obtesta=

994 1221 1172 1260 tionibus
1207 1220 1433 1271 praeferret.
1494 1219 1714 1257 Videndum
1760 1219 1862 1256 enim

995 1284 1069 1322 est,
1095 1277 1201 1327 prius
1228 1277 1405 1314 librarios
1431 1290 1500 1328 pro
1527 1289 1599 1314 sno
1626 1275 1780 1326 ingenio
1807 1273 1861 1312 sa-

995 1333 1103 1371 cilius
1130 1337 1366 1370 commutare
1393 1333 1569 1384 potuisse
1594 1334 1629 1370 in
1657 1332 1861 1385 posterius,

996 1402 1112 1439 quam
1156 1389 1240 1425 vice
1285 1402 1419 1434 versa,
1463 1391 1606 1439 quippe
1649 1401 1859 1432 memores,

994 1445 1146 1494 quoties
1168 1446 1339 1495 precari
1364 1449 1404 1482 et
1437 1445 1626 1483 obtestari
1659 1443 1759 1494 apud
1786 1443 1862 1481 La-

993 1503 1094 1538 tinos·
1127 1502 1465 1551 coniungerentur,
1499 1500 1652 1550 vimque
1682 1499 1862 1537 vocabuli

995 1557 1332 1596 obstinationibus
1363 1570 1436 1594 non
1469 1556 1682 1608 capientes,
1733 1555 1863 1594 Obsti-

993 1615 1106 1652 notio
1132 1613 1231 1650 enim
1258 1626 1376 1663 quum
1397 1614 1548 1652 nimiam
1568 1612 1760 1663 significet
1779 1625 1863 1663 per-

992 1670 1196 1713 vicaciam,
1221 1669 1284 1707 hic
1305 1669 1353 1706 de
1374 1669 1526 1706 medico
1553 1668 1784 1707 insolentius
1806 1667 1863 1705 di-

993 1730 1093 1763 ctum
1114 1739 1206 1763 esse
1229 1725 1496 1776 persuadetur,
1523 1725 1585 1776 qui
1607 1726 1723 1763 instat
1743 1723 1862 1762 vehe-

992 1786 1139 1819 menter
1171 1782 1298 1827 nxori‚
1334 1795 1406 1820 nec
1436 1795 1459 1819 a
1482 1781 1665 1833 precibus
1696 1781 1861 1819 desistit.

993 1836 1202 1875 Praeterea
1240 1838 1380 1875 librarii
1416 1839 1501 1875 sine
1538 1837 1654 1876 dubio
1686 1837 1863 1875 offende-

995 1895 1084 1931 bant
1120 1895 1155 1931 in
1193 1893 1368 1932 eiusdem
1409 1893 1590 1932 vocabuli
1632 1894 1862 1944 repetitione

995 1949 1264 1989 obstinatione
1284 1950 1491 2002 sacrileya
1518 1953 1557 1988 et
1583 1950 1863 1989 obstinationi-

991 2006 1080 2051 bns,
1118 2020 1219 2057 quae
1256 2020 1372 2057 quum
1403 2006 1491 2044 aliis
1524 2006 1559 2044 in
1597 2006 1697 2044 locis
1740 2004 1862 2043 mole-

989 2062 1104 2100 stiam
1142 2077 1216 2100 non
1254 2062 1417 2109 haheat,
1460 2061 1523 2100 hic
1559 2076 1606 2101 eo
1642 2062 1768 2113 magis
1806 2061 1861 2100 fe·

987 2118 1108 2157 reuda
1134 2123 1212 2164 est,
1251 2118 1354 2169 quod
1385 2119 1586 2170 utriusque
1611 2132 1863 2170 perseveren-

990 2175 1041 2212 tia
1072 2178 1111 2211 et
1142 2177 1271 2213 uxoris
1303 2176 1337 2213 in
1374 2174 1540 2214 audacia
1575 2179 1614 2214 et
1649 2175 1789 2214 medici
1825 2175 1861 2213 in

988 2231 1172 2283 precibus
1199 2232 1344 2282 optime
1369 2231 1441 2270 sibi
1469 2231 1713 2284 respondet]

1051 2335 1214 2361 caecam
1255 2323 1350 2361 iotIs
1392 2322 1606 2362 visceribus
1649 2324 1863 2373 furentem.

994 2375 1080 2430 [De
1117 2378 1397 2428 significatione
1433 2378 1572 2416 adiect.
1611 2392 1755 2417 caecus
1791 2391 1861 2428 pro

993 2434 1146 2472 occulto
1172 2438 1211 2471 et
1235 2438 1339 2472 tecto
1365 2433 1414 2473 cs.
1441 2432 1544 2472 Cort.
1564 2434 1614 2473 ad
1634 2434 1780 2472 Lucan.
1796 2433 1862 2471 lv,

993 2494 1099 2535 458„
1125 2490 1174 2527 de
1195 2493 1398 2542 furentem
1424 2489 1507 2529 Fea
1525 2491 1575 2528 ad
1590 2489 1721 2528 Horat.
1737 2489 1862 2542 Epod.

1047 2625 1242 2664 mandato
1257 2654 1268 2670 ,
1292 2654 1356 2665 ....
1380 2626 1624 2677 deposceret
1646 2627 1705 2664 sic
1731 2625 1861 2665 elisus.

992 2680 1222 2733 [mandato
1252 2695 1301 2719 ex
1332 2683 1486 2732 optimis
1507 2682 1617 2720 codd.
1633 2681 1734 2727 dedi,
1755 2695 1861 2720 mon-

991 2737 1068 2776 dat
1085 2751 1153 2789 pro
1174 2737 1419 2788 glossemate
1439 2738 1675 2776 librariorum
1695 2737 1861 2781 babens,

993 2794 1057 2844 qui
1087 2793 1245 2832 ablativi
1275 2794 1463 2845 participii
1500 2795 1648 2845 passivi
1679 2793 1862 2832 absolute

992 2849 1111 2901 positi
1136 2863 1249 2887 usum
1280 2851 1526 2901 ignorabant3
1551 2849 1601 2889 cf.
1633 2850 1683 2888 ad
1708 2848 1806 2887 Met.
1831 2849 1860 2888 1.

990 2919 1026 2956 p.
1043 2908 1108 2945 26.
1130 2911 1339 2957 comperto
1359 2910 1397 2943 et
1410 2919 1445 2956 p.
1462 2910 1526 2947 30.
1553 2911 1712 2946 curato.
1735 2905 1798 2944 De
1818 2910 1864 2944 ut

991 2961 1204 3012 particulae
1230 2962 1442 3000 omissione
1466 2961 1543 3001 vid.
1567 2961 1616 3001 ad
1640 2961 1738 3000 Met.
1757 2960 1861 3000 Vlll.

990 3032 1026 3069 p.
1041 3020 1148 3062 513„
1172 3016 1222 3055 de
1248 3017 1366 3056 elisus
1388 3017 1438 3056 ad
1462 3017 1560 3056 Met.
1581 3016 1683 3056 Vm.
1708 3030 1745 3068 p.
1767 3021 1860 3059 546.

990 3071 1059 3112 lX.
1085 3086 1121 3124 p.
1149 3076 1242 3116 665.
1278 3072 1407 3113 Burm.
1433 3071 1655 3113 adAnthol.
1669 3072 1756 3112 Lat.
1772 3072 1818 3113 T.
1832 3072 1859 3112 l.

990 3143 1027 3181 p.
1056 3128 1148 3181 22]
