2221 3667
256 309 298 340 14
346 299 486 340 sidium
512 299 717 352 eliquaret.

348 132 401 177 16

588 131 638 171 L.
669 129 889 170 APULEll
918 127 1318 170 MADAURENSIS
1346 126 1888 168 METAMORPHOSEON

345 244 491 284 sensim
518 243 711 298 proveho,
739 243 867 296 quoad
892 242 1134 284 lassitudinis
1161 241 1447 282 incommodum
1473 240 1551 280 alvi
1576 240 1733 281 solitum
1759 254 1805 279 ae
1825 238 2004 280 naturale
2030 250 2141 291 prae-

780 299 843 340 Ac
863 300 950 339 dum
970 300 1004 340 is
1031 298 1038 354 Ι
1064 299 1301 339 ientaculum
1328 297 1628 337 ambulatorium
1649 303 1836 350 prataque
1861 293 2050 349 praeterit
2074 307 2142 335 ore

256 369 296 401 15
345 357 382 395 in
410 356 512 396 latus
538 356 690 396 detorto
716 369 864 410 pronus
889 357 1082 405 adfector‚
1109 354 1115 410 Ι
1143 355 1293 395 duobus
1315 353 1536 403 comitibus,
1565 353 1630 406 qui
1650 354 1751 393 forte
1771 351 1967 406 paululum
1987 362 2143 404 proces-

340 482 491 522 eliquari
503 484 523 512 f.
572 483 785 512 [antas-ulum
810 484 898 513 (ἴων.
925 488 953 512 et
982 484 1002 512 t'.
1048 486 1221 520 prataque
1241 484 1310 511 cod.
1324 483 1359 511 F.
1382 484 1409 510 1.
1430 485 1460 510 3.
1475 484 1513 510 D.
1530 484 1564 509 G.
1579 483 1608 509 2.
1625 482 1660 509 P.
1675 482 1710 509 B.
1725 483 1754 508 et
1769 480 1838 509 edd.
1853 483 1928 508 vett.
1972 477 2146 516 praeterit

340 530 376 559 F.
392 531 421 557 2.
436 531 467 557 3.
498 530 685 566 praeter-m
704 531 739 558 P.
753 532 793 558 D.
809 531 843 558 B.
859 532 894 558 G.
909 532 940 557 2.

988 536 1111 565 oreque
1135 529 1170 556 B.
1215 527 1374 564 protinus
1399 526 1553 554 adice-tor
1572 528 1607 554 P.
1622 527 1658 554 G.
1690 532 1820 562 pronus
1833 523 1984 552 adiecta!
1998 526 2034 553 B.
2060 530 2144 560 pro-

340 581 403 602 nus
417 573 571 602 παίει-Μν-
591 575 626 603 F.
646 577 671 603 1.
685 577 722 604 l).
737 576 795 603 sed
815 581 834 603 a
855 582 894 603 m.
909 583 935 602 s.
969 574 1128 609 protinus
1149 570 1299 609 assectae
1312 579 1496 609 ——prmms
1509 571 1640 599 adiecto
1660 572 1751 599 Colv.
1763 571 1820 599 lib.
1840 577 1970 607 pronus
1990 567 2146 597 adlectat

340 620 375 648 F.
391 621 420 648 3.

339 666 454 694 Venet.
474 667 504 694 2.
525 667 554 694 3.
575 666 651 694 Ald.

469 622 573 657 alque
591 618 717 647 deiectu
740 622 780 648 n.
796 620 816 647 t'.
865 618 1016 645 udleemt
1038 614 1109 646 edd.
1130 622 1206 645 wu.
1236 617 1393 656 adfectat
1413 620 1496 646 lunt.
1515 620 1546 646 2.

699 666 728 693 A
746 666 783 693 n.
798 668 825 692 et
843 664 862 692 f.
883 666 992 691 exulat
1014 662 1080 699 qui.
1124 662 1263 698 paulum
1282 665 1364 691 lunt.
1390 665 1416 690 1.
1429 664 1504 691 ΑΜ.
1547 664 1813 699 praecesserant
1831 662 1866 690 P.
1881 668 1917 689 π.
1931 661 1966 689 Β.
1994 657 2145 694 [nudius

1594 616 1750 644 comitum
1773 623 1804 650 p.
1827 617 1863 644 B.
1888 617 1924 644 F.
1949 616 1980 643 3.
2003 617 2088 643 lunt.
2114 615 2143 641 1.

339 710 489 747 margini
510 709 646 738 milevit.
686 708 753 736 nia
773 707 874 736 laudo
893 706 1097 735 iudustriam
1119 706 1278 744 lnnm‘m's,
1306 708 1366 745 qui
1382 716 1488 744 nuper
1501 708 1533 735 iu
1552 710 1697 744 suspect.
1713 709 1978 743 praecesserant,
2005 702 2094 743 quod
2111 704 2144 732 in

340 754 550 784 Barzimeusa·
559 757 734 792 repererat
742 773 751 791 ‚
774 752 998 793 praeferebat
1008 753 1029 789 Ι.

338 867 496 918 fronde
510 865 720 917 perplacet,
742 863 847 913 quod
863 877 987 913 equus
1004 877 1075 902 non
1090 863 1217 901 solunt

338 926 491 961 aestuet
516 922 656 964 tronto,
680 920 752 958 sed
790 920 848 957 vel
880 921 1045 959 maxime
1075 920 1217 958 sudent

338 981 422 1018 eius
459 992 543 1016 eum
580 976 747 1029 pedibus
774 977 865 1015 armi
898 980 935 1014 et
967 980 1141 1027 pectora,
1178 980 1216 1013 et

338 1036 547 1085 equisones
572 1034 806 1084 equitesque
820 1033 926 1070 viridi
946 1032 1078 1078 herba,
1100 1032 1214 1077 foliis,

338 1092 509 1141 gramine
533 1090 714 1129 sudorem
748 1091 860 1139 equis
884 1089 1087 1140 detergere
1111 1090 1214 1127 sole-

338 1151 414 1186 ant.
446 1147 493 1186 ef.
520 1146 621 1185 Oud.
653 1147 687 1184 in
713 1145 829 1184 Misc.
857 1146 1024 1185 Olvserv.
1051 1146 1141 1184 Vol.
1168 1145 1213 1184 ll.

338 1202 448 1243 Tom.
485 1202 531 1242 11.
568 1217 607 1255 p.
639 1206 736 1244 296.
779 1202 1024 1254 [Coniectura
1060 1203 1213 1242 minime

336 1261 535 1312 probatur,
562 1262 650 1310 qnia
674 1263 738 1297 esti
761 1272 1065 1312 supervacanea.
1096 1258 1212 1309 Equi-

336 1321 415 1356 tum
458 1317 557 1355 enim
594 1317 629 1354 in
667 1316 793 1367 perles
836 1316 1094 1355 desilientium
1138 1320 1212 1360 est,

337 1387 412 1412 non
449 1374 594 1425 integro
632 1374 722 1422 equi
758 1374 905 1424 corpori
935 1373 1116 1412 Sudorem
1147 1372 1211 1410 ab·

336 1434 526 1481 ster-gere,
563 1430 636 1468 sed
668 1429 849 1473 frontem,
885 1429 1011 1468 malas
1042 1431 1081 1467 et
1111 1429 1212 1467 colla

336 1488 425 1540 equi
466 1486 669 1526 admodum
714 1485 812 1524 fessi
847 1486 1033 1537 palpare,
1081 1499 1213 1524 curare

337 1545 500 1594 eiusque
536 1556 649 1582 aures
685 1542 909 1581 renuilcere.
948 1542 995 1581 cf.
1032 1540 1213 1580 Philostr.

335 1601 374 1642 2.
401 1605 437 1640 5.
469 1600 531 1651 qui
557 1594 637 1638 ὦτα
667 1601 731 1637 καὶ
754 1601 882 1651 χαίτην
906 1602 1134 1650 καταπρῆσαι
1164 1599 1215 1637 att

337 1671 430 1695 esse
454 1657 543 1695 boni
574 1657 726 1706 equitis.
766 1656 958 1694 Sudorem
989 1657 1101 1706 igitur
1125 1656 1214 1705 equi

337 1714 461 1752 fronte
491 1712 678 1751 extricare
709 1716 788 1758 est,
814 1717 930 1765 caput
955 1712 1212 1751 demulcendo

337 1772 373 1808 ei
396 1770 578 1809 sudorem
603 1770 849 1819 abstergere,
876 1782 978 1820 quae
1003 1769 1212 1821 explicatio

336 1831 493 1880 propter
527 1839 616 1877 sqq.
653 1827 781 1877 magis
818 1826 969 1865 arridet.
1031 1826 1132 1864 Nam
1174 1828 1215 1864 ut

336 1897 478 1935 equum
492 1883 732 1934 refrigeraret
744 1882 903 1928 Lucium
924 1884 959 1922 in
983 1883 1110 1922 lenem
1132 1896 1214 1932 gra·

337 1941 428 1980 dum
452 1941 645 1992 provexit,
670 1940 774 1979 unde
800 1939 944 1978 frondis
970 1941 1114 1979 curatio
1140 1953 1214 1978 non

337 2001 419 2036 erat
449 1997 681 2036 necessaria.
729 1996 793 2035 De
821 1999 962 2048 fronte
993 2000 1031 2034 et
1052 1996 1212 2048 froude

335 2056 431 2093 iuter
461 2067 507 2092 se
531 2055 774 2093 commutatis
805 2053 854 2091 cf.
880 2052 1016 2092 Heius.
1041 2054 1210 2092 Advers.

336 2110 362 2150 1.
398 2114 460 2151 16.
486 2125 522 2163 p.
540 2115 631 2151 174.
656 2114 698 2149 ut
722 2109 825 2149 Oud.
851 2111 886 2148 in
908 2111 1084 2149 Van-oue
1109 2109 1213 2161 apud

335 2167 436 2206 Nou.
463 2181 496 2207 S.
521 2181 555 2206 v.
583 2167 782 2207 Torialim
808 2168 919 2219 quod
943 2167 1077 2206 fronde
1105 2166 1213 2205 lecti-

337 2238 410 2263 cae
428 2229 605 2264 structae
628 2228 745 2262 erant
768 2227 807 2261 et
824 2225 859 2262 in
880 2222 1009 2276 Priap.
1031 2227 1095 2265 36.
1116 2223 1213 2273 fronj-

336 2281 387 2320 de
412 2286 589 2320 comatos
612 2280 804 2332 restituit]

390 2338 583 2390 prevello.
598 2336 733 2375 Heins.
749 2337 799 2376 ad
813 2336 928 2375 Ovid.
940 2337 1034 2376 Met.
1051 2336 1098 2375 V.
1119 2339 1212 2383 450.

337 2395 561 2434 coniectura
587 2407 808 2446 promoveo
839 2393 941 2433 Oud.
975 2408 1048 2432 non
1080 2393 1213 2445 displi-

337 2453 431 2496 cuit,
456 2451 519 2502 qui
544 2450 640 2489 Met.
666 2448 730 2488 111.
760 2464 797 2502 p.
823 2454 916 2491 212.
943 2450 1027 2489 Vll.
1055 2464 1090 2501 p.
1117 2453 1212 2490 496.

337 2507 483 2547 Florid.
508 2521 546 2559 p.
575 2512 638 2547 11.
664 2511 872 2558 comparat.
904 2507 967 2546 De
986 2506 1213 2559 provehere

337 2564 560 2604 neutraliter
594 2565 721 2616 posito
753 2565 895 2602 excitat
925 2563 1027 2602 Oud.
1059 2562 1127 2601 Int.
1146 2562 1212 2601 'ad

338 2621 446 2660 Suet.
478 2619 591 2660 Caes.
624 2635 656 2660 c.
683 2624 749 2661 37.
781 2619 882 2672 Nep.
915 2618 1082 2658 Timoth.
1115 2633 1146 2657 c.
1174 2623 1210 2659 2.

338 2677 440 2729 [Sed
466 2677 690 2730 provehere
720 2677 805 2715 sci-l.
842 2690 988 2729 equum
1022 2676 1212 2726 significat

338 2734 444 2773 freno
485 2734 656 2773 detracto
694 2733 769 2773 leni
811 2746 951 2785 gressu
986 2732 1212 2785 producere,

339 2791 442 2840 quod
479 2791 648 2841 equitum
684 2789 880 2841 hodieque
911 2793 990 2835 est,
1026 2790 1059 2828 si
1097 2789 1211 2827 nimio

337 2847 480 2886 sudore
504 2848 593 2897 equi
616 2847 791 2899 fluitant]
916 2883 919 2886 ⁴
1059 2855 1067 2861 '

393 2904 586 2944 naturale
604 2904 865 2956 praesidi-mn
889 2903 1102 2956 eliquaret.
1140 2901 1209 2941 Al-

335 2961 430 2999 bert.
444 2959 653 2999 Hamilton.
669 2961 886 3000 coniecerat
908 2960 1099 3000 naturale
1116 2959 1209 2998 resi-

335 3017 462 3057 duum
490 3016 553 3054 vel
574 3018 803 3069 prosicium
827 3018 918 3067 quia
939 3016 1100 3067 vulgata
1128 3014 1210 3055 nul-

336 3072 415 3112 lum
433 3086 592 3112 sensum
610 3073 789 3119 haberet,
815 3074 966 3114 Gruter.
985 3074 1021 3111 in
1039 3073 1212 3125 margine

336 3130 538 3170 adteverat
573 3131 831 3183 profluvium.
902 3131 986 3170 Sed
1026 3129 1208 3168 Beroald.

1276 863 1351 902 iam
1377 864 1537 909 monuit,
1568 861 1690 900 Lucio
1721 876 1835 914 spem
1874 862 1996 901 fuisse
2033 860 2144 900 lassi-

1275 919 1416 958 tudinis
1459 932 1560 969 equo
1603 919 1833 958 minuendae
1873 920 1908 956 in
1951 917 2145 970 praesidio

1275 976 1350 1015 alvi
1375 989 1461 1014 eam
1487 988 1573 1013 cuni
1602 975 1783 1013 sordibus
1809 974 2026 1025 eliquantis.
2065 973 2146 1025 [De

1274 1033 1457 1084 eliquare
1482 1031 1528 1070 ef.
1555 1031 1603 1069 ad
1630 1030 1725 1070 Met.
1752 1031 1801 1070 X.
1827 1046 1864 1083 p.
1891 1030 2003 1083 736]

1326 1094 1534 1141 prataque
1545 1112 1590 1115 --
1605 1088 1810 1140 adseetor.
1842 1087 2010 1140 [Omnes
2029 1087 2146 1126 omni-

1272 1160 1321 1184 no
1340 1147 1585 1196 interpretum
1605 1146 1858 1190 coniecturas,
1887 1145 2027 1194 quibus
2044 1143 2148 1182 hunc

1273 1202 1398 1241 locum
1445 1201 1779 1253 perversissiimim
1828 1214 1969 1240 sanare
2014 1200 2147 1240 stude-

1272 1260 1381 1304 bant,
1419 1271 1641 1297 enumerare
1673 1257 1828 1308 longum
1859 1261 1931 1296 est.
1974 1257 2148 1296 Sufficiat

1272 1317 1497 1367 potissimas
1521 1315 1752 1354 adscribere.
1779 1315 1938 1366 Sciopp.
1965 1315 2001 1352 in
2026 1313 2145 1365 Susp.

1271 1372 1380 1411 Lect.
1394 1370 1583 1423 proponit.
1607 1370 1668 1410 Ac
1683 1372 1779 1410 dnm
1796 1372 1932 1411 sitiens
1952 1370 2147 1422 aquulam

1273 1429 1452 1468 ambulat
1482 1442 1533 1467 ac
1558 1430 1599 1466 in
1620 1433 1769 1480 prata,
1803 1440 1908 1481 quae
1929 1427 2146 1479 praeteriit

1274 1499 1343 1524 ore
1375 1486 1398 1523 ἰ.
1427 1485 1451 1523 l.
1479 1485 1518 1523 d.
1541 1499 1586 1537 p.
1619 1487 1803 1536 affectat,
1836 1485 1870 1522 in
1898 1484 2035 1535 Symb.
2068 1483 2145 1521 crit.

1274 1556 1323 1581 ac
1360 1542 1456 1580 dum
1485 1542 1519 1579 is
1554 1541 1801 1580 ientaculum
1831 1540 2146 1580 ambulatorium

1270 1603 1399 1651 prata
1432 1611 1535 1650 quae
1555 1598 1759 1649 praeterit
1783 1611 1852 1636 ore
1876 1598 1918 1636 in
1950 1597 2056 1636 latus
2081 1596 2145 1635 de-

1275 1660 1384 1693 torto
1401 1668 1560 1706 pronus
1579 1654 1769 1705 adfectat
1780 1671 1791 1693 .·
1817 1667 1920 1704 quae
1932 1653 2071 1692 eadem
2085 1657 2147 1693 est

1273 1711 1494 1751 Becichemi
1508 1711 1718 1755 sententia,
1745 1711 1815 1750 nisi
1829 1710 1935 1761 quod
1953 1724 2023 1762 pro
2043 1723 2147 1762 quae

1275 1784 1357 1822 qua
1386 1768 1573 1806 maluerit.
1599 1766 1783 1806 Bartliius
1808 1767 1910 1806 Adv.
1935 1765 2086 1805 XXIV.
2111 1780 2144 1805 c.

1277 1831 1311 1866 1.
1337 1840 1373 1877 p.
1393 1828 1512 1865 1170.
1538 1824 1637 1862 haec
1662 1824 1779 1863 verba
1803 1824 2006 1876 glossema
2029 1826 2069 1861 et
2094 1824 2144 1863 in-

1273 1882 1584 1934 terpretationem
1599 1884 1736 1920 censet
1753 1881 1951 1921 ἰεηίαοιιῖἰ
1967 1879 2145 1921 ambula-

1275 1940 1372 1979 torti
1397 1942 1435 1976 ct
1458 1937 1606 1976 Fet-rar.
1638 1938 1674 1975 in
1700 1936 1824 1976 Eleet.
1850 1936 1877 1976 l.
1903 1952 1933 1975 c.
1964 1941 2026 1977 13.
2053 1936 2146 1987 tegit

1270 1998 1312 2036 in
1342 1997 1434 2034 ient.
1467 1995 1568 2033 amb.
1597 1999 1725 2046 prata
1758 2007 1862 2046 quae
1886 1998 2024 2046 praet.
2051 1997 2144 2048 affe-

1271 2057 1368 2097 ctat,
1392 2051 1534 2090 Markl.
1561 2049 1685 2103 Epist.
1702 2049 1731 2088 F
1734 2052 1788 2088 rit.
1814 2065 1851 2102 p.
1876 2055 1936 2091 15.
1961 2053 2025 2091 18.
2050 2051 2144 2090 ient.

1272 2109 1373 2150 amb.
1385 2113 1526 2161 parat,
1549 2107 1662 2160 quod
1680 2121 1761 2159 per
1774 2108 1850 2146 iter
1869 2121 1940 2146 ore
1959 2110 2031 2146 etc.
2052 2109 2146 2160 affe-

1273 2171 1369 2206 ctat.
1401 2164 1560 2204 Modius
1586 2177 1714 2214 neque
1737 2177 1829 2202 vero
1854 2162 2081 2208 Eusebius,
2105 2167 2146 2203 ut

1272 2223 1375 2261 Oud.
1394 2225 1515 2274 putat,
1539 2221 1759 2260 emendavit
1782 2222 1818 2259 in
1838 2221 2011 2271 margine
2024 2233 2145 2273 prae·

1273 2280 1406 2324 terita,
1426 2292 1541 2329 quum
1556 2278 1659 2316 Oud.
1679 2278 1765 2329 ipse
1777 2277 2002 2317 Beeichemi
2015 2290 2145 2316 emen-

1273 2336 1466 2376 dationem
1519 2336 1672 2374 omnino
1727 2334 1962 2386 comprobet.
2031 2333 2146 2372 Nunc

1272 2406 1361 2433 mea
1379 2396 1499 2431 restat
1518 2395 1558 2430 nt
1576 2391 1806 2430 defendatur
1823 2391 2026 2430 sententia.
2059 2390 2145 2429 Ien-

1272 2450 1451 2489 taculum
1487 2450 1587 2487 enim
1625 2448 1937 2487 ambulatorium
1971 2446 2145 2500 appellat

1271 2519 1446 2557 grannen,
1473 2505 1578 2556 quod
1602 2504 1836 2544 ambulando
1861 2507 1902 2543 et
1925 2504 2002 2543 teni
2022 2503 2145 2555 gradu

1269 2561 1551 2613 praetereundo
1581 2574 1706 2612 equus
1737 2561 1804 2600 ille
1828 2562 1991 2613 appetit,
2028 2573 2145 2611 quum

1271 2619 1542 2658 ambularetis
1567 2619 1617 2656 sit
1640 2619 1847 2670 proprium,
1873 2619 1937 2669 qui
1961 2618 2074 2657 otiosi
2098 2629 2145 2656 ac

1271 2675 1361 2714 lenti
1398 2677 1631 2727 spatiantur3
1662 2675 1712 2713 cf.
1743 2675 1872 2714 Burm.
1897 2673 1948 2714 ad
1982 2672 2143 2714 Anthol.

1269 2731 1358 2772 Lat.
1385 2731 1495 2771 Tom.
1521 2730 1564 2770 lt.
1590 2745 1629 2783 p.
1651 2735 1742 2774 239.
1781 2731 1914 2770 Verba
1936 2743 2027 2770 vero
2043 2744 2144 2783 pra·

1270 2793 1394 2841 taque
1439 2789 1692 2840 appositionis
1733 2791 1773 2827 et
1818 2788 2145 2840 interpretamenti

1270 2859 1415 2885 caussa
1448 2850 1539 2884 sunt
1563 2846 1761 2897 apposita:
1802 2858 1879 2897 que
1913 2845 2013 2884 enim
2048 2856 2143 2884 esse

1268 2902 1495 2954 particulam
1525 2902 1796 2954 explicativam
1821 2901 1966 2940 dudum
1991 2901 2066 2940 iam
2089 2901 2142 2939 vi-

1268 2959 1406 2998 derunt
1435 2960 1501 2998 viri
1531 2959 1634 2999 docti
1664 2958 1712 2998 ef.
1738 2957 1854 2998 Goer.
1891 2957 1943 2998 ad
1979 2956 2055 2996 Cic.
2092 2957 2144 2996 de

1267 3015 1366 3068 Leg.
1398 3015 1446 3055 Π.
1476 3015 1546 3055 lV.
1583 3017 1617 3067 §-
1647 3019 1685 3055 8.
1716 3015 1766 3054 de
1802 3013 1885 3053 Fin.
1916 3013 1979 3054 111.
2014 3013 2078 3055 17.
2109 3015 2142 3065 ᾧ.

1258 3075 1333 3113 57.
1364 3072 1494 3113 Beier.
1525 3072 1577 3112 ad
1605 3070 1682 3111 Off.
1713 3070 1758 3111 11.
1792 3075 1830 3112 4.
1860 3071 1891 3122 §.
1926 3074 1988 3111 16.
2019 3069 2142 3109 Kritz.

1267 3129 1319 3169 ad
1348 3129 1449 3170 Sall.
1475 3128 1558 3172 Cat.
1589 3127 1658 3172 IV.
1683 3131 1721 3170 2.
1746 3141 1784 3180 p.
1811 3131 1893 3174 24„
1919 3128 1983 3180 qui
2012 3129 2142 3167 tamen
