2155 3590
643 157 833 200 LIBER
862 159 915 203 v.
972 159 1101 215 CAP.
1127 158 1269 202 xxv.

1770 162 1853 207 369

69 266 229 308 voculas
266 267 504 309 omnimodas
539 270 706 310 edocens
742 272 931 314 recinere.
977 272 1165 315 Proxime
1199 272 1324 328 ripam
1357 285 1461 326 vago
1491 278 1606 327 pastu
1640 272 1855 316 lasciviunt

71 336 218 362 comam
261 323 368 365 fluvii
406 326 611 366 tondentes
657 328 842 380 capellae.

903 329 1122 372 Hircuosus
1163 330 1258 371 deus
1298 327 1471 370 sauciam
1512 327 1694 384 Psychen
1735 337 1851 385 atque

69 426 259 456 omniaedas
272 430 307 458 F.
325 431 351 459 1.
365 431 396 458 3.
410 431 446 460 G.
457 432 524 460 1.2.
539 431 575 460 Ρ.
590 433 628 460 D.
645 433 682 460 In
696 433 731 460 G.
748 435 762 461 1
790 437 879 463 extat
891 437 1002 470 glossa
1013 435 1233 466 interlinearis
1246 433 1357 463 omnia
1370 433 1642 474 manifestantes.
1665 436 1704 464 In
1716 434 1852 471 reliquis

69 472 289 510 omninmdas,
316 476 399 509 quod
417 476 578 513 praefero,
601 479 655 505 vel
673 477 790 512 siquid
811 481 998 509 mutandum
1017 485 1081 519 est.
1106 483 1179 517 lego
1193 479 1393 518 omnigenas.
1441 478 1610 507 reccr’nere
1623 481 1658 509 F·
1673 481 1702 509 3.
1717 481 1753 509 G.
1767 482 1798 510 2.
1812 482 1851 510 D.

68 517 316 549 rectinereG.1.
341 519 487 547 retinere
496 522 529 549 0.
539 529 568 556 p.
578 518 606 550 δ.
616 523 810 551 etedd.vett.
823 529 951 558 praeter
963 528 1085 555 Iunt.2.
1112 524 1334 555 tundendesn.
1360 523 1537 553 tundentes
1551 522 1580 553 δ.
1608 523 1763 552 tondente
1772 527 1808 554 G.
1822 526 1852 555 1.

67 568 88 590 a
99 570 139 592 m.
161 571 190 597 p,
236 561 423 600 hyrcuosus
441 566 476 594 F.
490 567 522 594 3.
538 568 573 595 G.
589 568 618 595 1.
648 564 824 596 la'rcuoszcs
837 570 872 597 F.
889 571 918 598 1.
931 571 965 598 0.
980 578 1009 605 p.
1044 569 1208 608 hyrc-osus
1222 572 1258 600 G.
1271 572 1302 599 2.
1315 572 1354 600 D.
1389 567 1544 598 hircosus
1557 571 1594 599 P.
1609 579 1643 604 φ.
1656 578 1686 605 p.
1711 571 1770 599 Bis
1783 571 1852 600 cod.

66 614 94 641 p.
109 609 271 638 excitabat
285 617 341 643 per
354 618 491 639 errorem
500 611 578 640 Oud.
591 613 654 640 Sed
669 613 818 646 quoniam
833 622 905 642 cum
917 616 952 644 F.
962 617 991 644 3.
1007 616 1202 651 saepissime
1216 616 1373 652 congruit,
1387 619 1640 645 consentaneum
1653 619 1701 644 est
1714 613 1852 643 ltin-uo-

65 658 122 680 επις
134 653 168 681 in
183 661 218 682 eo
230 654 306 689 legi.
340 652 514 683 hir-tunsus
526 657 565 685 R.
580 655 600 685 f.
616 657 684 686 edd.
698 662 775 686 velt.
788 658 879 688 Colv.
891 660 1030 689 Vulcau.
1078 659 1232 699 Psychen
1245 662 1281 690 F.
1296 662 1326 691 3.
1339 661 1466 691 Vicent.
1478 662 1515 689 In
1530 663 1604 690 celi.
1623 657 1796 697 Psychem.

120 729 309 768 rec-inere.
334 729 442 769 Bene
456 732 529 770 iam
538 731 756 771 Beroaldus
772 736 926 781 monuit,

68 782 275 833 legendum
308 799 401 824 esse
430 789 610 827 recinere
638 791 723 827 sive
753 791 927 829 canendo

61 853 179 878 voces
201 843 436 881 omnimodas
450 843 630 891 reddere,
655 859 727 885 nec
745 848 928 887 retinere.

62 895 238 935 Eundem
264 911 429 937 errorem
455 901 596 952 optime
622 903 687 940 viri
717 903 818 941 docti
842 917 927 942 sus-

60 952 229 991 tulerunt
253 954 302 992 de
334 954 383 993 D.
419 955 566 995 Socrat.
597 972 633 1010 p.
663 963 774 1005 164„
809 974 926 1012 quam

62 1011 267 1061 increpitu
297 1011 554 1064 iudiynatum
587 1014 774 1054 Amorem
804 1017 923 1055 reei-

60 1066 218 1104 nendo
244 1067 466 1118 placasset,
498 1070 562 1107 ubi
588 1070 701 1122 vulgo
728 1076 809 1109 erat
832 1073 923 1110 reti·

59 1122 245 1162 nendum.

117 1191 270 1217 comam
291 1180 416 1232 ῙῘιιι-ἱί.
466 1180 646 1234 [Poetice
671 1198 787 1223 coma
808 1184 923 1236 fluvii

58 1234 120 1272 hic
143 1234 282 1273 dictum
309 1240 371 1274 est
394 1250 462 1287 pro
487 1239 703 1277 arbusculis
724 1244 763 1277 et
779 1239 922 1285 herbis,

57 1303 157 1341 quae
176 1304 297 1342 prope
317 1292 469 1330 fluvium
484 1298 689 1333 nascuntur
714 1296 760 1334 cl.
776 1294 922 1334 Colum.

57 1345 107 1385 X.
133 1351 223 1387 277.
244 1347 478 1401 tellurisque
504 1364 659 1391 comas
682 1352 810 1391 sacris
836 1353 922 1404 aqi-

56 1407 138 1442 tate
161 1405 356 1443 canistris.
384 1403 495 1444 Ovid.
518 1406 649 1446 Amor.
675 1407 737 1446 Ill.
767 1411 828 1449 10.
858 1412 922 1448 12.

52 1460 166 1511 falce
196 1461 402 1500 coloratus
437 1463 716 1516 subsecuitque
752 1478 919 1504 comas.

53 1516 109 1554 At
132 1517 292 1567 saepius
318 1517 367 1554 de
394 1516 497 1557 soliis
523 1520 700 1558 arborum
727 1533 848 1571 quae,
880 1525 922 1560 ut

53 1585 188 1610 comae
196 1572 427 1619 hominibus,
437 1587 565 1614 earum
579 1580 668 1615 sunt
681 1581 916 1624 ornamenta,

53 1627 233 1667 Elmenh.
258 1630 292 1667 iu
319 1630 394 1669 ind.
419 1630 530 1670 affert
552 1632 774 1685 Hieronym.
800 1634 916 1685 epith.

51 1683 299 1735 Nepotianic.
310 1689 347 1726 3.
362 1700 520 1727 comae
533 1690 738 1729 arborum.
760 1689 918 1730 Pacian.

53 1739 176 1791 Epist.
204 1745 240 1781 3.
277 1743 327 1780 ad
365 1743 672 1794 Simpronianum
693 1748 918 1799 palmetam

53 1797 210 1836 crines
234 1796 418 1837 Priscian.
439 1799 583 1841 Medic.
603 1807 642 1842 4.
674 1817 805 1842 coma.
831 1804 916 1858 leys-

50 1854 154 1904 sopi.
178 1852 297 1893 Plura
322 1856 404 1893 eius
424 1857 714 1908 significationis
735 1860 918 1911 exempla

50 1909 254 1960 praebebit
277 1911 411 1950 Heius.
432 1914 600 1954 Advers.
614 1913 701 1955 Xll.
717 1920 752 1956 2.
772 1930 808 1967 p.
825 1920 918 1957 211.

52 1963 153 2004 cort.
177 1966 226 2005 ad
252 1966 397 2007 Lucan.
423 1967 484 2008 Ill.
511 1975 603 2012 443.
629 1971 688 2010 Ita
712 1972 919 2024 legendum

49 2025 142 2073 puto
167 2023 270 2074 apud
295 2024 431 2076 virgil.
455 2025 538 2066 Ecl.
554 2027 602 2065 V.
629 2032 693 2068 31.

98 2090 237 2121 crinis
261 2096 300 2121 ut
325 2094 501 2124 arbor1'bns
521 2095 636 2125 decora·
651 2102 720 2136 est,
745 2101 781 2127 ul
798 2099 919 2128 vitibus

420 2149 506 2169 uvae

100 2179 145 2210 Ut
155 2183 310 2221 gregibus
321 2186 425 2225 tauri,
434 2190 562 2225 segetes
575 2191 613 2216 ut
622 2188 800 2227 pinguibus
813 2190 918 2218 arvis.

80 2247 175 2293 'itis,
200 2249 304 2299 quod
329 2251 439 2289 codd.
464 2254 667 2303 praebent,
699 2254 839 2306 duplici
868 2255 917 2293 de

50 2317 191 2342 caussa
216 2304 415 2345 ferendum
434 2321 507 2347 non
529 2314 607 2356 est,
632 2312 792 2362 primum
813 2313 917 2361 quod

49 2359 264 2401 arboribus
276 2377 348 2402 non
356 2366 581 2416 respondet,
591 2380 706 2419 quum
716 2382 788 2407 non
798 2369 916 2406 omni-

49 2415 125 2454 bus
138 2417 360 2466 arboribus,
386 2421 459 2460 sed
480 2423 626 2474 populo
640 2428 784 2463 tantum
801 2429 917 2476 atque

50 2473 165 2511 ulmis
184 2474 283 2514 vites
304 2477 455 2516 adnecti
474 2479 664 2527 solerent,
691 2482 786 2521 vites
809 2495 916 2530 vero,

49 2543 198 2582 yrcqes
219 2535 258 2570 et
282 2547 381 2572 arva
406 2539 532 2575 totum
551 2550 676 2588 genus
690 2537 916 2588 significant,

49 2585 109 2623 eui
123 2585 370 2627 honorificum
385 2591 474 2641 quid
484 2605 576 2631 esse
585 2598 914 2634 commemoratur.

49 2637 204 2681 Deinde
234 2645 328 2683 talia
350 2650 392 2684 ut
414 2648 572 2686 istarum
598 2663 721 2687 rerum
747 2650 915 2690 honores

48 2705 334 2747 enumerantur,
360 2715 461 2753 quae
481 2717 530 2742 ex
547 2706 593 2744 iis
613 2706 711 2757 ipsis
725 2712 916 2758 prognata

50 2758 154 2800 sunt,
179 2769 309 2796 earum
340 2761 504 2810 propria.
540 2761 670 2800 Crinis
697 2763 915 2802 coniectura

49 2809 179 2851 aMss.
194 2814 370 2866 vestigiis
385 2829 457 2854 non
471 2818 522 2854 ita
535 2817 693 2856 multum
707 2819 853 2858 recedit
866 2820 914 2859 cf.

50 2863 261 2908 censuram
269 2883 396 2910 meam
405 2872 590 2924 devirgil.
605 2873 868 2926 ed.Forbiger.
877 2878 912 2915 in

49 2919 154 2962 Iahn.
168 2925 307 2966 Annal.
324 2927 368 2966 T.
382 2926 532 2967 XXVI.
548 2929 642 2969 fasc.
653 2932 912 2985 2.p.162sq.]

47 3005 51 3010 .
105 2979 326 3023 lairenosus.
353 2983 481 3036 [Haec
495 2987 722 3037 optimorum
732 2987 845 3027 codd.
855 2993 917 3027 est

51 3031 184 3083 lectio,
210 3051 325 3088 quam
337 3040 374 3078 in
388 3044 534 3080 textum
548 3043 809 3094 recipiendam
822 3057 915 3083 esse

50 3089 159 3137 duxi,
192 3097 420 3144 praesertim
457 3111 573 3148 quum
609 3101 726 3138 ceteri
759 3113 914 3152 quoque

49 3144 231 3188 hircosus
259 3153 481 3201 praebeant.
530 3154 642 3201 Quae
673 3168 761 3195 mea
788 3156 840 3195 sit
864 3157 914 3196 de

987 736 1047 775 his
1066 737 1340 776 adiectivorum
1361 736 1492 775 formis
1511 737 1546 775 in
1568 750 1658 776 osus
1676 739 1715 774 et
1733 749 1852 776 uosus

987 794 1264 832 terminantium
1277 793 1481 839 sententia,
1496 794 1602 844 prius
1616 793 1691 831 iam
1704 805 1742 843 p.
1758 796 1850 833 350.

987 851 1170 900 exposui,
1206 853 1248 888 ut
1271 850 1494 900 ιΙιὶνεαοειιες
1522 862 1592 900 per
1626 849 1852 888 latinitatem

985 905 1214 956 reprehendi
1239 910 1418 957 nequeat.
1444 905 1546 944 Oud.
1560 919 1651 943 vero
1671 904 1852 956 praetulit

986 962 1192 1002 lcirtzcosus
1215 975 1247 1000 s.
1274 962 1465 1007 hirtosus,
1492 961 1596 1013 quod
1614 963 1649 1000 in
1670 961 1781 1000 codd.
1800 960 1850 1001 R.

983 1017 1008 1056 f.
1034 1022 1073 1056 et
1097 1017 1243 1069 aliquot
1267 1018 1355 1057 edd.
1382 1019 1528 1069 legitur.
1553 1018 1643 1057 Duo
1667 1031 1760 1056 vero
1786 1017 1851 1056 ob·

982 1077 1097 1119 stant,
1124 1075 1213 1124 quin
1238 1073 1314 1112 hoc
1337 1074 1568 1113 vocabulum
1589 1075 1849 1127 comprobem.

980 1127 1150 1168 Primum
1186 1130 1286 1167 enim
1321 1129 1439 1181 plane
1475 1144 1615 1170 novum
1657 1135 1736 1176 est,
1778 1144 1851 1170 nec

980 1186 1131 1236 uspiam
1145 1184 1244 1224 alias
1258 1186 1455 1237 reperitur,
1465 1187 1567 1237 quod
1577 1188 1731 1238 quidem
1738 1201 1800 1226 me
1813 1188 1849 1226 in

981 1240 1151 1292 Apuleio
1176 1256 1250 1280 non
1277 1241 1511 1292 offenderet,
1541 1244 1612 1282 nisi
1639 1243 1787 1282 facilior
1811 1247 1850 1283 et

983 1297 1219 1349 frequentior
1231 1302 1341 1336 esset
1356 1298 1563 1338 litterarum
1579 1314 1600 1339 c
1615 1303 1652 1338 et
1668 1301 1732 1339 tin
1746 1299 1850 1340 Mss.

983 1353 1174 1400 confusio,
1194 1359 1235 1392 ut
1248 1355 1473 1407 scripturam
1488 1356 1690 1395 leh-tuosus
1703 1371 1726 1396 a
1739 1355 1848 1395 libra·

981 1411 1118 1448 riorum
1138 1410 1295 1450 levitate
1317 1411 1532 1462 profectam
1546 1425 1639 1450 esse
1654 1411 1847 1452 lubentius

980 1467 1213 1517 putaverim:
1256 1467 1398 1506 deinde
1437 1482 1508 1520 per
1544 1467 1763 1520 analogiam
1799 1483 1847 1508 ne

980 1522 1133 1562 formari
1153 1523 1308 1574 quidem
1321 1525 1374 1563 ita
1392 1537 1515 1576 posse
1528 1538 1759 1577 persuasum
1773 1529 1847 1565 est.

976 1578 1041 1618 Ab
1061 1580 1192 1620 Ιιὶτίιιε
1217 1582 1316 1619 enim
1341 1582 1418 1632 peti
1440 1582 1644 1621 Ιιίνίιιοειιε
1661 1581 1777 1634 plane
1796 1582 1848 1620 in-

976 1636 1146 1675 auditum
1161 1641 1239 1683 est,
1254 1650 1384 1688 quum,
1404 1637 1507 1689 quod
1521 1637 1701 1689 equidem
1715 1640 1847 1687 sciam,

976 1693 1025 1731 ab
1039 1693 1240 1732 adiectivis
1254 1695 1454 1733 autverbis
1468 1708 1660 1746 nunquam
1672 1699 1848 1747 repetan-

975 1753 1034 1787 tur
1048 1749 1299 1789 formationes
1313 1752 1347 1789 in
1364 1765 1467 1797 osus,
1481 1751 1554 1790 sed
1569 1765 1705 1790 omnes
1719 1765 1742 1790 a
1754 1752 1847 1791 sub-

976 1808 1166 1845 stantivis.
1198 1806 1308 1846 Haec
1332 1821 1396 1846 me
1420 1811 1680 1854 commovent,
1707 1812 1748 1847 ut
1767 1809 1846 1847 Ιιίν-

980 1876 1122 1902 cuosns
1139 1864 1335 1902 retineam.
1356 1864 1459 1904 Oud.
1477 1864 1515 1902 id
1534 1864 1662 1903 solum
1686 1864 1848 1915 impedi-

978 1923 1108 1957 mento
1129 1924 1203 1965 est,
1231 1920 1335 1971 quod
1350 1934 1396 1959 ea
1409 1933 1486 1958 vox
1499 1921 1642 1971 ub'que
1656 1923 1690 1959 in
1706 1920 1845 1960 malam

979 1979 1124 2026 partem
1138 1981 1302 2027 ponatur
1316 1990 1383 2028 pro
1399 1977 1542 2015 foetido
1553 1977 1613 2015 vel
1631 1977 1845 2025 libidinoso;

980 2032 1069 2070 coll.
1095 2032 1178 2071 lntt.
1205 2034 1254 2072 ad
1279 2031 1405 2073 Plaut.
1432 2033 1679 2074 Merc.lll.3.
1710 2038 1770 2074 14.
1797 2033 1848 2074 ad

980 2088 1088 2127 Suet.
1111 2088 1238 2129 Tiber.
1257 2103 1288 2128 c.
1303 2094 1367 2130 45.
1395 2090 1444 2128 de
1470 2103 1545 2141 qua
1569 2090 1847 2140 significatione

976 2149 1180 2196 praeterea
1227 2146 1274 2185 cf.
1299 2145 1494 2186 Lindenb.
1525 2147 1575 2185 ad
1606 2147 1765 2186 Censor.
1797 2147 1848 2186 de

976 2200 1026 2239 D.
1051 2201 1140 2240 Nat.
1166 2217 1198 2241 c.
1216 2207 1277 2243 14.
1303 2217 1340 2255 p.
1357 2207 1447 2245 100.
1468 2203 1527 2242 ed.
1541 2202 1667 2254 Lugd.
1683 2203 1846 2243 Taubm.

976 2257 1025 2295 ad
1050 2257 1176 2297 Plaut.
1210 2259 1232 2298 l.
1258 2273 1288 2298 e.
1321 2273 1356 2310 p.
1385 2264 1482 2302 923.
1510 2258 1634 2298 Plum.
1660 2260 1710 2298 ad
1732 2259 1847 2301 Pers.

977 2313 1215 2356 Sat.111.77.
1240 2319 1387 2367 p.286.
1414 2315 1499 2355 lntt.
1525 2316 1572 2354 ad
1600 2316 1708 2355 Fest.
1737 2315 1783 2355 T.
1799 2314 1844 2355 ll.

977 2383 1012 2420 p.
1039 2375 1132 2412 448.
1165 2370 1341 2411 Lindem.
1368 2373 1423 2411 At
1448 2374 1649 2412 hircosmn
1673 2386 1759 2412 cum
1786 2385 1844 2410 re-

977 2427 1092 2478 liquis
1117 2429 1391 2481 interpretibus
1422 2444 1497 2468 non
1531 2429 1703 2480 explico,
1734 2428 1844 2468 Pana

976 2483 1118 2522 dictum
1154 2498 1248 2524 esse
1279 2493 1437 2538 propter
1467 2487 1609 2525 hircina
1641 2499 1782 2523 cornua
1805 2489 1844 2522 et

974 2540 1119 2592 pedes,
1150 2542 1223 2579 sed
1261 2547 1417 2594 propter
1453 2543 1707 2581 lasciv-itatem
1744 2542 1842 2580 satis

975 2601 1118 2636 notam.
1133 2597 1248 2637 Ovid.
1263 2598 1431 2638 Fast.11.
1447 2603 1523 2639 331
1546 2612 1630 2649 seq.
1647 2595 1842 2636 lsid.Vlll.

979 2658 1042 2694 11.
1073 2658 1139 2695 82.
1171 2659 1236 2696 83.
1269 2659 1308 2694 et
1335 2659 1425 2696 103.
1457 2655 1641 2705 Hartung.
1680 2668 1701 2692 n
1730 2653 1842 2692 libro:

974 2709 1113 2763 leelzy.
1139 2712 1181 2751 cl.
1207 2713 1327 2751 Ro'm.
1354 2711 1400 2750 T.
1416 2711 1459 2750 ΙΙ.
1473 2725 1510 2763 p.
1529 2715 1620 2752 183.
1645 2709 1726 2748 Pan
1742 2710 1843 2748 enim

973 2765 1145 2805 lascivus
1181 2768 1243 2806 hic
1272 2767 1522 2819 significatur,
1553 2766 1656 2818 quod
1682 2779 1728 2804 eo
1755 2766 1840 2817 ipso

970 2827 1182 2870 momento,
1208 2837 1284 2875 quo
1300 2823 1460 2875 Psyche
1473 2827 1708 2868 accesserat,
1728 2822 1842 2862 deam

974 2877 1143 2918 Cannam
1177 2880 1406 2932 complexus
1438 2893 1503 2918 res
1533 2879 1743 2918 amatorias
1768 2883 1841 2919 tra-

972 2935 1105 2982 ctavit,
1142 2940 1182 2975 et
1204 2949 1318 2988 seqq.
1343 2937 1463 2975 verba
1487 2940 1646 2987 totaque
1676 2935 1760 2974 eius
1791 2935 1842 2975 ad

972 2989 1173 3042 Psychem
1210 2993 1390 3031 allocutio
1437 2991 1705 3037 testificantur,
1753 3005 1841 3032 eum

973 3047 1128 3098 puellae
1153 3048 1435 3100 pulchritudine
1459 3052 1612 3099 captum
1632 3048 1841 3100 statimque

971 3101 1217 3144 libidinosum
1264 3103 1400 3144 fuisse.
1447 3103 1632 3144 Barthius
1674 3103 1838 3144 Advers.

971 3157 1160 3201 XXXIV.
1187 3174 1217 3200 c.
1241 3164 1303 3202 15.
1327 3162 1397 3210 ait,
1423 3162 1459 3200 in
1485 3161 1719 3201 membranis
1743 3174 1838 3200 esse

1449 3227 1504 3270 24
