2221 3667
328 118 411 160 676
582 119 631 159 L.
665 119 880 159 APULEII
910 117 1308 160 MADAURENSIS
1338 118 1880 161 METAMORPHOSEON

330 231 473 271 deiora
510 231 671 271 brachia
707 232 974 273 saevientibus
1012 232 1190 286 palmulis
1229 233 1504 273 c‘ouxcrberat.
1554 232 1640 274 Nec
1668 241 1794 274 tamen
1822 248 1905 274 cum
1934 247 2125 286 quoquam

330 287 571 341 participatis
606 289 810 329 nocturnis
837 289 1096 342 imaoinibus,
1124 289 1191 328 scd
1219 289 1361 328 indicio
1389 289 1576 329 larinoris
1610 304 1769 344 prorsus
1802 290 2061 339 dissimulzmto
2089 296 2123 329 ct

330 343 611 396 nequissimum
645 358 916 398 percussorem
952 345 1111 398 punire,
1147 352 1185 384 et
1216 346 1475 385 aerumnabili
1500 346 1604 386 vitae
1637 360 1726 386 sese
1753 346 1983 386 sulmaberc
2011 345 2127 385 11·1(ἰι(1

329 400 678 441 ‹lecer11i1.Ecce
706 416 845 442 rursus
865 403 886 425 ‘⁸
905 401 1093 455 improvid
1099 415 1145 441 19
1159 401 1407 456 'voluptatis
1434 403 1557 442 (letest
1562 402 1674 441 1111115
1700 402 1844 455 peiitor
1875 416 1990 441 aures
2017 402 2127 441 obse-

328 514 452 543 decora
465 516 610 545 brachiu
624 517 831 555 decorasque
841 526 946 555 genas
962 515 991 547 ὃ.
1033 517 1161 555 palmis
1175 521 1211 547 G.
1228 520 1257 547 1.
1306 519 1509 548 verberabat
1528 522 1564 548 G.
1588 521 1614 548 l.
1632 522 1661 548 2.
1676 520 1711 547 P.
1727 521 1761 547 0.
1776 520 1812 548 R.
1829 518 1849 547 f.
1871 520 1906 546 L.
1928 527 1963 547 π.
1982 520 2019 547 D.
2040 519 2129 547 Colv.

327 562 422 590 Vuic.
438 565 536 590 Merv.
552 564 662 592 U'ow.
678 564 761 591 Prie.
788 562 1011 590 converberat
1023 565 1057 592 F.
1078 565 1103 591 1.
1118 565 1147 592 3.
1163 561 1191 592 ὃ.
1208 574 1240 597 φ.
1256 572 1285 598 p.
1304 565 1433 605 ΒΊειίιΙ.
1449 570 1524 595 vett.
1540 573 1641 599 nsque
1655 566 1694 592 ad
1710 565 1815 596 colu,
1842 567 1907 591 tum
1926 565 2008 592 Elin.
2027 565 2131 592 scu-iv.

328 607 446 636 Florio.
497 609 625 644 copiam
647 617 702 643 pro
723 616 891 644 quoquam.
910 608 931 636 f.
979 616 1040 636 uec·
1053 618 1256 646 quamquam
1278 611 1313 638 G.
1335 612 1358 637 1.
1383 618 1442 637 nm·
1457 620 1529 638 cum
1544 618 1711 647 quoquam
1727 610 1762 637 G.
1778 611 1807 637 2.
1823 610 1860 637 l).
1886 611 2130 635 nnc-Iurnarum

328 651 508 688 iueagz’num
524 657 659 680 secreta
669 652 951 689 participabatP.
967 655 1135 683 testeoud.
1150 655 1299 688 idemque
1313 657 1430 684 nabent
1445 659 1598 690 excerpta
1612 657 1651 684 ad
1668 655 1845 687 marginem
1859 655 1906 682 ed.
1917 654 2131 682 Colv.G.1.‘.².

326 698 365 724 D.
379 698 416 726 R.
434 698 453 726 f.
469 706 504 727 π.
531 700 646 726 lut-ert.
660 700 897 726 matronarum
913 698 1078 735 virginum
1098 702 1233 726 secreta
1251 700 1489 736 participabat
1508 703 1544 730 1..
1565 699 1759 736 partit-ipat
1779 702 2025 726 'moturum-um
2043 699 2131 725 ima-

323 741 436 778 gae'num
451 746 584 770 secretu
599 744 634 771 P.
649 747 729 771 teste
743 745 825 772 Elin.
846 744 1084 780 participabat
1099 747 1346 771 nocturnarum
1361 745 1542 783 ϊηιηςιήηηι
1556 748 1692 773 sec-rem
1705 742 1735 771 δ’.
1756 744 1981 782 participatis·
1995 747 2133 771 noetur-

326 787 378 814 nis
392 787 592 825 imaginibus
608 789 724 821 legitur
738 789 769 816 in
786 792 858 817 cett.
874 791 963 818 codd.
979 794 1006 817 et
1023 792 1092 819 edd.
1107 793 1184 818 vett.
1200 794 1228 817 et
1246 795 1378 819 recenti.
1396 792 1658 826 praeiervicent.
1674 794 1703 818 et
1716 792 1830 819 Vener.
1845 791 1892 825 2..
1919 797 2001 824 quae
2015 791 2131 818 hahent

321 833 552 869 participans.
578 834 657 861 oud.
672 835 837 862 emendat:
863 838 1112 863 nocturnarum
1126 834 1309 871 {tunginum
1323 838 1465 864 secretis
1473 836 1711 873 participalis.
1758 838 1790 861 e!
1805 840 1880 863 ante
1896 835 2132 872 nequissimum

326 886 388 906 non
404 882 565 912 comparet
581 875 652 906 ind'.
701 878 897 907 aerumnali
909 882 943 908 G.
954 882 984 908 2.
1000 882 1036 909 P.
1051 883 1088 909 D.
1099 882 1135 909 B.
1161 880 1251 909 estad
1260 884 1336 909 Met.
1347 883 1369 909 1.
1386 890 1413 916 p.
1429 885 1459 911 9.
1510 882 1614 910 lat-ite
1630 882 1752 915 primus
1767 881 1901 909 Colvius
1916 880 2046 909 intrusit
2061 888 2133 908 cum

327 923 379 959 iis,
396 924 449 957 qui
463 931 535 951 eum
549 924 654 952 secuti
668 928 742 952 sunt
760 933 815 959 pro
832 924 944 952 tacita
958 929 1278 955 contraMsS.0mnes
1293 929 1322 954 et
1332 928 1402 955 edd.
1414 932 1537 961 verna(-
1551 927 1682 964 genium
1690 926 1836 960 Apuleii.
1861 922 2133 954 decrevz'tG.1.‹5.

328 1022 391 1073 qui
423 1026 630 1067 censeant,
662 1023 807 1074 ubique
840 1024 874 1061 in
900 1023 1085 1071 Horatio,
1117 1024 1203 1061 vir-

326 1078 443 1128 gilio,
492 1078 638 1116 Ovidio
682 1079 770 1118 aliis
814 1081 946 1131 poetis
989 1095 1059 1132 pro
1104 1082 1204 1120 eben

328 1135 536 1186 legendum
574 1149 668 1174 esse
700 1137 776 1175 bea
815 1138 908 1180 lieu.
948 1139 1038 1188 quia
1069 1138 1203 1175 existi-

326 1195 431 1230 ment
457 1206 477 1231 e
507 1193 667 1230 brevem
701 1207 794 1230 esse
832 1194 1047 1245 syllabam,
1086 1194 1203 1233 adeo-

1321 1027 1572 1079 de'scz‘ssaqne
1603 1028 1791 1067 interula.
1841 1025 1926 1079 [De
1958 1024 2134 1064 interula

1265 1082 1311 1121 cf.
1340 1083 1460 1120 Sallu.
1487 1084 1535 1121 ad
1557 1083 1716 1122 Tei-tull.
1738 1084 1786 1122 de
1800 1082 1900 1122 Pall.
1921 1095 1959 1132 p.
1975 1085 2054 1122 378
2075 1094 2134 1131 sq.

1264 1138 1432 1190 Boetug.
1461 1141 1496 1177 in
1524 1140 1636 1180 libro:
1667 1141 1813 1179 Sabina
1839 1139 1886 1178 T.
1912 1137 1956 1176 ll.
1982 1150 2020 1190 p.
2045 1142 2134 1178 114.

1266 1195 1389 1234 Orell.
1417 1197 1465 1234 ad
1492 1197 1638 1237 Arnob.
1666 1197 1711 1236 H.
1741 1201 1801 1238 19.
1835 1195 1880 1234 T.
1907 1194 1952 1233 ll.
1986 1208 2025 1246 p.
2051 1198 2135 1235 26..

328 1262 403 1299 que
432 1248 559 1286 locum
580 1250 616 1287 in
638 1250 818 1300 spondeo
838 1251 941 1301 pede
960 1251 1108 1290 habere
1129 1265 1203 1290 non

328 1319 467 1356 posse,
494 1305 650 1357 decepti
675 1307 824 1357 vulgari
839 1308 1029 1358 scriptura
1044 1307 1202 1346 Terent.

326 1361 470 1400 Heaut.
500 1362 525 1400 l.
553 1361 578 1400 l.
607 1367 677 1403 31:
723 1364 904 1409 Quaeso.
945 1366 1047 1416 quid
1084 1366 1135 1403 dc
1166 1370 1203 1402 tc

328 1424 482 1458 [antam
500 1421 682 1459 meruisti
691 1422 708 1459 ?
734 1420 849 1459 Eheu
861 1422 876 1458 Ι
898 1421 963 1459 ubi
982 1425 1087 1459 certe
1106 1421 1203 1459 Iam-

328 1476 400 1513 bus
434 1488 528 1512 esse.
560 1476 594 1513 in
629 1476 764 1514 ultima
788 1476 887 1514 sede
913 1477 1068 1515 debeat.
1120 1477 1202 1515 Sed

327 1531 713 1570 animadvertendum
727 1532 843 1570 simul
858 1534 905 1571 iis
923 1534 1201 1579 suissemonet‚

327 1589 377 1626 ibi
406 1587 553 1626 deesse
579 1589 796 1640 syllabam,
828 1590 902 1627 uisi
928 1590 1204 1641 synaloephae

327 1644 551 1683 admittatur
577 1646 786 1696 neglectio.
824 1646 862 1684 A
887 1647 1064 1697 partibus
1091 1648 1204 1697 igitur

327 1705 407 1739 stat
419 1700 608 1748 Bentleii,
636 1703 699 1753 qui
715 1702 764 1740 ad
780 1701 936 1742 Terent.
960 1704 983 1742 l.
1000 1718 1029 1742 c.
1051 1708 1088 1741 et
1105 1703 1201 1741 Eun.

328 1757 440 1797 lV.4.
452 1762 516 1798 47.
526 1771 575 1796 ex
589 1759 874 1809 antiquissimis
889 1760 1000 1798 codd.
1014 1760 1179 1798 restituit
1192 1777 1203 1799 .·

330 1814 426 1853 Oie'z'
450 1814 513 1851 vel
540 1815 679 1861 Ευίεἴ,
707 1814 771 1866 [cf.
798 1814 927 1854 Hand.
955 1815 1067 1855 Turs.
1096 1816 1142 1855 T.
1158 1816 1203 1855 11.

326 1884 363 1922 p.
378 1875 490 1917 422..
511 1871 575 1921 qui
590 1884 738 1909 merum
756 1871 996 1910 librariorum
1011 1886 1203 1911 commcn-

326 1932 407 1965 tum
422 1932 560 1966 censet
580 1941 666 1965 cum
681 1928 769 1966 aliis
789 1942 884 1966 esse
904 1929 1009 1967 istud
1030 1930 1106 1968 beu
1127 1930 1203 1969 beu

327 1983 416 2022 coll.
448 1984 517 2023 Dr.
550 1984 600 2022 ad
632 1984 704 2024 Sil.
729 1984 797 2022 Xl.
826 1989 920 2026 212.
952 1985 1125 2024 Broukb.
1153 1986 1204 2024 ad

328 2039 417 2080 Tib.
440 2039 467 2079 l.
497 2046 559 2081 11.
587 2045 651 2081 84.
678 2039 796 2092 Prop.
818 2041 864 2080 Π.
888 2047 948 2084 19.
970 2046 1036 2083 23.
1085 2041 1205 2081 Plura

328 2097 378 2135 de
421 2097 495 2135 hac
538 2098 735 2136 scribendi
779 2099 1009 2150 particulam
1052 2100 1203 2138 ratione

328 2154 475 2192 dabunt
512 2153 636 2192 Plum.
674 2154 725 2193 ad
760 2153 872 2193 Pers.
912 2156 997 2194 Sat.
1019 2156 1067 2194 V.
1110 2160 1201 2196 137.

326 2210 458 2249 Burm.
485 2211 535 2249 ad
549 2211 711 2250 Anthol.
731 2210 820 2250 Lat.
843 2210 887 2251 T.
902 2212 929 2251 I.
944 2225 981 2263 p.
997 2216 1092 2254 579.
1117 2212 1203 2252 Fea

328 2267 378 2306 ad
402 2266 497 2306 Hor.
524 2266 600 2306 Od.
627 2266 654 2306 Ι.
685 2272 745 2308 15.
773 2271 808 2308 9.
835 2268 978 2320 VVagn.
1011 2269 1062 2308 ad
1094 2269 1204 2320 Virg.

327 2322 471 2363 Ecl.11.
487 2328 552 2364 58.
579 2322 740 2375 Optime
765 2338 813 2363 ea
838 2325 888 2363 de
913 2339 956 2363 re
982 2325 1207 2365 diiudicavit

330 2379 457 2419 Hand.
473 2380 643 2420 Turseli.
658 2379 706 2419 ll.
726 2394 761 2432 p.
777 2385 872 2422 359.
899 2382 963 2433 qui
990 2388 1206 2435 utrumque

327 2438 362 2475 in
401 2451 474 2475 usu
516 2437 640 2475 fuisse
675 2442 798 2489 putat.
837 2438 939 2477 Oud.
965 2440 1205 2478 sententiam

328 2492 485 2532 Peerlk.
512 2494 561 2533 ad
587 2493 724 2532 Horat.
751 2493 827 2533 Od.
855 2494 883 2535 I.
911 2497 974 2536 ‘15.
1004 2499 1041 2536 9.
1074 2510 1110 2548 p.
1137 2501 1203 2537 80.

326 2551 540 2590 renovavit.
589 2550 642 2589 Ut
674 2564 766 2588 vero
799 2552 849 2590 ad
875 2556 1050 2590 nostrum
1078 2553 1204 2592 locum

328 2608 499 2654 redeam,
526 2608 559 2646 si
585 2608 634 2646 ab
660 2607 817 2658 Apuleii
842 2622 959 2647 manu
984 2614 1046 2647 est
1072 2610 1201 2655 lectio,

330 2665 460 2715 potius
486 2664 733 2712 scribendum
759 2668 843 2702 erat
868 2666 983 2711 eheu,
1011 2667 1202 2716 quodem

329 2721 515 2772 scriptum
542 2722 591 2759 ob
617 2725 834 2771 sequentes
855 2721 936 2759 sere
958 2723 1121 2761 easdem
1145 2723 1201 2760 lit-

329 2783 436 2816 teras
467 2778 577 2815 vocis
611 2777 739 2817 elalat
768 2777 951 2816 facillime
982 2794 1005 2818 a
1035 2778 1202 2818 librariis

330 2834 473 2885 negligi
499 2838 665 2886 poterat.
691 2834 772 2872 Sed
794 2848 910 2885 quum
931 2849 1068 2874 omnes
1087 2836 1200 2874 codd.

332 2891 406 2928 hoc
435 2890 668 2929 vocabulum
700 2891 895 2937 omittant,
932 2892 1058 2930 satius
1094 2893 1199 2939 duxi,

331 2947 366 2984 in
392 2951 500 2985 textu
526 2947 564 2985 id
583 2961 656 2985 non
678 2960 886 2998 reponere,
912 2948 1116 2999 glossema
1136 2963 1199 2988 ae-

332 3004 496 3041 stimans
522 3017 617 3042 esse
643 3003 802 3050 librarii,
829 3004 983 3055 quiben
997 3006 1199 3046 leeaimor-

334 3060 559 3109 pretamenti
574 3073 716 3099 caussa
729 3060 827 3098 inter
840 3061 964 3100 lineas
976 3063 1168 3113 scripsera
1176 3067 1201 3109 t,

335 3115 434 3153 unde
458 3116 493 3153 in
520 3120 667 3155 textum
692 3117 882 3171 irrepsit]

1266 1254 1329 1303 qui
1355 1253 1456 1291 alios
1482 1253 1570 1292 W.
1598 1254 1688 1293 BD.
1715 1251 1943 1304 enumerat]

1323 1311 1449 1349 tacita
1472 1311 1664 1349 decernit.
1713 1311 1823 1349 Male
1844 1312 2034 1359 reponunt
2046 1322 2136 1346 non-

1266 1366 1357 1403 nulli
1375 1365 1457 1403 lntt.
1475 1368 1596 1406 tacite
1622 1367 1670 1406 cf.
1686 1381 1720 1417 p.
1737 1369 1828 1407 536.
1857 1366 1999 1405 taciti
2025 1365 2135 1404 cluvi-

1265 1422 1441 1461 aestiuos
1463 1424 1596 1463 coitus
1624 1424 1818 1463 obeamus.
1839 1436 1874 1473 p.
1895 1425 1987 1462 537.
2016 1423 2136 1461 taci-

1266 1481 1464 1529 iussores
1479 1494 1583 1519 tricus
1597 1481 1782 1519 accedas.
1800 1480 1896 1518 Met.
1912 1477 1979 1516 lX.
1996 1492 2031 1528 p.
2044 1482 2135 1518 621).

1265 1537 1450 1575 tacitus
1475 1537 1786 1588 inyemz'sccrem.
1816 1535 1877 1588 [11.
1904 1548 1939 1585 p.
1960 1538 2047 1574 123.
2076 1540 2137 1573 {a-

1267 1592 1939 1644 citusinyemiseeham.111.p.1(52.
1956 1596 2001 1630 ta
2012 1593 2139 1630 citus

1267 1649 1525 1699 imprecatus.
1562 1663 1597 1700 p.
1635 1653 1724 1690 185.
1770 1650 1952 1688 tacitus
1987 1662 2138 1686 mecum.

1266 1705 1444 1756 inquam.
1472 1704 1555 1743 VH.
1589 1720 1625 1757 p.
1659 1711 1751 1746 441.
1792 1706 1976 1745 tacitus
2011 1718 2137 1756 eatpo-

1265 1761 1464 1799 stnlabam
1490 1762 1615 1815 alil)i.]

1324 1818 1590 1869 improvidae.
1625 1818 1868 1870 Quamquam
1883 1819 2140 1871 improvidae

1268 1873 1302 1911 in
1340 1877 1490 1911 textum
1528 1876 1676 1926 recepi,
1715 1881 1842 1914 tamen
1880 1875 2138 1913 confitendum

1267 1934 1347 1969 est.
1386 1929 1486 1969 hanc
1523 1930 1731 1970 lectionem
1768 1932 1971 1982 glossema
2006 1932 2138 1983 potius

1266 1986 1388 2024 videri
1427 1987 1585 2031 librarii.
1632 1989 1694 2039 qui
1731 1988 1823 2038 quid
1860 1988 1985 2026 altera
2022 1988 2136 2026 lectio

1267 2044 1433 2093 genuina
1447 2044 1648 2090 sibivelit.
1677 2058 1753 2083 non
1769 2044 1972 2083 intellexit.
2010 2043 2138 2090 Quum

1267 2099 1548 2139 enimFlorent.
1563 2107 1595 2141 1.
1605 2102 1910 2154 ‘impetorz-idae.
1921 2100 2091 2139 Floreat.
2102 2104 2138 2141 3.

1265 2158 1572 2209 imperari-idae
1587 2158 1730 2209 legant,
1747 2158 1782 2196 in
1798 2159 1940 2196 ceteris
1954 2171 2048 2195 vero
2062 2170 2140 2195 me-

1269 2212 1376 2251 lioris
1401 2218 1518 2252 notae
1539 2214 1653 2253 codd.
1674 2215 1751 2252 boc
1770 2215 2002 2254 vocabulum
2023 2212 2140 2265 plane

1269 2270 1485 2316 (militatur.
1511 2271 1716 2321 probabile
1732 2276 1812 2318 est,
1838 2285 1976 2310 vocem
1991 2271 2052 2309 hic
2072 2284 2139 2322 po-

1268 2327 1386 2365 sitam
1416 2327 1560 2374 suis-se,
1588 2341 1703 2378 quam
1725 2328 1865 2366 librarii
1890 2328 2008 2381 plane
2034 2328 2140 2378 igno-

1268 2384 1422 2426 rabant.
1450 2384 1552 2422 unde
1577 2383 1641 2422 vel
1668 2385 1967 2436 corrumpebant
1986 2395 2049 2423 vel
2075 2384 2139 2421 eii-

1269 2440 1423 2478 cicbant
1448 2440 1511 2478 vel
1538 2440 1705 2492 denique
1725 2442 1996 2480 emendabant.
2036 2440 2140 2487 Quid

1267 2511 1360 2534 vero
1406 2497 1613 2548 legendum
1662 2498 1715 2535 sit
1763 2498 1944 2548 equidem
1992 2498 2139 2543 nescio,

1268 2566 1383 2604 quum
1409 2554 1518 2599 mibi,
1546 2555 1723 2605 quamvis
1749 2554 1909 2604 glossas
1934 2554 2139 2593 accuratis-

1264 2611 1363 2649 sime
1378 2611 1593 2661 perlegenti
1609 2624 1656 2649 ne
1670 2624 1785 2648 unum
1801 2612 1956 2661 quidem
1970 2624 2016 2650 se
2031 2624 2139 2662 prae-

1264 2666 1391 2705 buerit
1403 2667 1647 2713 vocabulum,
1675 2667 1779 2718 quod
1793 2668 2009 2719 scripturae
2022 2669 2139 2706 vesti-

1262 2724 1336 2775 giis
1362 2725 1522 2775 propius
1547 2724 1725 2763 accedat.
1781 2724 1997 2776 Impcteae'ae
2025 2724 2140 2771 enim,

1264 2779 1689 2830 (111‹›‹lGloss.Pliilox.
1710 2794 1744 2830 p.
1765 2784 1855 2821 118.
1874 2783 1995 2833 βίαιος
2020 2779 2140 2832 expli-

1262 2841 1367 2883 cant,
1394 2850 1627 2888 quamquam
1653 2850 1722 2888 per
1745 2838 1977 2876 sententiam
2003 2839 2140 2889 proba-

1262 2898 1338 2939 tur,
1370 2898 1500 2932 tamen
1522 2907 1590 2946 per
1605 2893 1815 2931 litterarum
1831 2893 1971 2932 ductus
1986 2894 2139 2945 longius

1260 2951 1350 2988 abit.
1376 2949 1510 2988 Minus
1525 2951 1622 2989 bene
1636 2950 1817 2988 emendat
1831 2950 1933 2990 Oud.
1947 2952 2139 3002 impetuo-

1259 3021 1338 3046 sae.
1354 3007 1456 3057 qnod
1474 3020 1544 3045 nec
1558 3020 1627 3057 per
1642 3006 1787 3045 litteras
1802 3020 1874 3044 nec
1887 3020 1957 3058 per
1976 3007 2137 3045 {ormam

1260 3063 1466 3113 probabile
1501 3068 1573 3101 est.
1624 3062 1813 3101 Fortasse
1844 3064 1975 3114 retingi
2006 3068 2139 3116 potest

1260 3121 1405 3171 t'tnlwh·
1426 3120 1627 3169 lorriaelm‘,
1656 3119 1704 3156 de
1736 3119 1955 3158 vehementi
1982 3125 2020 3158 et
2046 3120 2139 3158 truti
