2155 3590
763 131 793 169 (3
818 131 851 169 A
878 129 912 169 P
938 129 974 170 U
998 129 1031 168 T
1117 129 1168 169 Π.
1782 145 1861 170 Lvu

74 245 176 296 quod
202 258 286 283 cum
312 243 544 282 contumelia
568 242 728 282 alterius
752 245 1008 290 coniunctumg
1032 243 1136 281 unde
1160 243 1324 282 dissidia
1348 247 1387 281 et
1409 243 1515 280 rixae
1538 256 1660 294 saepe
1685 244 1862 282 obortae:

74 304 107 340 in
135 301 408 340 Convivalibus
435 300 740 346 Quaestionibus
765 313 856 337 vero
881 300 1006 352 magis
1029 300 1233 347 ingenuam
1259 304 1297 337 et
1320 300 1460 337 seriam
1487 300 1634 337 iocandi
1665 300 1864 339 rationem.

187 357 322 407 Gripbi
353 370 444 394 vero
477 370 524 394 ea
555 356 647 393 mihi
678 356 854 393 videntur
885 370 979 394 esse
1008 358 1170 406 scripta,
1203 369 1303 405 quae
1337 357 1600 400 Qnaestiones
1629 357 1864 396 Convivales

72 414 330 459 nominantur,
362 426 475 462 quum
508 416 710 462 utrumque
740 426 864 462 genus
889 414 924 450 in
950 413 1178 463 aenigmatis
1204 416 1401 449 constaret
1426 425 1494 462 per
1518 425 1678 450 mensas
1709 412 1756 451 ad
1784 413 1864 450 dis-

72 470 302 507 solvendum
332 469 556 520 propositis.
623 468 794 518 Griphos
824 472 969 507 certum
999 472 1062 507 est
1091 468 1309 518 aenigmata
1339 467 1463 506 fuisse
1494 469 1672 506 versibus
1702 469 1864 519 saepius

72 526 310 576 compositos
329 524 401 576 12),
434 524 684 574 quaestiones
716 538 806 562 vero
839 524 1064 564 convivales
1094 525 1210 563 etiarn
1239 526 1274 562 in
1304 525 1536 575 aenigmatis
1567 526 1790 563 constitisse
1815 538 1865 563 ex

74 582 170 620 locis
196 582 375 632 probatur
399 581 586 619 Macrobii
612 584 652 618 et
677 580 836 619 Sidonii.

184 638 259 675 vix
290 636 625 675 commemoranda
655 636 835 675 Barthii
870 636 1057 686 (Advers.
1082 635 1291 675 XXXVII.
1317 650 1350 674 c·
1376 635 1404 674 I.
1436 650 1471 687 p.
1501 639 1641 684 1675.)
1672 637 1867 675 sententia

73 694 136 745 qui
160 693 297 731 Lucilii
323 693 417 731 illud
443 693 602 737 dictum,
629 695 798 745 „perylt
823 694 1021 744 capulare
1045 695 1221 732 cadaver
1240 691 1325 741 ¹3)“
1350 693 1519 744 Apuleio
1546 693 1729 737 vindicat,
1761 693 1867 744 quod

71 751 105 787 in
132 764 206 788 uno
229 749 321 787 Cod.
342 749 487 787 Lucius
512 763 579 800 pro
594 749 744 787 Lucilio
771 749 918 800 legatur
943 754 981 788 et
1004 750 1200 800 gaudeant
1224 750 1472 800 praenomine
1496 749 1638 787 molles
1659 749 1865 787 auriculae.

73 806 187 852 Quod
213 819 304 843 vero
331 806 453 850 addit,
479 805 762 844 hemistichium
788 819 947 844 acumen
968 806 1123 856 Apuleii
1149 805 1340 854 alludere,
1366 806 1649 856 ineptissimum
1669 809 1732 843 est
1750 819 1866 855 quum

72 862 163 913 qnid
193 875 242 899 ex
272 862 392 899 tribus
422 866 568 901 tantum
598 862 799 901 vocabulis
830 862 879 900 de
909 862 1038 900 indole
1063 863 1261 914 scriptoris
1286 863 1412 914 possit
1443 863 1644 913 cognosci,
1682 862 1867 912 equidem

73 933 146 957 non
172 918 396 969 intelligam.

704 1021 743 1057 b)
814 1023 1232 1052 HISTORIAE.

184 1099 243 1137 Cf.
270 1098 416 1137 Florid.
446 1112 483 1149 p.
509 1103 574 1139 37.
600 1103 639 1137 et
663 1098 753 1137 ibid.
779 1111 817 1149 p.
843 1102 907 1138 98.
969 1099 1203 1150 Xenophon
1229 1098 1417 1137 historias
1441 1120 1494 1127 —
1522 1097 1718 1150 Apuleias
1741 1103 1869 1137 vester

73 1157 218 1195 omnia.
267 1155 409 1194 Earum
435 1159 580 1198 tamen,
607 1159 789 1205 quantum
815 1156 916 1198 scio,
943 1155 1087 1192 nullum
1113 1159 1218 1192 extat
1243 1155 1470 1205 vestigium,
1497 1168 1612 1204 quum
1638 1155 1741 1205 quod
1765 1155 1869 1205 apud

72 1212 256 1251 Priscian.
285 1211 350 1249 Xl.
375 1225 411 1261 p.
438 1215 530 1251 262.
556 1210 694 1249 Krebl.
720 1224 770 1248 ex
793 1210 950 1262 Apuleii
977 1211 1170 1262 Epitoma
1201 1210 1339 1261 legitur
1363 1211 1620 1262 fragmentum
1650 1211 1700 1250 ad
1729 1211 1869 1251 Arith-

71 1270 213 1308 metiea
237 1268 395 1319 Apuleii
420 1272 549 1306 contra
574 1264 753 1306 Colvium
778 1267 910 1305 malim
936 1266 1076 1305 referri.

705 1382 743 1419 c)
811 1382 1240 1412 ORATIONES.

189 1462 226 1509 1)
259 1460 323 1498 De
347 1460 549 1498 maiestate
578 1458 813 1510 Aesculapii
838 1472 951 1510 quam
979 1460 1110 1511 primis
1136 1471 1250 1509 quum
1277 1458 1390 1497 Oeae
1426 1459 1603 1497 venisset
1633 1459 1771 1497 diebus
1804 1460 1868 1497 ba-

74 1516 152 1555 buit
171 1515 220 1561 Η)
258 1516 294 1554 id
327 1516 540 1565 argumenti
570 1519 818 1566 persecutus.
856 1520 896 1553 ut
926 1516 975 1554 de
1006 1516 1052 1553 iis
1080 1515 1218 1565 quibus
1245 1516 1331 1567 ipse
1356 1519 1437 1553 erat
1461 1515 1640 1553 addictus
1671 1516 1869 1566 mysteriis

73 1588 144 1611 nec
167 1586 303 1610 recens
329 1572 452 1610 cultor
478 1572 704 1624 Aesculapii
733 1586 802 1610 nec
827 1573 998 1621 ingratus
1022 1572 1187 1610 antistes
1208 1570 1258 1622 15)
1284 1576 1428 1622 ageret.
1465 1572 1620 1618 Quanta
1644 1586 1729 1610 cum
1755 1572 1871 1610 laude

73 1630 256 1667 Oeenses
293 1642 379 1666 eum
416 1629 640 1680 exceperint
669 1632 710 1667 ut
740 1630 775 1667 in
807 1629 974 1667 omnium
1006 1629 1124 1666 oratio
1154 1632 1372 1666 versaretur
1401 1629 1578 1666 manibus
1613 1629 1700 1680 ipse
1729 1629 1871 1667 indicat

74 1685 187 1738 Apol.
214 1686 235 1723 Ι.
262 1684 287 1725 l.

185 1744 230 1790 2)
262 1741 352 1780 Alia
377 1742 496 1779 oratio
522 1742 640 1793 apud
666 1742 835 1781 Oeenses
860 1741 1017 1786 hahita,
1050 1754 1166 1792 quum
1195 1741 1331 1779 amicis
1362 1741 1590 1793 rogantibus
1621 1740 1764 1780 diutius
1795 1741 1870 1780 iam

75 1800 185 1838 Oeae
211 1802 445 1843 versaretur,
471 1798 602 1836 incerti
629 1802 691 1836 est
715 1798 928 1847 argumenti
948 1796 1013 1847 16).

187 1860 230 1906 3)
260 1854 474 1900 Orationis,
517 1868 593 1904 qua
621 1869 702 1905 pro
733 1859 865 1893 statua
897 1855 1013 1905 apncl
1046 1855 1216 1893 Oeenses
1244 1855 1321 1893 sibi
1351 1854 1532 1893 locanda
1561 1854 1752 1892 adversus
1778 1867 1871 1904 quo-

74 1911 231 1949 rundam
266 1911 403 1949 civium
441 1910 779 1948 contradictionem
817 1911 979 1961 litigavit
1015 1912 1265 1962 posterisque
1299 1911 1484 1961 scriptam
1521 1910 1692 1956 tradidit,
1727 1911 1871 1948 mentio

74 1972 180 2006 extat
204 1968 306 2018 apud
331 1967 589 2017 Augustinum
610 1965 678 2015 17).

188 2027 230 2073 4)
267 2023 490 2061 Orationem
525 2023 680 2074 publice
715 2024 794 2074 egit
825 2028 1038 2075 praesente
1073 2023 1270 2062 Lolliano
1307 2023 1446 2068 Avito,
1488 2023 1623 2061 nescio
1658 2021 1742 2077 {qua
1776 2024 1871 2062 urbe

75 2081 232 2118 cuiusve
256 2080 466 2129 argumenti
485 2078 550 2128 ¹Q).

189 2139 230 2183 5)
264 2136 464 2174 Libellum
488 2135 564 2173 huc
588 2135 713 2172 refero
740 2148 853 2185 quem
880 2135 927 2173 ad
954 2135 1238 2174 dedicationem
1266 2136 1428 2174 Statuae
1453 2135 1677 2185 Carthagini
1702 2136 1871 2174 conscri-

77 2197 183 2244 ptum
210 2192 404 2242 profitetur
424 2190 496 2241 ¹9),
524 2204 637 2242 quem
662 2194 788 2228 tamen
814 2191 971 2230 dubium
997 2196 1059 2229 est
1084 2205 1169 2229 num
1196 2193 1282 2230 usui
1308 2192 1462 2243 publico
1489 2192 1696 2230 tradiderit.

191 2251 232 2296 6)
270 2247 356 2285 Huc
390 2249 580 2299 pertinent
617 2248 829 2292 orationes,
872 2261 970 2298 quas
1007 2248 1161 2299 publice
1198 2249 1231 2286 in
1270 2249 1423 2286 caussis
1466 2249 1628 2300 agendis
1665 2249 1797 2288 habuit
1830 2253 1872 2287 ut

79 2305 228 2342 Romae
259 2304 422 2354 aliisque
453 2304 629 2347 urbibus,
667 2317 825 2353 quarum
855 2307 982 2342 tamen
1014 2319 1089 2343 una
1114 2308 1260 2343 tantum
1286 2306 1516 2352 nominatur,
1555 2319 1631 2357 qua
1654 2319 1723 2357 pro
1750 2319 1871 2344 uxore

76 2365 206 2399 contra
231 2360 398 2399 Granios
422 2373 469 2398 se
494 2360 671 2412 litigasse
697 2361 786 2398 dicit
799 2358 870 2411 20).

759 2474 1181 2512 ‹1)1›1A[.ocr.

188 2551 313 2590 Unius
338 2555 483 2590 tantum
507 2552 546 2590 tit
571 2552 710 2589 mentio
726 2550 804 2601 21),
836 2566 949 2602 quem
971 2552 1209 2604 Aesculapio
1230 2555 1501 2605 praetexuisse
1519 2568 1565 2591 se
1585 2557 1710 2592 narrat
1729 2567 1872 2604 graeco

78 2613 116 2647 et
147 2609 262 2647 latino
294 2622 485 2646 sermone.
547 2607 663 2646 Cuius
696 2609 880 2659 principio
913 2609 1134 2659 loquentem
1161 2609 1423 2648 introduxerat
1447 2611 1585 2656 virum,
1618 2611 1679 2661 qui
1706 2610 1872 2648 Athenis

77 2679 161 2703 cum
187 2666 271 2716 ipso
297 2665 434 2702 litteris
459 2665 676 2711 studuerat,
703 2665 845 2716 quique
870 2680 893 2703 a
910 2664 1047 2704 Persio
1073 2679 1213 2716 graece
1239 2672 1321 2704 erat
1339 2671 1605 2718 percontatus,
1631 2680 1731 2717 quae
1752 2666 1872 2716 pridie

77 2724 111 2759 in
138 2721 281 2772 templo
309 2721 534 2772 Aesculapii
559 2721 824 2760 disseruisset.
861 2720 1000 2761 Partes
1026 2722 1165 2761 deinde
1189 2724 1383 2774 agentium
1409 2724 1710 2762 demandaverat
1734 2721 1872 2760 Persio

77 2791 233 2829 graece,
260 2778 410 2816 Severo
437 2778 553 2815 latine
580 2777 764 2829 loquenti.

169 2904 229 2938 12]
255 2904 302 2933 Cf.
322 2906 438 2933 Αῐιιθη.
457 2905 497 2933 V.
518 2913 547 2938 n.
569 2905 643 2933 520.
669 2905 897 2939 Schweign.
922 2910 953 2935 et
977 2907 1124 2935 Auson.
1149 2908 1250 2942 eclog.
1270 2908 1325 2936 XI.
1350 2915 1433 2942 quae
1456 2907 1592 2944 griphus
1612 2907 1729 2937 tonarii
1747 2908 1873 2937 numeri

77 2951 276 2979 inscribitur.
305 2951 695 2978 (zell.xoci.A11.1.c.2.
721 2950 827 2978 Odofr.
853 2953 1035 2981 Mueller.
1058 2954 1133 2981 Dor.
1147 2954 1186 2981 Π.
1202 2961 1231 2987 p.
1245 2954 1322 2981 302.

167 2994 228 3031 13]
255 2996 401 3026 Fulmen«.
415 3004 441 3023 s.
456 2996 495 3024 V.
509 2994 704 3032 capularem
720 3004 750 3029 1¹-
767 2995 840 3023 363.
858 2999 956 3026 Merc.

169 3040 226 3074 1'2)
250 3041 345 3074 Apol.
362 3049 390 3074 n.
403 3041 479 3068 517.
620 3040 680 3075 15]
705 3041 824 3069 Florid.
840 3049 869 3075 p.
884 3043 936 3070 91.
1074 3043 1134 3078 16)
1160 3043 1254 3076 Apol.
1269 3051 1297 3076 n.
1313 3043 1388 3070 547.

171 3082 228 3123 17)
255 3086 430 3117 Augus-tin.
447 3085 550 3119 Epist.
564 3087 602 3115 V.
616 3087 654 3113 ad
671 3088 872 3115 Marcellum.
1012 3088 1071 3121 18)
1098 3089 1192 3121 Apol.
1215 3096 1241 3120 p.
1259 3090 1334 3115 4²15.

171 3132 230 3165 19)
256 3131 376 3160 Floria.
393 3140 421 3167 p.
437 3133 488 3159 76.
628 3130 686 3165 20)
712 3133 806 3166 Apol.
821 3140 850 3167 p.
866 3133 939 3162 378.
1080 3135 1142 3168 21)
1171 3134 1288 3162 Floria.
1305 3141 1334 3167 υ.
1350 3135 1403 3161 91.
1418 3136 1470 3162 92.
