2155 3590
1761 127 1843 171 485

595 133 785 175 LIBER
816 133 889 175 VI.
944 133 1069 175 CAP.
1098 132 1238 174 XXV.

583 374 1022 423 CAPUT
1126 371 1311 421 XXV.

165 508 231 550 Sic
255 509 432 563 captivae
458 508 608 562 puellae
633 507 756 547 delira
781 513 820 547 et,
846 506 1057 547 temulenta
1081 505 1146 545 illa
1173 504 1362 545 narrabat
1384 502 1554 543 anicula.
1606 501 1683 543 Sed
1709 509 1844 543 astans

54 579 126 620 ego
151 580 229 605 non
255 566 389 619 proc-ul
414 565 590 604 dolebam
616 577 677 604 me
703 563 902 612 hercules,
931 563 1032 615 quod
1058 562 1271 615 pugillares
1303 567 1343 600 et
1372 559 1503 600 stilum
1534 573 1613 598 non
1639 558 1843 608 habebam,

53 622 116 675 qui
142 629 220 662 tam
245 621 384 662 hellam
412 621 593 661 fabellam
618 626 909 674 praenotarem.
938 618 1042 659 Ecce
1069 619 1248 658 confecto
1275 616 1408 657 nescio
1433 630 1509 669 quo
1536 615 1649 668 gravi
1675 615 1840 668 proelio,

51 679 224 719 latrones
250 677 465 719 adveniunt
489 676 642 729 onusti,
670 675 846 718 nonnulli
874 682 1003 716 tamen
1028 674 1167 732 infimo
1194 673 1468 730 promptioreS,
1497 671 1715 713 vulneratis
1742 671 1842 711 domi

141 805 195 834 Sic
209 807 376 844 captivae.
413 808 465 836 Ab
486 807 537 836 his
557 807 667 836 verbis
681 807 713 835 in
727 809 808 835 Mss.
823 806 844 835 f.
859 807 896 834 R.
916 810 945 835 81
958 808 1074 834 1118811.
1088 808 1275 840 pervetusto
1290 803 1402 838 incipit
1423 809 1564 836 sequens
1582 800 1666 830 liber
1678 800 1846 834 septimus.

49 855 172 880 astans
191 854 227 882 F.
250 854 278 881 1.
297 855 327 882 3.
349 855 385 882 G.
405 854 443 881 D.
464 854 499 882 B.
520 854 588 881 edd.
608 855 684 881 vett.
703 853 798 880 Vulc.
813 853 844 880 2.
858 853 941 880 Elm.
978 854 1094 878 eslans
1108 848 1137 879 «5.
1168 852 1204 879 In
1218 853 1289 878 cett.
1303 849 1422 884 legitur
1435 846 1589 875 adstans.
1638 843 1769 883 quidem
1790 852 1844 879 pro

49 895 139 934 quod
149 905 179 932 p.
222 896 426 935 pugillarem
440 906 477 927 π.
497 896 724 934 pugillatores
741 897 761 925 f.
809 899 844 923 et
856 900 932 925 ante
945 895 1058 923 stilum
1074 898 1164 930 abest
1180 902 1199 924 a
1213 903 1242 929 p.
1274 896 1494 930 pernotarem
1509 898 1676 927 perperam
1691 891 1739 919 ed.
1753 890 1844 918 Scri-

47 950 114 971 181.
141 940 199 977 [cf.
213 946 290 972 Met.
303 945 343 972 11.
359 951 387 978 p.
404 945 417 972 1
427 945 478 970 40.
504 941 647 980 quodam
665 941 787 969 tabulis
802 950 825 978 p
836 949 935 968 rnen
945 949 962 967 o
974 944 1090 968 tante
1111 944 1139 969 et
1154 943 1230 969 Mel.
1243 941 1297 968 XI.
1313 947 1341 974 p.
1356 940 1431 967 801.
1446 936 1549 965 libros
1563 935 1690 964 litteris
1704 934 1845 972 ignora-

47 986 166 1015 bilibus
185 995 346 1024 praeno
357 991 486 1017 catos.
512 989 624 1017 Munk.
639 989 680 1016 ad
694 988 787 1022 Fulg.
802 989 939 1021 mythol.
952 988 976 1015 Ι.
992 988 1022 1015 2.
1039 994 1066 1021 p.
1082 987 1158 1014 627.
1171 984 1278 1020 Stena]
1328 983 1483 1011 eveniunt
1499 986 1547 1011 est
1562 982 1595 1010 in
1609 981 1759 1010 omnibus
1773 980 1844 1008 edd.

47 1035 123 1061 velt.
144 1036 272 1066 praeter
288 1035 373 1062 lunt.
387 1035 417 1062 2.
438 1036 513 1062 ante
533 1033 696 1069 Colvium,
723 1032 778 1066 qui
796 1032 893 1060 edidit
909 1039 981 1059 cum
995 1031 1207 1065 sequentibus
1222 1029 1400 1057 revomunt
1412 1037 1452 1057 ex
1467 1028 1654 1056 coniectura
1667 1024 1846 1054 siewechii

45 1078 86 1106 acl
105 1080 182 1107 Mer.
200 1079 255 1107 lv.
275 1087 306 1113 p.
326 1080 402 1107 288.
437 1086 509 1105 cum.
530 1077 683 1105 latrones
709 1085 749 1104 re
759 1085 870 1104 mean
881 1079 903 1105 t.
927 1078 963 1105 In
980 1080 1060 1104 mss.
1075 1076 1241 1110 omnibus,
1268 1082 1348 1108 quos
1368 1081 1426 1109 ego
1446 1072 1583 1108 contuli,
1608 1071 1729 1107 legitur
1741 1068 1844 1096 adve-

45 1123 160 1159 m'unt,
185 1131 244 1152 nec
264 1124 360 1152 aliter
377 1123 478 1152 scribi
495 1124 626 1151 videtur
644 1123 678 1151 in
698 1122 844 1156 reliquis.
876 1122 968 1150 Certe
988 1122 1066 1150 01111.
1088 1122 1213 1148 1111111110
1232 1120 1376 1147 codicem
1402 1120 1644 1153 commemorat,
1670 1116 1726 1150 qui
1750 1114 1847 1143 aliter

43 1169 172 1197 haheat.
221 1165 338 1195 Animo
352 1175 407 1202 pro
422 1169 535 1203 imum,
562 1175 646 1201 quae
659 1168 723 1197 iam
737 1169 882 1195 u'ower.
898 1166 1085 1194 coniectura
1099 1169 1164 1200 est,
1190 1164 1256 1199 legi
1275 1164 1376 1192 voluit
1394 1164 1478 1192 Elm.
1498 1170 1540 1191 ex
1559 1164 1622 1190 Ms.
1646 1163 1684 1189 In
1705 1167 1847 1195 quonam

43 1220 120 1241 vero
144 1213 192 1241 ita
215 1213 418 1249 inveniatur,
444 1213 567 1242 nescio.
592 1214 691 1241 Fides
717 1213 758 1240 sit
784 1220 885 1246 penes
909 1212 992 1240 Elm.
1018 1212 1053 1240 In
1079 1210 1228 1239 omnibus
1255 1209 1344 1238 codd.
1371 1212 1400 1237 et
1415 1208 1485 1237 edd.
1500 1210 1576 1237 vett.
1597 1207 1717 1241 legitur
1735 1204 1845 1234 smum.

39 1257 305 1294 promptioribus
320 1267 352 1293 φ.
400 1257 573 1286 vulnerati
583 1259 619 1287 F.
637 1259 665 1286 1.
679 1258 714 1285 G.
729 1258 767 1286 D.
782 1257 818 1285 P.
832 1257 866 1285 Ο.
880 1264 910 1292 p.
925 1255 946 1285 f.
962 1253 991 1285 ὃ.

101 1367 188 1406 CAP.
201 1366 331 1406 XXV.
358 1373 506 1407 astans.
534 1367 786 1420 [Discrepant
800 1366 913 1405 codd.

44 1426 138 1463 inter
150 1424 380 1476 scripturam
395 1430 528 1464 astare
548 1429 585 1462 et
598 1425 784 1467 adstare,
811 1436 913 1473 quae

42 1480 234 1520 vocabula
257 1481 388 1519 dubito
415 1495 461 1519 an
487 1482 584 1519 iuter
608 1493 702 1518 sese
734 1480 913 1518 diversae

41 1538 119 1576 sint
146 1537 438 1588 significatione.
494 1536 533 1575 ln
567 1537 722 1588 optimis
753 1535 912 1587 Apuleii

43 1594 154 1632 codd.
179 1597 222 1631 ut
245 1592 289 1631 F.
316 1597 372 1640 3.‚
403 1594 548 1644 ubique
574 1594 753 1631 scribitur
776 1597 911 1631 astare

43 1649 93 1689 cs.
111 1650 209 1688 Met.
230 1648 274 1687 H.
297 1663 333 1701 p.
352 1653 441 1690 123.
463 1651 732 1690 circumsecus
757 1653 913 1688 astan-

42 1711 110 1746 tes
133 1706 229 1745 Met.
243 1705 310 1745 lX.
324 1720 361 1758 p.
378 1710 469 1747 651.
496 1706 914 1758 cubiculumpropter

42 1768 267 1802 astantes.
295 1762 620 1802 cf.Dede1·.Dict.
637 1761 734 1801 Cret.
751 1761 777 1800 l.
800 1776 830 1801 c.
850 1765 913 1802 10.

40 1822 117 1858 not.
150 1819 230 1857 crit.
262 1822 301 1857 et
331 1820 366 1858 in
394 1819 530 1858 Gloss.
556 1833 593 1870 p.
619 1823 733 1864 252„
758 1819 824 1856 ubi
848 1833 913 1856 00-

41 1880 161 1914 strum
194 1874 322 1914 locum
360 1876 461 1914 citat.
499 1875 708 1914 Ruhnken.
745 1875 782 1912 in
821 1875 914 1913 edit.

41 1931 143 1970 Oud.
169 1931 244 1970 sibi
269 1945 343 1970 non
371 1932 558 1978 constitit,
592 1932 695 1982 quod
725 1931 801 1969 hoc
827 1930 913 1969 loco

43 1989 371 2033 adstans-ceteris
384 1993 521 2027 astaus
535 1988 675 2026 excudi
691 1988 846 2025 curavit.
873 1986 914 2024 In

40 2043 176 2094 virgil.
214 2044 326 2082 codd.
364 2044 519 2095 optimis
555 2057 713 2095 semper
749 2044 916 2082 adstare

40 2100 195 2151 reperiri
222 2099 384 2138 videtur.
412 2100 588 2139 Adstare
612 2099 675 2138 hie
695 2102 799 2138 certo
822 2112 914 2150 quo-

42 2155 130 2195 dam
141 2156 227 2194 loco
236 2160 341 2194 stare
349 2156 703 2208 potestsignificare
718 2155 913 2205 cs.VVagn.

40 2212 90 2252 ad
114 2213 221 2263 Virg.
247 2212 348 2251 Aen.
369 2211 396 2250 I.
420 2216 509 2252 152.
535 2211 695 2250 Lachm.
721 2212 772 2250 ad
796 2210 914 2264 Prop.

40 2267 107 2307 lV.
147 2273 212 2308 11.
245 2272 308 2308 21.
357 2267 485 2306 Plaut.
517 2269 628 2306 Asin.
662 2267 723 2306 111.
757 2271 792 2308 3.
823 2271 913 2308 120.

42 2323 190 2364 Cistell.
216 2323 261 2362 Il.
288 2328 324 2365 3.
351 2328 436 2369 53.,
469 2328 508 2363 at
538 2327 667 2375 potius
697 2324 747 2363 de
780 2337 827 2362 eo
853 2324 915 2363 hic

40 2381 182 2420 dictum
209 2394 302 2419 esse
327 2385 440 2432 puto,
466 2382 529 2431 qui
554 2381 590 2418 in
617 2382 914 2432 exspectatione

40 2441 80 2475 et
96 2441 258 2489 stupore
277 2441 356 2482 est,
383 2437 433 2475 (18
459 2438 629 2485 8111105ος
655 2436 702 2475 cf.
729 2437 842 2475 eund.
864 2437 914 2476 ad

39 2493 146 2544 Virg.
172 2494 272 2532 Aen.
304 2493 392 2532 Xll.
428 2497 539 2539 133„
571 2507 687 2545 quam
719 2495 912 2532 notionem

38 2563 150 2601 seqq.
176 2550 376 2603 probant]

95 2663 327 2702 adveniunt.
367 2662 494 2714 [Bene
509 2661 612 2700 Oud.
627 2662 811 2701 refutavit
825 2676 915 2701 con-

40 2719 223 2757 iecturam
256 2718 453 2758 Stewech.
479 2720 701 2765 reveniunt,
729 2732 830 2769 quae
852 2719 916 2758 hic

40 2778 195 2826 propter
229 2777 465 2814 sententiam
501 2775 590 2813 ferri
621 2776 765 2827 nequit.
811 2774 915 2814 Nam

41 2830 158 2880 plane
181 2830 246 2869 alii
269 2836 362 2871 sunt
391 2833 454 2870 isti
488 2832 678 2878 latrones,
715 2832 780 2883 qui
815 2846 915 2871 nunc

41 2885 259 2934 adveniunt,
283 2889 405 2936 abiis,
432 2889 495 2939 qui
508 2888 683 2940 puellam
696 2892 914 2939 rapuerant,

46 2941 190 2993 quique
214 2956 237 2981 a
258 2943 383 2983 Lucio
408 2946 515 2996 prius
542 2949 652 2983 erant
674 2944 760 2983 visi.
807 2943 913 2984 Nam

41 2998 191 3049 priores
219 3003 310 3051 post
337 3006 491 3053 raptum
521 3001 681 3053 puellae
711 3001 761 3040 ad
798 3004 913 3040 sueta

43 3066 141 3092 suae
163 3059 298 3095 sectae
345 3057 395 3097 cf.
425 3057 494 3097 IV.
518 3071 554 3109 p.
582 3061 676 3099 290.
701 3070 796 3096 sese
821 3071 909 3096 con-

42 3108 217 3156 ulerant,
241 3116 451 3165 postquam
476 3112 609 3166 puella
628 3114 808 3153 manibus
828 3113 907 3153 ani-

974 1365 1086 1404 culae
1122 1366 1262 1404 1radita
1297 1369 1378 1409 est,
1420 1377 1522 1414 quae
1565 1376 1651 1400 eam
1687 1361 1845 1407 blando,

973 1426 1156 1474 quantum
1171 1426 1327 1473 posset,
1354 1420 1546 1459 solaretur
1565 1418 1749 1470 alloquio.
1775 1417 1847 1456 113-

972 1492 1048 1529 que
1073 1482 1114 1517 ut
1138 1493 1162 1518 3
1186 1478 1322 1516 dolore
1342 1476 1485 1528 regalis
1501 1476 1607 1525 virgo
1627 1475 1846 1526 requiesce-

971 1539 1046 1580 ret,
1071 1548 1169 1574 anus
1195 1534 1367 1573 fabulam
1392 1533 1442 1571 de
1468 1531 1658 1584 Cupidine
1683 1534 1722 1568 et
1746 1529 1846 1581 Psy-

971 1592 1045 1630 che
1070 1592 1104 1629 ei
1131 1592 1332 1630 enarravit.
1358 1589 1565 1641 Nusquam
1583 1601 1675 1626 vero
1696 1586 1846 1637 legitur,

973 1648 1146 1687 latrones
1189 1649 1286 1686 istos
1330 1661 1353 1686 a
1395 1646 1585 1697 spelunca
1626 1644 1848 1682 recessisse

972 1705 1213 1757 praedatum.
1264 1703 1322 1742 Eo
1355 1704 1443 1754 ipso
1475 1706 1605 1740 autom
1636 1703 1847 1746 momento,

973 1775 1048 1812 quo
1085 1761 1218 1800 sabula
1255 1761 1359 1798 (inita
1390 1762 1488 1805 erat,
1527 1759 1754 1797 adveniunt
1783 1756 1848 1795 alii

973 1818 1163 1864 latrones,
1211 1818 1378 1868 priorum
1420 1815 1538 1859 socii,
1583 1814 1647 1865 qui
1697 1813 1846 1864 proelio

972 1874 1150 1913 confecto
1172 1873 1456 1911 commilitones
1472 1871 1695 1910 vulneratos
1716 1882 1846 1920 repor-

972 1935 1071 1977 tant,
1110 1932 1236 1981 iisque
1260 1929 1363 1967 domi
1394 1928 1561 1973 relictis,
1593 1940 1679 1965 cum
1704 1926 1847 1964 ceteris

974 1988 1111 2032 sociis,
1139 1986 1201 2037 qui
1228 1986 1263 2023 in
1289 1984 1478 2036 spelunca
1505 1987 1619 2022 antea
1646 1986 1770 2028 eraut,
1797 1982 1848 2021 ad

972 2042 1145 2093 reliquas
1183 2041 1399 2080 occultatas
1442 2041 1618 2080 sarcinas
1654 2038 1848 2091 proficisci

973 2100 1163 2150 gestiunt,
1210 2102 1253 2136 111
1294 2111 1393 2148 quas
1436 2097 1513 2150 ipsi
1556 2099 1849 2148 reportaverant

973 2156 1143 2207 praedas
1167 2155 1215 2192 iis
1239 2154 1449 2207 adiiciant]

1030 2214 1148 2251 immo
1176 2212 1465 2263 promptiores.
1515 2210 1576 2249 Ex
1607 2209 1728 2247 veteri
1759 2209 1849 2248 scri-

974 2273 1087 2320 ptura
1105 2268 1208 2306 Mss.
1219 2271 1258 2305 et
1274 2267 1374 2306 Edd.
1395 2280 1487 2305 vera
1499 2269 1620 2306 immo
1636 2264 1795 2304 Colvius
1810 2269 1850 2304 et

973 2325 1146 2363 VVower.
1179 2328 1428 2362 correxerunt
1463 2324 1598 2362 animo
1630 2322 1718 2361 coll.
1750 2321 1847 2361 Met.

973 2380 1076 2421 Vlll.
1101 2395 1140 2433 p.
1167 2384 1261 2422 562.
1287 2382 1446 2420 auimo
1472 2381 1649 2433 fortt‘or,
1683 2379 1847 2430 Soping.

972 2437 1183 2488 effingebat
1195 2438 1331 2482 nimio,
1340 2441 1381 2475 ut
1394 2437 1509 2474 etiarn
1518 2435 1701 2474 Brautius
1714 2436 1848 2480 voluit,

971 2498 1038 2532 3111
1062 2495 1178 2533 etiam
1202 2494 1267 2533 vel
1288 2495 1420 2532 immo.
1449 2492 1550 2539 Quin
1567 2492 1683 2530 811301
1698 2490 1848 2531 Gruter.

971 2552 1156 2590 int-rusam
1181 2563 1250 2601 per
1265 2548 1441 2588 Colvium
1457 2553 1495 2588 et
1506 2561 1622 2599 seqq.
1643 2548 1850 2587 lectionem

972 2608 1107 2646 auimo
1122 2607 1249 2645 denuo
1265 2607 1432 2645 mendae
1451 2609 1682 2657 suspectam
1701 2604 1849 2650 habuit,

975 2667 1015 2701 et
1039 2671 1174 2702 contra
1201 2665 1322 2702 immo
1352 2661 1635 2701 restituendum
1667 2660 1851 2699 divinavit

973 2720 1010 2757 in
1042 2719 1161 2770 Susp.
1192 2719 1328 2758 Inedit.
1354 2732 1387 2758 s,
1412 2716 1585 2758 Miscell.
1610 2716 1714 2755 Nov.
1738 2716 1850 2768 Lips.

975 2775 1063 2814 Vol.
1088 2774 1156 2814 III.
1192 2790 1230 2828 p.
1258 2779 1294 2816 3.
1326 2789 1364 2828 p.
1394 2778 1485 2815 195.
1521 2773 1591 2819 Et,
1629 2776 1672 2811 ut
1701 2773 1850 2824 opinor,

971 2833 1203 2879 rectissime,
1217 2832 1409 2871 nonnulli
1425 2836 1570 2875 tamen,
1583 2831 1702 2868 immo
1710 2843 1850 2881 prom-

970 2890 1148 2940 ptiores,
1173 2889 1260 2928 sive
1286 2888 1423 2938 aliqui,
1449 2887 1611 2926 sednon
1626 2887 1849 2937 promiscui,

971 2949 1012 2983 at
1041 2945 1172 2996 potius
1204 2958 1254 2983 ex
1280 2944 1459 2983 omnibus
1483 2943 1761 2995 promptiores.
1798 2942 1849 2982 cf.

970 3001 1100 3053 V11.p.
1110 3005 1204 3042 453.
1220 3001 1472 3054 cognitoque
1487 2999 1699 3053 quosdam,
1712 3000 1849 3038 immo

968 3071 1079 3097 vero
1101 3058 1370 3111 fortissimum
1396 3069 1602 3108 quemque.
1634 3055 1684 3093 de
1709 3054 1849 3096 Mund.

966 3127 1004 3166 p.
1021 3117 1113 3155 710.
1141 3114 1321 3160 Quintus
1342 3112 1628 3165 Phosphorus,
1657 3111 1846 3158 Iunonia,

1868 670 1932 702 430
