2221 3667
342 156 420 198 474

591 155 638 194 L.
664 151 884 194 APULl-:u
917 147 1320 193 MADAURENSIS
1349 148 1889 191 METAMORPHOSEON

337 267 538 307 adulteriis
565 266 895 306 existimationem
923 266 1141 314 famamque
1166 275 1292 300 meam
1317 261 1503 311 laeseris,
1531 262 1571 301 in
1598 270 1822 316 serpentes,
1857 263 1895 302 in
1922 264 2054 316 ignes,
2083 263 2123 302 in

338 325 465 374 feras,
505 324 544 363 in
582 336 675 363 aves
712 329 751 362 et
787 321 962 373 gregalia
999 331 1119 371 pecua
1157 331 1320 357 serenos
1357 318 1488 357 vultus
1526 332 1633 357 meos
1664 319 1818 359 sordide
1850 320 2121 359 reformando:

337 387 508 419 attamen
545 379 756 419 modestiae
793 390 900 416 meae
937 388 1105 423 memor,
1145 374 1323 425 quodque
1361 372 1465 412 iuter
1496 373 1592 413 istas
1623 387 1729 413 meas
1760 388 1897 415 manus
1931 374 2121 423 creveris,

337 442 475 476 cuneta
507 436 723 491 pertieiam:
756 434 841 474 dum
876 439 1003 472 tamen
1036 430 1158 479 scias,
1193 428 1367 470 aemulos
1401 436 1485 469 tuos
1517 442 1681 474 cavere.
1717 445 1760 469 ae
1792 431 1826 471 si
1857 444 1932 484 qua
1958 445 2058 472 nuuc
2084 431 2123 471 in

334 576 589 604 e.z·tsn1atim1mz
603 578 640 605 Ι).
681 576 878 614 smne-mque
892 574 927 601 G.
942 574 980 600 1).

1021 572 1131 610 furas
1144 571 1313 610 proferas
1328 573 1366 600 1).

1426 570 1599 607 egregalia
1611 572 1649 600 D.
1695 578 1825 607 pascua
1838 572 1874 600 G.
1888 572 1924 600 Ρ.
1954 571 2076 608 prensa
2090 571 2124 600 Ο.

334 622 374 651 es,
389 624 428 651 ad
442 631 471 657 p,
487 624 560 651 403,
598 617 816 660 ‹lesui-amuda
831 618 967 646 coniecit
981 618 1064 646 Tou.
1101 615 1285 645 modestiae
1297 624 1402 644 meum
1416 623 1541 644 memor
1552 617 1666 645 Vener.
1683 619 1712 645 4.
1749 624 1791 644 ae
1805 618 1917 644 tamen
1932 616 1952 645 t.
1988 616 2078 644 inter
2086 617 2124 644 D.

334 730 447 782 I‘rop.
479 731 504 769 I.
542 736 601 772 11.
636 734 696 769 15.
747 728 827 779 [De
864 727 1002 778 plurali
1041 728 1199 766 labibus

335 788 380 826 cf.
407 787 608 826 Foertscb.
633 786 681 824 ad
708 785 829 822 Voss.
855 784 975 823 Arist.
1000 783 1026 822 I.
1052 798 1089 835 p.
1105 787 1200 823 459.

334 845 513 883 Lnbibus
536 843 652 880 etiam
679 841 763 878 serri
789 844 946 892 posset,
973 841 1007 877 si
1032 840 1199 890 explica-

334 905 431 938 retur
456 913 524 949 per
547 898 669 942 mala,
695 898 958 936 calamitates.
985 896 1030 935 cf.
1048 896 1131 934 Intt.
1149 897 1197 935 ad

332 953 590 1004 Yit·g.Aen.ll.
602 954 683 1006 97.]
712 954 792 992 Sed
808 954 893 1003 ipse
909 952 1010 991 Oud.
1025 952 1201 990 defendit

331 1012 488 1050 casibus
525 1024 727 1061 exponens
765 1023 834 1061 per
866 1010 980 1048 τανὶα
1013 1014 1050 1047 et
1082 1010 1200 1061 quasi

325 1069 503 1120 forluae'ta
526 1080 693 1119 (lenem.
717 1071 758 1104 ut
784 1065 866 1104 VII.
894 1079 929 1116 p.
957 1069 1050 1106 453.
1078 1066 1199 1104 rar-iis

330 1124 493 1176 quidem
506 1124 577 1162 secl
589 1124 778 1176 impae'yrc‘s
804 1122 1011 1162 casibus.
1037 1120 1197 1160 voltu.

328 1184 391 1220 30.
426 1181 547 1219 variis
575 1180 850 1232 yravibusque
881 1179 1095 1224 casibus,
1132 1178 1195 1215 ubi

329 1237 579 1276 calamitates
587 1236 787 1286 significat.
804 1234 1015 1287 [Equidem
1026 1234 1196 1272 hocloco

326 1294 484 1333 casibus
521 1307 593 1330 nou
632 1297 777 1331 temere
813 1293 982 1344 positum
1022 1304 1116 1328 esse
1147 1292 1195 1328 ab

325 1349 495 1400 Apuleio
533 1349 845 1388 existimaverim.
919 1347 1060 1398 Iupiter
1097 1348 1195 1384 enim

327 1407 453 1444 omnia
473 1405 677 1450 adulteria,
705 1405 845 1455 quibus
866 1408 997 1442 contra
1012 1403 1196 1441 Iunonem

325 1519 470 1563 tribuit,
495 1518 568 1556 sed
594 1518 768 1556 fortunae
794 1518 951 1555 casibus
978 1530 1023 1555 ac
1047 1517 1195 1554 temeri-

325 1575 392 1613 tati
419 1574 636 1626 Cupidinis,
663 1575 727 1626 qui
758 1588 845 1612 eum
879 1574 1038 1611 invitum
1064 1574 1196 1610 stimu-

328 1632 405 1669 lant
430 1635 547 1682 atque
571 1631 817 1669 inflammant.
844 1629 971 1676 Quam
996 1630 1114 1667 iratus
1141 1631 1192 1667 sit

324 1688 398 1726 hac
415 1688 592 1733 lascivia,
618 1689 706 1739 ipse
726 1687 870 1725 indicat
884 1687 1023 1723 verbo:
1046 1686 1196 1738 foeda-

325 1745 438 1783 reris.
489 1739 798 1788 Foederareffs,
836 1742 941 1794 quod
978 1743 1012 1780 in
1050 1741 1195 1792 aliquot

326 1800 437 1838 codd.
465 1800 618 1850 legitur,
650 1800 742 1838 nihil
779 1800 852 1837 nisi
895 1799 1086 1850 corruptio
1122 1802 1194 1836 est.

327 1858 510 1895 Attamen
549 1857 602 1894 vir
638 1857 775 1895 doctus
813 1857 847 1893 in
880 1855 943 1893 ed.
974 1868 1062 1892 mea
1087 1854 1193 1893 Colv.

327 1914 525 1951 emendat:
549 1913 821 1966 fodicareris,
849 1911 953 1962 quod
977 1916 1106 1949 tamen
1133 1925 1195 1947 vo-

327 1970 465 2008 cabulo
492 1970 651 2009 casibus
676 1983 750 2007 non
777 1969 984 2007 convenire
1007 1967 1193 2020 videtum]

382 2031 419 2064 et
443 2028 571 2078 ipsam
596 2026 756 2065 Iuliam.
789 2024 900 2076 [Non
927 2024 1077 2062 videtur
1102 2037 1195 2061 esse

327 2096 372 2121 ea
398 2083 461 2120 lex
482 2082 579 2121 Iulia
604 2086 642 2120 et
656 2081 780 2133 Papia
792 2081 985 2133 Poppaea
1009 2081 1059 2118 de
1085 2081 1194 2118 mari-

326 2139 452 2177 tandis
484 2138 698 2180 ordinibus.
737 2138 786 2176 de
811 2152 887 2189 qua
917 2137 979 2175 hic
1005 2141 1043 2175 et
1074 2137 1192 2187 Apol.

323 2210 359 2247 p.
370 2200 461 2235 575.
477 2195 770 2247 agitApuleiuis‚
785 2207 966 2245 quaeque
979 2194 1065 2231 sine
1079 2193 1194 2231 dubio

326 2253 402 2290 lata
427 2255 488 2289 est
513 2266 612 2290 auno
640 2256 733 2292 757.
761 2266 855 2298 u.c.;
881 2250 954 2288 sed
980 2251 1111 2301 potius
1130 2249 1195 2287 lex

322 2308 417 2347 Iulia
449 2309 500 2346 de
531 2309 767 2349 ‹multer-iis.
801 2320 901 2357 quae
932 2308 980 2344 ab
1013 2307 1193 2357 Augusto

322 2380 421 2403 anno
437 2369 530 2405 737.
556 2365 706 2416 perlata
731 2368 802 2401 est.
830 2364 892 2402 De
917 2368 1079 2414 utraque
1105 2363 1194 2413 lege

323 2422 402 2473 agit
427 2421 550 2460 Bach.
576 2421 709 2459 histor.
735 2420 938 2471 iurisprud.
956 2418 1102 2458 1111».st
1120 2433 1151 2458 c.
1167 2418 1193 2457 I.

322 2483 419 2517 sect.
446 2482 482 2519 2.
514 2477 544 2527 ξ.
571 2482 607 2518 2.
635 2482 658 2518 7
685 2482 724 2514 et
755 2482 791 2516 8.
824 2481 863 2514 et
893 2475 1005 2527 Lips.
1030 2475 1194 2514 Excurs.

322 2535 371 2573 ad
404 2534 495 2572 Tac.
531 2534 635 2573 Anu.
660 2532 721 2571 III.
760 2537 824 2573 25.
863 2537 901 2569 et
936 2532 986 2570 ad
1022 2531 1088 2570 lv.
1128 2536 1192 2572 42.

323 2591 444 2630 Gesn.
476 2591 526 2629 ad
556 2589 658 2628 Plin.
692 2589 817 2641 Epist.
839 2588 907 2628 VI.
944 2589 1051 2627 Suet.
1091 2589 1192 2639 Aug.

322 2661 352 2686 c.
379 2652 445 2688 34.
471 2647 518 2686 cf.
546 2647 629 2686 lntt.
656 2646 706 2684 ad
731 2645 848 2696 Prop.
873 2644 921 2682 ll.
950 2648 985 2685 6.
1016 2650 1049 2684 1.
1074 2644 1192 2683 Plura

321 2704 371 2742 de
397 2705 486 2755 lege
499 2704 641 2756 Papia
656 2703 862 2755 Poppaea
883 2701 1050 2739 dicenda
1070 2705 1192 2746 erunt,

320 2761 369 2799 ad
396 2760 513 2813 Apol.
540 2760 563 2799 l.
590 2759 646 2812 0.]

377 2818 711 2856 existimationem
734 2819 983 2868 famamque.
1009 2814 1090 2865 [De
1115 2815 1190 2853 ‹lis-

321 2875 475 2912 crimine
499 2874 700 2924 utrius‘que
720 2872 917 2915 vocabuli,
944 2884 1103 2921 quorum
1123 2885 1193 2923 po-

322 2932 463 2968 sterius
489 2931 614 2980 magis
639 2929 688 2968 ad
709 2934 921 2973 externum,
947 2927 997 2966 ad
1017 2928 1136 2965 verba
1155 2932 1194 2965 et

322 3000 543 3032 sermonen,
579 2988 685 3038 prius
712 3000 802 3024 vero
828 2985 878 3024 ad
908 2985 1117 3030 internum,
1143 2984 1192 3021 ad

325 3044 576 3092 cogitationes
596 3048 636 3081 et
654 3043 794 3082 iudicia
812 3041 945 3080 referri
965 3040 1111 3085 dicunt,
1143 3040 1189 3078 cf.

324 3098 447 3137 Doed.
475 3101 691 3151 Synonym.
719 3098 764 3137 T.
778 3099 827 3137 V.
853 3112 893 3150 p.
918 3097 1029 3149 235]

379 3156 422 3192 in
445 3161 664 3207 serpentes,
689 3157 731 3194 in
747 3158 863 3208 feras
879 3160 969 3194 cett.
996 3153 1191 3206 [Breviter

1260 728 1320 765 hic
1357 728 1539 766 describit
1577 726 1719 778 Iupiter
1755 725 1993 776 multiplices
2029 738 2126 763 suos

1259 797 1419 827 errores,
1429 784 1636 833 variasque
1652 782 1809 827 formas·9
1821 782 1960 832 quibus
1974 781 2128 820 indutus

1260 840 1425 878 feminas
1451 840 1668 890 corruperit.
1708 838 1807 876 Elm.
1834 842 2031 888 comparat
2056 837 2129 875 Ta-

1258 897 1346 934 tian.
1373 900 1506 934 contra
1530 895 1710 933 Graecos
1731 894 1757 933 f.
1781 898 1874 934 280.
1905 892 2066 932 Primas.
2093 894 2129 931 in

1260 951 1389 1003 Epist.
1414 951 1525 990 Paul.
1552 952 1600 989 ad
1626 951 1740 989 Rom.
1773 964 1803 988 r.
1831 949 1857 988 1.
1899 949 1947 988 cf.
1973 948 2131 1000 Optime

1259 1009 1413 1059 singula
1444 1007 1633 1047 adulteria
1664 1010 1865 1045 enumerat
1890 1005 2005 1044 Ovid.
2031 1003 2128 1044 Met.

1260 1064 1325 1103 VI.
1346 1070 1423 1105 104
1438 1077 1525 1115 sqq.
1548 1064 1678 1114 ibique
1696 1062 1828 1101 Burm.
1853 1062 2012 1101 Luciau.
2039 1060 2128 1100 dial.

1259 1121 1363 1160 deor.
1375 1127 1409 1162 5.
1425 1122 1455 1172 ς’.
1466 1125 1501 1160 2.
1516 1135 1552 1172 p.
1563 1124 1654 1161 213.
1667 1118 1863 1157 Steweeh.
1873 1119 1921 1157 ad
1933 1118 2127 1156 Arn0}›.V.

1258 1181 1322 1218 22.
1351 1192 1389 1229 p.
1418 1182 1507 1217 122.
1534 1178 1595 1216 ed.
1621 1175 1749 1227 Lugd.
1777 1173 1895 1213 Plura
1920 1174 2026 1214 dabit
2050 1173 2130 1212 Pri-

1257 1247 1376 1273 caeus
1402 1234 1451 1273 ad
1477 1233 1512 1271 b.
1539 1233 1586 1286 1.]

1314 1291 1490 1330 aemulos
1515 1295 1614 1329 tuos.
1660 1288 1883 1338 Intelligunt
1907 1285 2129 1326 Beroaldus

1257 1351 1296 1384 et
1321 1347 1383 1384 alii
1409 1346 1552 1385 rivales
1578 1350 1667 1384 tuos
1694 1344 1904 1396 Cupidines
1930 1344 1993 1381 vel
2028 1342 2129 1382 alios

1258 1403 1428 1447 invidos,
1471 1402 1635 1441 eandem
1672 1401 1843 1453 puellam
1881 1404 2128 1451 expetentes,

1257 1464 1297 1497 ut
1322 1473 1464 1499 carere
1488 1460 1539 1496 sit
1563 1464 1754 1503 metuere,
1782 1462 1915 1496 retare
1945 1460 1986 1494 ut
2010 1455 2126 1494 Ovid.

1256 1516 1338 1554 Art.
1364 1520 1415 1554 A.
1440 1515 1466 1554 l.
1495 1519 1586 1555 753.
1622 1514 1853 1566 Coyuctcum
1874 1516 2130 1565 fratremque

1257 1586 1378 1612 cave.
1406 1572 1509 1610 Oud.
1534 1576 1663 1609 tamen
1679 1570 1971 1621 videtui-potius
1985 1568 2128 1620 Iupiter

1256 1629 1305 1666 de
1320 1643 1414 1666 sese
1428 1630 1575 1677 egisse.
1590 1628 1707 1678 idque
1721 1626 1818 1665 satis
1836 1640 1858 1663 e
1872 1629 2129 1676 seqq.patere

1256 1687 1442 1737 opinatur,
1462 1685 1560 1723 baec
1574 1683 1742 1722 addens:
1769 1682 1856 1720 Non
1872 1696 1976 1726 vero,
1991 1685 2031 1719 ut
2045 1695 2130 1720 cum

1259 1741 1417 1781 Pricaeo
1449 1741 1633 1780 audacter
1667 1752 1860 1790 reponere
1895 1739 2129 1776 sustineam:

1255 1798 1432 1837 aemaedm
1457 1811 1561 1836 meos
1579 1810 1760 1835 ‹nnorere
1787 1798 1878 1843 (non
1907 1808 2064 1840 carere,
2090 1799 2131 1833 ut

1256 1854 1357 1892 Oud.
1373 1855 1529 1903 habet),
1554 1853 1628 1891 sed
1645 1857 1686 1891 ut
1701 1851 1928 1903 Cupidinem
1952 1855 2127 1896 moneat,

1257 1910 1619 1961 cavemlostpiidem
1634 1922 1727 1947 esse
1741 1908 1931 1952 aemulos,
1941 1907 2128 1959 seipsum

1255 1967 1465 2018 praecipue
1497 1965 1738 2016 intelligens,
1771 1970 1810 2003 et
1838 1965 1926 2003 hinc
1950 1977 1999 2002 ne
2025 1961 2129 2014 Psy-

1257 2023 1369 2061 chem
1389 2024 1463 2074 ipsi
1483 2022 1621 2074 eripiat
1639 2020 1816 2060 aemulus
1838 2020 1997 2071 Iupiter,
2022 2024 2129 2058 curet

1257 2079 1425 2131 Cupido.
1456 2083 1497 2117 ut
1521 2092 1589 2129 pro
1616 2078 1690 2116 hoc
1716 2077 1987 2116 concessionis
2011 2077 2129 2114 bene-

1255 2137 1338 2174 ticio
1365 2140 1543 2187 procuret
1562 2135 1637 2186 ipsi
1658 2134 1848 2185 puellam,
1875 2146 2129 2184 quaecunque

1256 2191 1503 2244 praepolleat
1544 2190 1842 2243 pulchritudine.
1898 2188 2000 2242 [Qui
2037 2202 2128 2226 vero

1256 2253 1460 2299 tantopere
1488 2247 1590 2286 Oud.
1616 2248 1796 2286 aberrare
1820 2246 1989 2299 potuerit
2007 2249 2049 2284 ut
2068 2259 2129 2284 ae·

1254 2307 1371 2345 mulis
1397 2307 1476 2345 tuis
1500 2318 1641 2344 carere
1665 2305 1685 2341 i.
1701 2317 1733 2342 e.
1760 2302 1967 2341 consulere
1992 2307 2031 2340 et
2044 2315 2127 2353 pro-

1254 2362 1425 2413 spicere,
1451 2358 1580 2413 potius
1605 2359 1853 2398 scribendum
1879 2372 1972 2398 esse
1997 2358 2128 2410 opina-

1255 2422 1376 2463 retur,
1403 2419 1466 2456 vix
1492 2417 1616 2468 capio.
1649 2417 1733 2454 Res
1759 2430 1829 2468 per
1852 2429 1899 2454 se
1925 2416 2030 2454 clara
2054 2419 2126 2454 est.

1255 2475 1337 2512 Sed
1362 2476 1528 2525 ingenue
1555 2472 1811 2511 confitendum
1838 2477 1912 2517 ost,
1938 2472 2038 2511 lianc
2063 2485 2127 2509 ex-

1254 2532 1501 2582 plicationem
1517 2529 1606 2567 mibi
1623 2544 1696 2567 non
1711 2528 1954 2567 satisfacere.
1991 2527 2127 2566 Diver-

1253 2601 1321 2626 sas
1347 2588 1448 2626 enim
1473 2600 1567 2624 esse
1595 2599 1786 2637 personas
1811 2586 1988 2625 aenmlos
2012 2588 2051 2622 et
2065 2584 2126 2623 Io-

1252 2658 1354 2689 vem,
1390 2645 1477 2696 ipse
1513 2643 1787 2680 sententiarum
1832 2654 1956 2679 nexus
1993 2645 2127 2691 aperte

1252 2702 1410 2740 indicat:
1426 2700 1568 2751 Iupiter
1581 2699 1681 2737 enim
1696 2699 1820 2736 onmia
1836 2697 2020 2749 perficere
2032 2697 2126 2743 vult,

1253 2771 1355 2807 quae
1376 2756 1525 2809 Cupido
1549 2755 1710 2806 flagitat,
1736 2754 1928 2804 siquidem
1953 2753 2126 2804 puellam

1253 2815 1288 2852 ei
1313 2815 1600 2866 propinaturum
1625 2825 1671 2850 se
1696 2824 1790 2848 esse
1815 2810 2026 2862 promittat,
2054 2809 2126 2849 Cu·

1253 2871 1393 2923 pidinis
1407 2883 1499 2908 vero
1515 2882 1607 2907 esse
1622 2867 1779 2913 dictent»
1794 2866 1959 2905 aemulis
1974 2880 2125 2913 cavere,

1253 2928 1317 2979 qui
1342 2928 1378 2965 ei
1404 2925 1604 2978 Psychem
1636 2926 1783 2975 eripere
1814 2923 1977 2974 possint.
2025 2922 2125 2962 Hinc

1250 2997 1326 3023 non
1353 2983 1404 3021 de
1428 2982 1613 3021 rivalibus
1637 2980 1781 3019 amoris
1818 2979 2012 3029 intelligo,
2050 2980 2125 3018 sed

1250 3041 1301 3079 de
1326 3040 1560 3079 adversariis
1586 3036 1789 3088 Psychae,
1820 3036 1871 3074 de
1901 3040 2024 3074 matre
2055 3050 2123 3088 po-

1248 3097 1454 3136 tissimum.
1479 3095 1528 3134 cf.
1544 3093 1706 3132 Tertull.
1721 3093 1839 3144 Apol.
1856 3096 1920 3133 48.
1941 3093 2124 3132 aeumlao

1247 3152 1527 3193 snbstanttaei.
1537 3164 1568 3189 e.
1577 3151 1651 3189 sibi
1666 3149 1873 3201 oppositae
1882 3153 1920 3188 et
1928 3147 2121 3202 saepius]
