2221 3667
297 165 380 208 544
567 165 614 205 L.
644 164 865 206 APULEII
895 160 1290 205 MADAURENSIS
1319 160 1863 202 METAMORPHOSEON

294 276 516 331 sequiorem
543 290 684 318 sexum
707 277 882 318 incertus
908 283 1024 329 atque
1049 273 1323 324 absconditus,
1357 272 1478 314 asello
1510 272 1637 327 spicas
1668 273 1906 315 hordeaceas
1933 273 2086 328 gerenti

295 417 447 445 incertus
460 417 496 444 F.
512 417 540 444 1.
555 417 586 445 3.
601 417 637 445 G.
653 418 681 446 1.
696 418 726 444 2.
741 417 779 444 D.
796 424 825 449 p.
840 424 873 448 φ.
887 410 916 442 ὃ.
933 413 952 442 f.
972 415 1003 441 et
1023 413 1094 441 edd.
1115 414 1190 441 ante
1207 413 1284 440 Bas.
1298 413 1329 441 2.
1353 414 1502 439 mtectus
1521 412 1556 440 0.
1593 411 1743 439 insertus
1755 412 1793 440 R.
1808 414 1836 440 et
1849 413 1963 441 Incert.
1985 415 2018 441 ut
2037 414 2087 441 le-

296 462 435 498 gendum
448 462 512 490 iam
526 462 602 490 olim
616 462 763 490 viderunt
779 460 926 488 Beroald.
941 461 971 486 et
985 458 1141 486 Cuiacius
1154 458 1326 486 Observ.1.
1346 464 1373 485 c.
1388 458 1419 485 3.
1433 464 1472 485 ac
1493 464 1565 485 cum
1578 457 1682 486 Basil.
1702 461 1891 490 receperunt
1905 458 2038 486 colvius
2057 461 2089 486 et

295 514 383 540 seqq.
404 510 436 535 et
453 507 611 536 Pricaeus
631 507 727 535 etiam
746 506 937 538 comprobat.

296 553 333 581 G.
345 554 378 581 2.
390 553 430 582 Ι).
478 552 591 590 spv'gas
606 554 641 581 G.
655 553 686 579 2.
734 547 910 577 ordeacz'as
924 549 960 577 F.
975 549 1006 577 3.
1022 549 1058 576 G.
1072 549 1103 576 2.
1117 549 1156 576 D.

297 672 521 724 calceisque
552 671 783 709 forensibus.
833 668 964 720 [Idem
986 668 1167 708 Balduin.

299 744 331 768 c.
348 734 384 770 8.
400 730 654 772 demonstrat,
681 740 749 776 pro
769 725 868 764 civili
887 739 994 763 more
1008 725 1165 764 calceos

299 787 462 823 virorum
487 785 640 833 'nigr03,
672 782 873 820 mulierum
897 786 938 820 ut
961 780 1166 833 plurimum

298 842 412 880 albos
428 841 569 884 fuisse,
591 841 843 889 (quamquam
863 839 1021 876 obstare
1034 836 1165 875 videa-

298 902 358 937 tur
394 894 561 935 Martial.
597 894 624 933 l.
665 899 725 934 14.
765 895 993 934 Sordidior
1036 907 1165 933 coeno

299 968 388 994 eum
416 954 468 990 sit
496 957 614 1003 logya,
653 950 812 990 calceus
841 956 973 990 autem
998 950 1164 990 caudi-

299 1010 411 1048 dior
440 1009 604 1059 prima
629 1008 681 1046 sit
715 1008 805 1053 tibi,
836 1008 984 1052 Clnua,
1022 1008 1163 1054 nive)

298 1078 348 1104 ex
380 1063 541 1102 Tel-tull.
573 1064 623 1101 de
653 1062 753 1102 Pan.
785 1068 822 1103 4.
854 1064 1016 1114 impuro
1053 1062 1165 1102 cruri

291 1134 468 1174 purum
491 1125 563 1160 aut
586 1119 866 1159 mulleolum
894 1119 1057 1159 inducit
1085 1118 1165 1157 eul-

298 1190 430 1222 eeum,
456 1189 505 1214 ex
535 1180 667 1214 nostro
694 1175 802 1221 loco,
840 1188 954 1226 quem
980 1176 1033 1214 ita
1058 1176 1165 1212 citat:

296 1238 425 1274 sumta
460 1237 569 1272 vesu»
605 1232 794 1272 muliebri
823 1232 1024 1285 floccida,
1048 1232 1091 1269 iu
1115 1232 1162 1270 si-

295 1303 372 1330 nus
405 1289 608 1342 slot-eidos
638 1289 895 1334 abundante,
926 1288 1164 1341 mltelluque

297 1346 438 1385 textili
469 1349 666 1384 contemto
699 1347 856 1396 capite,
894 1345 1046 1383 calceis
1073 1347 1164 1396 foe-

297 1403 470 1447 mt'uiuz's,
496 1401 598 1440 albis
622 1401 704 1439 illis
724 1406 764 1439 et
782 1401 968 1440 tenuibus
986 1401 1164 1445 indutus,

300 1463 342 1497 et
365 1459 408 1497 in
431 1459 658 1510 sequiorem
683 1470 825 1497 sexum.
849 1458 1023 1496 insertus
1042 1461 1166 1508 utque

297 1515 560 1554 absconditus
584 1517 623 1551 et
646 1514 744 1551 aliis.
794 1513 901 1551 Idem
933 1526 963 1551 c.
993 1516 1058 1553 19.
1088 1512 1163 1550 hos

297 1570 455 1609 calceos
482 1570 700 1623 Sicyonios
725 1568 923 1619 intelligit.
950 1582 1051 1620 quos
1076 1582 1163 1607 con·

296 1630 376 1666 stet
389 1626 624 1665 delicatioris
639 1626 778 1671 cultus.
787 1626 996 1663 muliebres
1011 1629 1049 1663 et
1062 1638 1164 1663 ama-

296 1684 416 1723 torios
453 1682 596 1728 fuisse,
634 1682 722 1721 coll.
759 1681 938 1733 Hesych.
972 1679 1166 1720 Σικυώνια

296 1747 486 1792 γυναικεῖα
511 1736 739 1789 ὑποδήματα
764 1738 863 1776 haec
893 1737 1062 1776 addens:
1101 1737 1165 1787 qui

297 1809 391 1834 vero
424 1795 609 1845 Sicyonia
640 1794 706 1832 illa
734 1794 913 1845 pulchra,
943 1794 1168 1844 tenerisque

297 1852 467 1904 pedibus
493 1850 694 1889 familiaria
723 1851 910 1896 fuissent,
942 1849 1047 1888 haud
1073 1850 1168 1887 disfi-

299 1909 374 1947 cile
399 1908 590 1946 coniicere
616 1906 705 1944 licet
729 1919 778 1944 ex
804 1906 994 1957 Apuleio,
1026 1907 1090 1955 qui
1116 1907 1169 1944 iu-

297 1977 437 2003 venem
461 1963 637 2001 muliebri
661 1963 794 2001 habitu
819 1964 1001 2000 vestitum
1027 1962 1170 2000 descri-

298 2023 398 2061 bens
413 2021 508 2058 inter
522 2023 694 2058 caetera:
725 2019 903 2064 Calcez's,
929 2019 1061 2069 inquit,
1079 2021 1170 2070 foe-

297 2078 476 2122 mininis,
501 2076 605 2115 albis
624 2075 706 2113 illis
727 2080 767 2113 et
785 2076 974 2115 tenuibus
986 2075 1167 2114 indutus.

300 2133 375 2173 Ubi
395 2133 550 2184 quidem
570 2131 754 2182 Sicyonia
779 2131 968 2183 depingit,
995 2133 1044 2170 ab
1064 2132 1168 2183 ipso-

296 2203 380 2228 rum
400 2189 566 2228 candore
584 2192 623 2226 et
642 2189 838 2227 tenuitate.
887 2189 954 2226 Sic
967 2188 1069 2226 enim
1082 2201 1168 2226 can-

298 2247 367 2285 dor
398 2246 448 2284 ad
478 2244 820 2296 pulcluitudinem,
851 2248 891 2283 et
920 2246 1087 2283 tenuitas
1118 2244 1170 2282 ad

298 2303 460 2340 delicias
486 2300 685 2353 pertinet]

355 2359 534 2397 indutus.
560 2357 662 2396 Oud.
677 2357 850 2408 praefert
862 2357 1067 2396 lectionem
1082 2357 1168 2396 cod.

300 2414 474 2454 d‘Orvill.
509 2415 719 2460 inductus,
752 2427 868 2465 quam
899 2415 1012 2453 unice
1036 2426 1170 2451 veram

299 2485 394 2510 esse
431 2483 620 2522 apparere
656 2470 747 2509 dicit
776 2484 825 2508 ex
857 2471 1001 2509 Florid.
1035 2484 1070 2521 p.
1104 2474 1169 2510 32.

302 2534 343 2568 et
364 2528 621 2572 indumenta,
655 2528 799 2579 quibus
824 2532 915 2566 erat
938 2527 1109 2567 indutus
1132 2530 1172 2564 et

302 2585 601 2625 calceamento,
635 2583 780 2635 quibus
811 2588 903 2622 erut
925 2583 1171 2630 inductus,

301 2641 391 2680 coll.
417 2640 506 2678 dict.
531 2639 581 2677 ad
605 2639 704 2677 Met.
729 2639 776 2679 Il.
799 2654 838 2691 p.
867 2643 956 2680 159.
988 2640 1173 2679 iuvenem

302 2698 446 2737 buxeis
469 2696 677 2735 inductu
687 2709 734 2734 m.
771 2695 957 2748 [Difficile
983 2709 1031 2733 ea
1055 2695 1106 2733 de
1129 2708 1173 2733 re

300 2754 452 2791 videtur
476 2765 570 2790 esse
595 2751 786 2791 iudicium.
817 2752 938 2804 Apud
962 2751 1173 2802 Apuleium

302 2810 404 2847 enim
418 2808 531 2848 codd.
545 2808 677 2860 optimi
692 2808 848 2846 nimium
860 2808 1053 2847 fluctuant.
1075 2808 1172 2847 Met.

302 2865 348 2904 ll.
375 2879 412 2916 p.
442 2869 533 2905 159.
565 2865 700 2915 legunt
728 2865 959 2910 iuductum,
990 2868 1032 2903 ut
1056 2864 1174 2902 iidem

307 2921 371 2960 IX.
396 2936 433 2973 p.
463 2924 552 2962 191.
583 2921 717 2960 soleas
747 2922 996 2974 incognitas,
1030 2922 1174 2973 quibus

304 2980 319 3015 2'
327 2993 352 3015 u
362 2979 537 3017 duetus
573 2977 901 3017 Philesielaerus
930 2979 1171 3029 irrepserat,

305 3037 525 3072 constanter
544 3035 724 3079 retinent,
751 3035 813 3084 qui
834 3034 949 3071 iidem
967 3033 1171 3072 Met.Vlll.

305 3103 343 3141 p.
370 3093 461 3129 580.
494 3091 629 3141 pedes
666 3091 785 3130 luteis
814 3091 978 3130 induti
1008 3090 1172 3136 calceis,

307 3158 393 3185 cum
417 3147 529 3184 unlus
554 3150 701 3185 tantum
733 3147 881 3185 codicis
911 3147 1173 3198 discrepantia

985 502 1171 539 segniorem
1188 510 1246 538 pro
1264 501 1452 539 sequiorem
1471 503 1538 531 cod.
1557 503 1673 531 Incert.

1720 501 1846 538 absque
1869 501 2088 531 absconditus

1224 668 1406 708 scribunt.
1472 668 1718 719 Quamquam
1766 669 1876 718 igitur
1923 668 2089 706 eandem

1224 725 1455 763 sententiam
1490 738 1652 774 sequor,
1690 738 1803 775 quam
1839 725 1890 763 ad
1920 724 2016 763 Met.
2042 722 2088 762 11.

1222 795 1261 833 p.
1301 785 1390 821 159.
1427 782 1609 832 exposui,
1646 782 1845 820 indm-ere
1881 782 2010 832 potius
2041 780 2092 818 de

1223 838 1497 877 calceamentis
1512 837 1602 882 dici,
1618 850 1732 887 quam
1747 838 1939 883 iuduere,
1959 840 2091 875 contra

1222 894 1325 932 Mss.
1352 898 1480 933 tamen
1501 893 1563 932 bic
1584 897 1623 931 et
1643 894 1766 932 altero
1784 894 1869 932 loco
1885 894 2091 945 quicquam

1222 954 1372 989 mutare
1402 950 1516 988 nolui.
1572 949 1680 988 Istud
1711 963 1819 995 vero,
1852 950 1956 1000 quod
1988 948 2091 988 Oud.

1223 1007 1428 1058 proposuit
1464 1006 1686 1053 discrimen,
1722 1007 1897 1046 iuduere.
1937 1006 1986 1044 de
2026 1018 2092 1042 ve-

1224 1063 1368 1109 stibus,
1393 1063 1595 1102 indm-ere
1616 1063 1666 1100 de
1686 1063 1832 1101 calceis
1847 1063 1990 1114 ubique
2004 1061 2091 1106 dici,

1224 1118 1406 1169 amplecti
1431 1118 1608 1170 equidem
1635 1133 1799 1170 nequeo.
1831 1118 1912 1157 Iam
1938 1119 2096 1157 obstant

1224 1176 1332 1225 Virg.
1347 1176 1446 1213 Aen.
1461 1174 1563 1214 VIII.
1578 1180 1671 1216 457.
1702 1175 1926 1228 Consurgit
1941 1176 2091 1219 senior,

1223 1233 1493 1285 tunicaque
1528 1232 1787 1272 inducitur
1822 1236 1946 1272 artus.
1993 1230 2092 1269 Stat.

1225 1288 1374 1327 Silv.v.
1390 1293 1426 1329 2.
1442 1293 1506 1329 67.
1532 1288 1621 1328 Nec
1639 1289 1777 1327 saltem
1790 1290 1936 1327 tenea-Is
1950 1288 2094 1327 ostium

1219 1344 1384 1398 puerile
1416 1345 1580 1383 lacertis
1605 1345 1740 1384 Exuit
1768 1345 2000 1397 albentique
2024 1343 2093 1382 leu-

1223 1415 1375 1440 meros
1398 1401 1604 1439 induxit
1627 1402 1816 1441 amic-lu.
1856 1401 1953 1439 Vice
1977 1412 2095 1438 versa

1225 1456 1326 1496 Plin.
1352 1457 1447 1495 dixit
1465 1456 1649 1494 XXVIII.
1666 1461 1701 1496 4.
1718 1461 1752 1497 7.
1780 1457 2095 1496 calceamentum

1221 1514 1372 1553 induat
1394 1517 1433 1551 et
1458 1510 1648 1552 XXXIII.
1673 1518 1733 1553 ¹ll.
1751 1517 1817 1553 49.
1843 1514 2015 1552 iuduere
2032 1525 2094 1550 so-

1224 1570 1316 1615 leas,
1341 1570 1405 1608 ubi
1430 1569 1493 1607 alii
1518 1582 1723 1620 perperam
1748 1569 1881 1620 legunt
1899 1569 2097 1608 iuducere

1223 1629 1263 1664 et
1293 1626 1434 1665 eadem
1465 1626 1500 1663 111
1533 1639 1591 1671 re,
1624 1626 1673 1663 de
1705 1638 1781 1676 qua
1805 1625 1920 1675 Apul.
1947 1624 2095 1663 Florid.

1224 1681 1249 1720 l.
1276 1696 1306 1720 c.
1333 1683 1432 1733 agit,
1459 1681 1536 1719 Cic.
1563 1682 1613 1720 de
1639 1681 1745 1720 Orat.
1772 1681 1838 1721 lll.
1863 1686 1927 1722 32.
1953 1681 1985 1731 ξ.
2003 1684 2096 1720 127.

1225 1739 1331 1777 dicit:
1365 1739 1489 1778 Eleus
1515 1739 1715 1789 Hippias,
1747 1768 1773 1777 ..
1797 1738 2004 1790 ylore'atus
2029 1741 2097 1782 est,

1226 1795 1335 1834 m'lu'l
1356 1808 1436 1834 esse
1460 1794 1545 1834 ullu
1570 1796 1612 1832 iu
1637 1798 1725 1833 arte
1748 1808 1884 1834 rerum
1911 1794 2097 1839 omnium,

1230 1851 1345 1903 quod
1367 1853 1455 1902 ipse
1479 1851 1653 1890 nesciret
1787 1851 1859 1889 sed
1889 1849 2096 1893 annulum,

1230 1921 1345 1960 quem
1370 1907 1551 1950 haberet,
1578 1906 1774 1958 pallium,
1807 1921 1890 1961 quo
1914 1907 2097 1950 amictus,

1228 1976 1418 2009 soccos,
1457 1963 1865 2015 quibus-indutus
1886 1967 2022 2008 esset,
2058 1975 2100 2001 se

1228 2033 1302 2058 sua
1326 2033 1448 2058 mauu
1474 2019 1715 2070 confec-isse,
1752 2020 1817 2058 ubi
1852 2021 1985 2058 mirum
2024 2022 2098 2064 est,

1228 2075 1333 2126 quod
1353 2075 1440 2114 edd.
1460 2075 1655 2114 inductus
1675 2088 1724 2112 ex
1737 2075 1909 2126 Apuleio
1922 2089 1996 2114 non
2011 2088 2099 2113 con-

1226 2132 1395 2170 iecerint.
1431 2131 1532 2170 Hinc
1557 2131 1698 2182 colligo
1723 2132 1854 2172 induo
1879 2136 1918 2170 et
1940 2131 2102 2171 induco

1227 2189 1447 2241 promiscue
1472 2187 1547 2225 dici
1570 2187 1620 2225 de
1646 2188 1825 2227 omnibus
1843 2189 1974 2234 rebus,
2000 2200 2102 2238 quae

1229 2246 1381 2296 corpori
1406 2243 1703 2289 circumdantur,
1734 2248 1776 2282 ut
1802 2249 1998 2283 nostrates
2017 2257 2101 2281 ver-

1226 2303 1317 2341 bum
1342 2301 1532 2341 amielzen
1557 2304 1595 2338 et
1620 2301 1669 2339 de
1695 2302 1870 2340 vestibus
1896 2305 1935 2340 et
1953 2301 2003 2339 de
2024 2299 2101 2339 cal-

1228 2357 1443 2396 ceamentis
1466 2361 1672 2408 usurpant,
1703 2362 1742 2396 et
1766 2371 1815 2396 ex
1839 2358 1944 2397 Mss.
1969 2360 2101 2395 aucto-

1227 2416 1339 2453 ritate
1371 2427 1465 2452 esse
1502 2413 1805 2460 diiudicandum,
1853 2418 1939 2453 utra
1985 2412 2102 2452 lectio

1228 2470 1417 2524 praeferri
1434 2470 1588 2509 debeat.
1614 2469 1860 2521 Quamquam
1879 2471 1903 2508 ii
1918 2469 2101 2509 facillime

1229 2541 1356 2566 errare
1380 2527 1551 2578 possint,
1578 2539 1663 2564 cum
1679 2542 1701 2567 c
1714 2530 1803 2565 ante
1817 2532 1834 2565 t
1846 2526 2011 2567 litteram
2025 2539 2102 2564 non

1229 2598 1315 2623 raro
1354 2584 1566 2628 omittatur,
1615 2583 1678 2621 vel
1716 2584 1862 2621 mixtim
1898 2587 2102 2633 utrumque

1231 2644 1411 2692 ponatur,
1439 2652 1538 2690 quae
1562 2652 1626 2678 res
1640 2641 1844 2678 notissima
1857 2644 1930 2679 est.
1956 2638 2105 2678 cfilntt.

1231 2697 1281 2735 ad
1302 2696 1374 2736 Sil.
1398 2695 1466 2734 IX.
1492 2699 1586 2737 234.
1613 2697 1663 2734 ad
1686 2695 1774 2735 Liv.
1801 2695 1869 2736 IX.
1895 2700 1960 2737 42.
1987 2694 2017 2746 §.
2044 2694 2099 2747 8.]

1289 2754 1331 2791 iu
1344 2754 1570 2805 sequiorem
1584 2766 1736 2792 sescum.
1763 2752 1928 2804 [Sexum
1946 2751 2103 2802 sequio-

1231 2822 1312 2848 rem
1325 2809 1552 2847 muliebrem
1565 2808 1762 2861 Apuleius
1776 2813 1891 2847 vocat
1906 2806 2103 2847 Stewech.

1232 2865 1428 2904 sententia
1441 2867 1729 2915 comparatione
1742 2864 1874 2904 virilis.
1890 2865 1937 2903 cf.
1948 2864 1999 2903 X.
2009 2867 2103 2905 722.

1234 2923 1282 2962 Si
1294 2935 1414 2962 sescus
1425 2922 1627 2973 sequioris
1640 2922 1833 2960 edidisset
1841 2924 1932 2974 foe!
1937 2935 1992 2967 us,
2004 2933 2103 2973 pro-

1230 2980 1356 3025 tiuus,
1402 2977 1517 3030 quod
1548 2983 1646 3017 esset
1678 2979 1846 3022 editum,
1876 2981 2105 3017 necaretur.

1230 3035 1372 3086 Neque
1393 3038 1542 3079 tamen,
1569 3035 1658 3086 quia
1671 3035 1782 3085 quasi
1800 3034 1965 3072 alterum
1979 3045 2104 3085 genus

1230 3092 1281 3130 sit
1312 3091 1539 3136 humanum,
1570 3094 1612 3128 ut
1634 3103 1724 3129 nos:
1758 3091 1834 3129 das
1851 3091 2007 3130 andere
2030 3089 2104 3129 Ge-

1230 3148 1426 3193 soleleclet,
1451 3146 1525 3185 sed
1545 3146 1632 3185 ideo
1652 3147 1876 3197 sequiorem
1896 3146 2108 3185 nominavit
