2221 3667
319 162 401 204 638

575 160 622 200 L.
647 157 871 200 APULEII
901 155 1304 201 MADAURENSIS
1333 155 1875 196 METAMORPHOSEON

230 282 292 316 507
317 272 461 329 atique
482 271 531 312 ob
556 271 595 311 id
620 271 857 312 factionibus
881 271 1079 312 latronum
1104 267 1206 308 male
1230 268 1425 318 sociatus,
1454 280 1526 308 nec
1550 281 1630 308 non
1649 268 1768 308 etiam
1788 281 1926 309 manus
1945 268 2114 309 infectus

318 330 486 370 humano
513 341 675 379 cruore,
702 327 938 383 Thrasyllus
965 326 1137 366 nomine.
1188 321 1309 378 quue
1334 324 1392 364 sic
1417 331 1504 364 erat
1529 331 1568 364 et
1593 324 1697 364 fama
1721 324 1884 365 dicebat.

909 472 1350 522 CAPUT

1452 473 1532 520 ΙΙ.

429 599 528 651 Hic,
556 613 671 653 quum
697 597 863 652 primum
889 593 1053 636 Charite
1078 593 1260 634 nubendo
1285 593 1564 645 maturuisset,
1590 593 1696 634 inter
1724 594 1952 648 praecipuos
1977 606 2118 647 procos

317 671 468 698 summo
493 656 623 697 studio
648 652 848 709 petitionis
874 651 958 692 eius
984 664 1125 692 munus
1151 650 1315 691 obierat.
1362 648 1417 690 Et
1440 663 1673 705 quamquam
1706 650 1851 692 ceteris
1877 649 2056 690 omnibus
2080 648 2116 689 id

315 796 354 825 ob
366 795 451 824 idem
465 798 502 825 G.
517 796 531 824 1
540 817 548 824 .

575 790 792 833 sastiom‘bus
804 790 1096 821 Vicent.Venet.2.
1133 797 1175 818 ac
1187 787 1263 817 inde
1275 797 1332 826 pro
1345 797 1406 818 nee
1417 797 1484 818 non
1497 791 1572 819 Ra.
1587 798 1628 819 ex
1641 789 1851 819 correctione.
1885 788 2038 829 infectas
2053 788 2073 817 f.
2087 796 2120 824 p.

313 841 453 882 infectis
466 844 502 870 G.
515 842 546 868 2.
561 840 599 868 D.
652 835 822 865 Trasz‘lz’us
836 838 871 865 G.
887 837 916 865 1.
963 835 1180 875 aequefama
1192 836 1229 864 L.

402 887 494 915 inter
500 883 708 922 praecipuas
723 884 759 912 G.
773 883 804 911 2.
820 883 858 911 D.
900 888 967 919 pro
982 888 1037 909 eos
1051 882 1088 911 G.
1103 882 1132 910 1.
1146 882 1242 910 habet
1256 887 1313 916 pro
1321 886 1458 918 procos.
1503 879 1534 909 is
1545 887 1668 919 genere
1681 881 1717 909 P.
1732 881 1767 909 Ο.
1781 881 1819 909 Β.
1832 881 1870 909 R.
1886 879 1908 909 f.
1928 878 1983 915 (in
2002 878 2120 914 quibus

312 1006 426 1059 tare]
476 1004 670 1058 Quicquid
693 1007 761 1052 sit,
784 1004 909 1044 multo
933 1002 1062 1041 minus
1086 1014 1189 1041 com-

311 1063 467 1115 probari
481 1065 615 1114 potest
628 1062 805 1102 eiusdem
820 1059 974 1100 Heinsii
987 1060 1191 1110 ingeniosa

314 1120 490 1170 quamvis
504 1121 725 1159 coniectura
738 1117 987 1158 exesitatusi.
998 1129 1032 1154 e.
1048 1115 1190 1166 opibus

314 1177 514 1220 contritus,
532 1176 760 1215 exhaustus
787 1174 876 1221 Quo
897 1175 1006 1224 putat
1025 1172 1191 1222 apertio-

312 1246 394 1272 rem
429 1231 540 1272 reddi
577 1245 781 1280 caussam,
818 1245 884 1270 cur
908 1242 955 1267 se
981 1228 1190 1267 latrociniis

313 1289 521 1335 addixerit,
558 1302 701 1341 nempe
738 1289 827 1339 quia
863 1287 912 1325 iis
942 1286 1062 1324 rebus
1087 1285 1192 1323 bona

313 1345 578 1397 abligurrierat
592 1350 631 1384 et
645 1345 696 1385 ad
709 1345 878 1396 inopiam
894 1342 1078 1381 redactus
1097 1344 1191 1380 erat.

313 1402 462 1440 Verum
483 1403 538 1443 ,οό
564 1403 611 1442 id
636 1400 752 1440 facile
775 1399 973 1450 intelligas
998 1399 1192 1449 pertinere

313 1458 365 1497 ad
395 1458 590 1509 ingenium
622 1459 727 1503 eius,
760 1457 810 1495 ob
841 1456 946 1507 quod
976 1454 1120 1493 talibus
1144 1467 1191 1492 se

313 1515 554 1565 adiungebat
566 1515 805 1560 hominibus,
830 1525 916 1552 cum
931 1511 1072 1562 quibus
1086 1524 1191 1549 scor-

314 1572 384 1610 tari
399 1575 437 1609 et
451 1576 587 1622 potare
598 1573 769 1623 poterat,
795 1570 888 1608 licet
900 1569 998 1607 satis
1011 1567 1193 1619 locuples

316 1631 356 1666 et
391 1628 551 1678 privatis
589 1629 730 1678 opibus
767 1630 806 1664 et
840 1637 1001 1664 munere
1036 1623 1192 1675 publico

314 1688 506 1730 maneret,
532 1689 573 1723 et
595 1683 685 1723 ideo
711 1683 827 1721 etiam
853 1681 1004 1720 eximia
1027 1694 1194 1719 munera

309 1741 561 1793 parentibus
614 1739 792 1779 Charites
839 1739 991 1776 mittere
1038 1740 1192 1787 posset.

315 1797 582 1837 Exercitatus
611 1799 741 1834 autem
777 1795 914 1833 dicitur
949 1793 1068 1832 homo
1101 1806 1194 1843 qua-

315 1865 469 1903 cunque
494 1862 554 1898 re,
580 1866 696 1903 quam
716 1851 941 1902 frequenter
959 1851 1050 1900 agit,
1076 1849 1194 1887 etiam

313 1909 502 1961 pessima.
540 1909 588 1949 cf.
614 1908 714 1947 Prie.
740 1908 791 1947 ad
815 1907 852 1946 h.
878 1906 905 1946 l.
938 1910 977 1944 et
1000 1905 1098 1944 Met.
1124 1903 1193 1944 IX.

312 1980 351 2019 p.
368 1969 461 2006 663.
487 1971 526 2005 et
542 1966 679 2006 multis
697 1969 791 2004 ante
805 1964 981 2016 flagitiis
999 1962 1195 2001 similibus

315 2022 624 2063 exercitatus
639 2034 873 2073 percussor.
897 2017 1192 2059 Sa11.B.Cat.6.

314 2079 430 2119 Huic
461 2078 514 2118 ab
546 2077 829 2118 adolescentia
855 2075 963 2115 bella
988 2076 1193 2121 intestina,

316 2135 479 2180 caedes,
495 2135 679 2187 rapinae
754 2138 881 2186 yrata
891 2134 1023 2182 fuere.
1050 2131 1193 2184 Ibique

312 2193 556 2231 iuventutem
567 2204 679 2231 suam
693 2204 752 2230 ea:
760 2204 809 2229 er
817 2203 867 2229 ee
877 2189 899 2228 b
909 2203 934 2228 a
943 2193 968 2227 t.
985 2187 1062 2228 Cic.
1078 2187 1190 2226 Catil.

314 2247 359 2287 ll.
376 2252 412 2288 5.
427 2247 623 2288 scelerum
636 2252 675 2286 et
686 2251 926 2297 stuprorum
949 2258 1066 2284 emer
1075 2246 1119 2285 ci
1127 2249 1190 2284 ta-

315 2306 448 2344 tione
473 2304 754 2356 adsuefactus.

371 2374 514 2400 manus
527 2361 718 2412 insectus.
754 2357 1033 2397 Duriusculum
1047 2357 1125 2396 hoc
1139 2358 1189 2396 ei-

314 2417 405 2456 dem
418 2416 583 2456 Heinsio
598 2416 813 2461 videbatur,
834 2427 953 2465 quare
966 2415 1099 2465 reponi
1113 2427 1192 2452 ma-

313 2472 423 2513 lebat
446 2487 617 2512 manum.
643 2471 687 2511 ld
711 2472 746 2510 si
771 2471 957 2522 scriptum
983 2469 1190 2521 legeretur,

312 2544 388 2570 non
402 2529 629 2568 mutandum
653 2531 777 2574 esset,
803 2541 904 2566 nunc
920 2540 1014 2565 vero
1028 2528 1191 2566 retinen-

313 2587 406 2626 dum
419 2590 483 2625 est
493 2599 646 2626 ηιαηιιε.
662 2584 756 2637 [Cur
764 2598 857 2622 vero
868 2582 970 2623 Oud.
980 2583 1189 2622 addiderit:

313 2642 430 2683 aliam
467 2655 562 2681 esse
598 2641 947 2694 pronuntiationem
984 2643 1024 2678 et
1054 2653 1195 2679 sonum

312 2700 526 2738 accusativi
541 2697 704 2751 pluralis
717 2699 754 2737 iu
769 2712 825 2744 us,
841 2696 955 2734 aliam
971 2696 1195 2735 nominativi

314 2756 542 2807 singularis,
568 2754 673 2805 quod
698 2767 748 2793 ex
771 2753 956 2805 syllabae
982 2755 1196 2804 quantitate

314 2816 461 2863 pateat,
477 2812 568 2851 coll.
577 2811 691 2850 Ovid.
701 2811 791 2849 Am.
801 2808 864 2848 111.
874 2813 910 2850 8.
921 2813 986 2850 22.
1003 2810 1195 2849 Forsitan

316 2874 354 2907 et
392 2870 550 2920 quoties
586 2868 785 2907 hominem
814 2867 1083 2918 iugulaverit,
1121 2867 1195 2905 iste

318 2924 498 2969 Indicet,
524 2925 603 2964 lzoe
620 2927 759 2977 fassas
788 2928 938 2975 tauyas
963 2936 1087 2962 avare
1115 2937 1194 2963 ma-

317 2995 414 3025 nus,
440 2982 503 3018 vix
518 2981 642 3031 capio.
669 2979 905 3019 Subtiliores
920 2992 1034 3029 quam
1049 2978 1194 3018 Roma-

317 3050 452 3074 norum
466 3050 581 3075 aures
590 3037 767 3075 videntur
781 3036 906 3074 fuisse
914 3035 1076 3075 Heinsii.
1092 3035 1195 3074 Nam

317 3093 353 3131 si
378 3091 480 3130 hanc
503 3094 814 3132 terminationem
838 3092 900 3131 bis
925 3105 972 3131 se
996 3091 1195 3143 excipien-

319 3153 416 3193 tem,
443 3161 559 3199 quam
582 3150 718 3188 merito
742 3149 922 3202 probavit
947 3153 987 3188 et
1010 3148 1197 3201 explicuit

1247 1001 1482 1047 Beroaldus,
1507 1015 1559 1040 ex
1582 1001 1761 1040 omnibus
1779 1000 2035 1052 scriptoribus
2055 1012 2122 1038 ex-

1247 1058 1399 1109 pellere
1424 1058 1643 1105 vellemus,
1668 1062 1836 1109 quantus
1862 1057 1972 1096 labor
1995 1059 2122 1102 esset,

1249 1118 1393 1166 quanta
1417 1115 1616 1168 insania‘3]

1305 1171 1434 1223 idque
1448 1174 1483 1211 si
1486 1187 1508 1212 c
1521 1176 1611 1211 erat
1622 1173 1786 1224 etfama
1801 1170 1975 1210 dicebat.
2008 1168 2121 1208 com-

1248 1241 1403 1266 munem
1429 1228 1636 1267 lectionem
1660 1241 1733 1266 nec
1757 1240 1844 1266 eam
1869 1228 2057 1278 ineptam,
2081 1229 2124 1264 ut

1249 1284 1337 1336 ipse
1362 1284 1503 1323 fatetur
1526 1283 1732 1329 Pricaeus,
1763 1287 1900 1335 putant
1928 1287 2058 1321 tamen
2084 1283 2120 1321 in

1249 1341 1453 1379 meliorem
1504 1342 1642 1380 mutari
1697 1354 1819 1391 posse
1872 1339 2120 1390 refingendo:

1251 1397 1371 1449 Isque
1390 1399 1450 1437 sie
1468 1402 1559 1436 erat
1570 1402 1609 1437 et
1617 1400 1733 1449 samo.
1752 1397 1978 1436 dicebatur.
2004 1394 2121 1434 Hein-

1250 1455 1333 1492 sius
1349 1453 1410 1491 vel
1423 1452 1628 1504 glossema
1642 1466 1736 1492 csse
1749 1453 1812 1491 vel
1832 1451 2122 1491 rescribendum

1250 1510 1392 1548 ibidem
1407 1510 1651 1561 opinabatur:
1677 1511 1792 1562 isque
1812 1510 1879 1549 Ιιίο
1892 1513 1997 1554 erat,
2021 1513 2065 1548 ut
2085 1512 2125 1547 et

1248 1570 1364 1619 fama
1390 1566 1616 1606 dicebatur.
1652 1566 1770 1605 Alius
1793 1567 1848 1604 vir·
1873 1565 2014 1603 doctus
2034 1577 2123 1602 con-

1252 1624 1356 1662 iecit:
1384 1622 1519 1675 quue
1545 1624 1604 1662 sie
1629 1627 1736 1667 erat,
1760 1625 1931 1674 utfama
1946 1620 2123 1666 dicebat,

1251 1681 1338 1718 sive
1363 1683 1403 1718 et
1426 1679 1460 1717 is
1485 1679 1539 1718 ita
1563 1679 1737 1724 vivebat,
1762 1679 1821 1717 sic
1835 1679 1911 1716 vita
1925 1678 2010 1716 eius
2025 1680 2123 1725 erat;

1252 1735 1356 1774 Oud.
1387 1748 1497 1774 vero:
1530 1736 1658 1788 idque
1680 1736 1788 1775 sieut
1811 1739 1916 1780 erat,
1947 1738 1987 1773 et
2006 1735 2125 1785 fama

1252 1792 1436 1838 (licebat,
1473 1792 1654 1837 coniecit,
1697 1792 1761 1842 qui
1804 1795 1932 1830 tamen
1970 1789 2124 1836 fatetur,

1251 1852 1356 1887 certe
1393 1853 1432 1887 et
1462 1851 1580 1900 fama
1611 1848 1777 1888 dicabat
1800 1862 1874 1886 non
1899 1847 2125 1885 mutandum

1251 1918 1347 1943 esse
1372 1904 1394 1943 i.
1409 1918 1444 1943 e.
1468 1905 1701 1950 testabatur,
1727 1919 1844 1955 quum
1859 1903 1962 1942 dicat
1979 1907 2125 1948 auctor,

1252 1974 1341 1999 eum
1365 1960 1433 1999 tali
1458 1960 1537 1998 vita
1562 1960 1689 1999 fuisse<
1703 1974 1777 2000 nec
1795 1961 1911 1999 tacite
1928 1959 1992 1997 vel
2011 1959 2123 2006 clam,

1252 2017 1327 2056 sed
1363 2021 1403 2055 et
1432 2017 1545 2055 istius
1576 2017 1692 2055 vitam
1721 2021 1874 2069 turpem
1899 2016 2047 2055 civibus
2071 2016 2124 2056 in·

1252 2074 1428 2113 notuisse
1459 2072 1548 2112 coll.
1581 2074 1668 2112 dict.
1699 2073 1748 2112 ad
1781 2074 1890 2112 Suet.
1917 2071 2034 2112 Caes.
2059 2076 2123 2113 33.

1247 2134 1366 2184 fama
1390 2130 1561 2170 distulit.
1589 2128 1693 2182 [Ego
1707 2130 1905 2181 vulgatam
1918 2128 2124 2167 lectionem

1249 2190 1386 2238 utpote
1401 2187 1542 2224 ceteris
1555 2186 1757 2225 meliorem
1770 2186 1919 2225 retinui.
1943 2185 2008 2224 Do
2022 2185 2125 2225 locu-

1249 2245 1355 2282 tione
1376 2246 1494 2296 fama
1520 2243 1685 2282 dic-'ebat
1711 2243 1759 2282 cs.
1784 2242 1942 2282 Ruhnk.
1957 2242 2062 2284 Dict.
2075 2242 2125 2281 ad

1249 2299 1364 2339 ovid.
1390 2299 1549 2338 Heroid.
1577 2312 1613 2350 p.
1646 2299 1760 2352 115.]

1306 2355 1396 2396 CAr.
1410 2355 1454 2394 ll.
1476 2357 1690 2408 petitionis
1703 2357 1787 2396 eius
1799 2370 1941 2395 mamis
1955 2355 2125 2395 obierat.

1249 2413 1353 2453 Oud.
1385 2413 1484 2451 haec
1509 2412 1629 2451 verba
1652 2412 1840 2463 explicat:
1871 2414 1956 2451 sive
1986 2425 2126 2450 munus

1249 2469 1446 2509 ambiendi
1471 2473 1511 2507 et
1533 2468 1692 2520 petendi
1705 2483 1791 2510 eam
1808 2468 2026 2514 Charitem,
2051 2481 2126 2507 non

1248 2526 1469 2577 refragatus
1493 2529 1636 2571 tamen,
1660 2527 1695 2564 si
1719 2525 1886 2564 idoneus
1910 2525 2038 2565 codex
2061 2525 2127 2563 ab·

1250 2584 1383 2622 iicet-et
1418 2595 1650 2635 pronomen,
1695 2582 1800 2632 quod
1838 2595 1925 2620 cum
1959 2581 2126 2620 Heinsio

1252 2638 1402 2679 mavult
1419 2638 1572 2684 delere,
1597 2651 1713 2690 quam
1727 2652 1813 2676 cum
1833 2638 1974 2677 eodem
1994 2637 2129 2689 legere

1248 2697 1443 2748 petitoris
1462 2697 1556 2735 eius.
1583 2694 1670 2746 Ego
1685 2707 1867 2733 caussam
1881 2709 1947 2734 cur
1959 2695 2126 2734 vocabu-

1254 2753 1332 2791 lum
1356 2752 1578 2796 rciicerem,
1603 2766 1677 2790 non
1703 2750 1790 2789 vidi.

1311 2810 1457 2849 ceteris
1482 2808 1663 2848 omnibus
1687 2808 1734 2846 id
1755 2821 1886 2859 yemis
1910 2808 2017 2847 viris.
2064 2806 2126 2846 In-

1253 2870 1386 2917 eptam
1411 2865 1617 2904 lectionem
1644 2865 1678 2904 is
1701 2877 1852 2916 yenere
1875 2864 1983 2909 viris,
2009 2876 2126 2914 quam

1252 2922 1400 2973 primus
1425 2922 1577 2960 intrusit
1594 2919 1721 2965 Colv.,
1746 2920 1862 2958 miror
1879 2933 2028 2971 aseqq.
2048 2919 2127 2958 edi—

1252 2979 1402 3017 toribus
1438 2983 1585 3017 temere
1619 2990 1715 3016 esse
1749 2980 1963 3027 receptam,
1998 2989 2128 3028 neque

1252 3035 1418 3087 priorem
1478 3034 1815 3085 elegantissimam
1876 3034 1922 3072 id
1984 3046 2126 3086 yenuS,

1253 3092 1304 3130 ab
1333 3091 1414 3130 ullo
1440 3095 1594 3142 praeter
1619 3090 1721 3128 Oud.
1759 3102 1854 3127 esse
1878 3090 2127 3135 vindicatam,

1254 3148 1326 3187 nisi
1352 3147 1457 3199 quod
1483 3147 1754 3198 Sopingiusjn
1782 3145 1889 3187 (¹01v.
1910 3147 1984 3188 Ed.
2007 3158 2130 3196 marg.
