2155 3590
768 89 797 128 C
822 90 854 128 A
882 88 914 128 Ρ
942 89 975 128 U
1000 89 1033 128 T
1115 86 1188 128 ΙΙΙ.
1775 102 1876 128 Lxxx

86 204 223 244 eadem
250 205 284 242 in
311 204 483 254 margine
508 203 712 242 emendate
737 203 1019 255 diligenterque
1044 202 1284 254 conscripsit.
1345 201 1533 240 Fortasse
1558 201 1645 241 171170
1669 203 1790 254 petita
1815 207 1877 241 est

85 260 299 299 emendatio
332 260 565 299 Graecorum
598 261 819 307 verborum,
857 274 970 311 quam
1003 259 1209 310 Excerptis
1240 258 1323 296 suis
1360 257 1568 309 adscripsit
1596 258 1875 310 Lindenbrog.‚

84 331 171 370 pag.
204 317 278 355 hui.
312 316 383 355 Ed.
415 321 524 362 536.‚
551 330 586 356 a.
615 317 769 367 sibique
799 317 956 368 arripuit
986 316 1161 355 Elmenh.
1221 314 1431 353 Praeterea
1459 315 1698 366 reperiuntur
1733 315 1768 353 in
1802 315 1877 354 hoc

85 373 178 413 Cod.
196 371 581 424 Metamorplmseon
606 387 672 412 seu
698 374 749 412 de
775 375 889 412 asino
914 388 1039 413 anreo
1059 373 1178 412 Libri
1194 369 1287 416 XL,
1314 384 1398 409 cum
1418 371 1556 410 eadem
1577 372 1875 424 subscriptione,

82 435 199 481 atque
230 431 265 467 in
292 429 459 468 Florent.
491 431 636 481 priore,
668 430 702 467 in
730 430 837 468 ealce
862 430 1098 480 singulorum
1126 430 1322 472 librorum,
1353 430 1529 479 exceptis
1554 427 1673 465 Libro
1700 428 1728 468 l.
1758 436 1797 466 et
1821 429 1876 466 ul-

81 489 186 525 timo.
246 486 285 524 ln
312 486 419 524 calce
445 499 535 523 v·e10
563 485 608 525 L.
636 485 702 524 lX.
729 487 797 524 ita.
824 487 915 534 Ego
941 487 1159 526 Sallustius
1186 485 1268 537 leyi
1293 490 1331 523 et
1354 485 1562 523 emendavi
1588 485 1744 523 Romae
1765 487 1876 536 felix

84 544 222 583 Olibio
257 548 295 581 et
326 543 512 581 Ρ7017Ῐ770
545 543 586 581 V.
628 540 671 581 C.
703 541 820 581 Cous.
860 545 901 581 in
935 546 1035 595 fmo
1070 541 1222 582 Martis
1258 555 1402 581 causas
1437 541 1672 579 declamans
1704 541 1877 581 Oratori

82 599 345 639 Endeleehio.
418 600 574 638 Rursus
608 597 971 652 Constantinopoli
1000 600 1224 652 70000770ιὶ
1258 595 1454 637 Caesario
1485 602 1524 635 et
1551 595 1702 636 Attico
1737 594 1875 636 Conss.

80 656 255 694 Tandem
288 657 455 694 continet
486 656 599 692 etiam
631 655 870 694 Floridouun
903 655 1058 694 Libros.
1120 655 1159 694 In
1191 655 1377 706 principio
1411 652 1566 691 Codicis
1605 652 1701 691 llaec
1738 655 1877 703 legitur

78 712 225 751 notula:
264 712 327 750 De
358 710 457 751 XII.
497 713 626 751 banco
663 727 716 751 ex·
749 718 870 764 parte
908 713 1143 751 occidentis.
1207 708 1420 750 Cornelius
1456 711 1623 750 Tacitus
1660 714 1699 748 et
1735 712 1877 762 Opera

78 769 257 821 Apulei-i
287 773 358 807 etc.
423 766 651 807 Conventus
684 769 723 807 S.
755 767 897 808 Marci
928 770 979 807 de
1014 770 1223 808 Florentia
1250 768 1421 806 Ordinis
1451 765 1799 806 Praedia-ntorum
1824 768 1876 805 de

78 826 302 865 hereditate
328 826 498 864 Nicolai
522 825 664 864 Nic-oli.
691 826 918 864 Florentini
949 827 1023 864 viri
1048 826 1282 864 doctissimi.
1344 824 1414 861 Est
1439 824 1500 862 hic
1526 822 1620 861 Cod.
1647 822 1812 861 Membr.
1839 825 1874 861 in

77 882 143 922 fol.
175 895 279 921 saec.
312 881 379 920 Xl.
413 882 635 921 charactere
665 882 981 933 LongobardicO,
1013 895 1179 932 eumque
1209 881 1473 919 admirabilem
1507 879 1690 918 codicem
1722 879 1795 918 dici
1827 881 1875 918 ab

77 937 284 977 Holstenio
310 940 343 977 in
370 939 528 977 schedis
544 938 664 977 MSS.
691 943 855 977 testatur
881 939 968 977 ibid.
983 939 1146 977 Bandin.
1191 938 1354 976 Videtur
1379 950 1472 974 esse
1497 937 1617 982 idem,
1644 949 1759 987 quem
1783 935 1878 974 vidit

74 995 231 1034 Burnet.
263 994 427 1034 itinerar.
459 1009 494 1047 p.
528 1000 615 1036 138.
647 994 718 1034 Ed.
745 995 858 1046 Belg.
892 997 955 1045 qui
982 1000 1103 1039 notat,
1136 995 1170 1032 in
1203 995 1278 1032 hoc
1303 994 1396 1032 Cod.
1429 993 1639 1044 aliquoties
1670 993 1876 1044 diphthon-

76 1066 208 1104 ἔοι-77177
246 1052 343 1090 duas
380 1052 541 1090 vocales
573 1053 606 1089 in
637 1066 749 1090 unam
784 1052 929 1090 literam
957 1065 1050 1089 0550
1075 1055 1311 1095 contractas,
1350 1064 1464 1101 quem
1501 1049 1694 1088 scribendi
1731 1063 1877 1087 morem

74 1123 148 1147 non
176 1109 274 1146 adeo
301 1109 495 1160 antiquum
523 1122 615 1146 esse
640 1110 811 1160 putabat
871 1108 1012 1159 Neque
1037 1113 1164 1147 tamen
1190 1108 1252 1146 hic
1277 1120 1370 1145 esse
1396 1110 1530 1158 potest
1555 1106 1648 1145 Cod.
1675 1105 1724 1144 D.
1753 1106 1877 1145 Marci

74 1179 188 1217 quem
221 1165 351 1203 laudat
379 1165 641 1215 Lindenbrog.
674 1166 762 1215 quia
794 1179 867 1202 non
901 1165 1019 1203 habet
1050 1165 1158 1202 Libr.
1188 1165 1237 1201 de
1262 1162 1530 1214 Dogn1.Plat.
1591 1163 1674 1201 Sed
1703 1163 1878 1201 videntur

72 1223 201 1261 variae
229 1222 416 1259 lectiones
443 1235 463 1259 a
484 1207 772 1272 Lindenbrogio
799 1235 821 1259 e
847 1221 908 1259 div
913 1222 1012 1258 ersis
1028 1220 1150 1259 Codd.
1168 1220 1340 1259 Fun-‚ent
1366 1233 1460 1257 esse
1484 1223 1652 1258 notatae.
1685 1219 1877 1271 Apparuit

72 1284 199 1317 autem
225 1279 314 1316 mihi
336 1292 357 1315 e
375 1277 647 1327 Lindenbrogii
675 1279 888 1328 excerptis.
915 1291 1000 1315 011177
1017 1268 1393 1328 Metamorphoseon
1420 1275 1715 1314 etFloridorum
1744 1276 1876 1321 libros,

72 1337 241 1386 itemque
269 1335 520 1386 Apologiam,
547 1348 630 1373 cum
659 1339 682 1376 2
710 1335 830 1373 MSS.
856 1334 1109 1380 Florentinis,
1136 1333 1285 1385 reliqua
1310 1346 1402 1371 vero
1431 1346 1549 1384 opera
1575 1346 1658 1370 eum
1684 1347 1759 1372 uno
1786 1332 1877 1371 Flo-

69 1393 215 1431 rentino
241 1390 465 1430 contulisse.

183 1471 318 1522 ltaque
343 1485 417 1509 non
444 1472 545 1510 clare
570 1476 750 1523 apparet,
781 1471 934 1522 quinam
959 1471 1035 1508 sint
1062 1469 1183 1509 Codd.
1215 1469 1447 1513 Flore—utini,
1480 1482 1639 1519 quorum
1671 1470 1800 1507 variae
1826 1469 1876 1507 10-

73 1529 223 1567 01101705
254 1529 302 1566 ab
328 1527 618 1567 Elmenlrorstio
645 1533 683 1565 et
708 1528 998 1577 Lindenbrogio
1027 1528 1203 1565 citantur:
1237 1540 1321 1565 nam
1349 1525 1573 1578 complures
1598 1530 1755 1564 exstant
1785 1525 1875 1563 Flo·

71 1586 216 1624 tentiae
246 1585 416 1624 auctoris
448 1587 567 1624 nostri
604 1586 780 1623 Codices.
842 1583 1002 1622 Praeter
1033 1585 1106 1621 iam
1132 1587 1388 1625 memoratos,
1420 1583 1455 1621 in
1483 1581 1621 1621 Pluteo
1648 1581 1875 1621 LXXXIV.

71 1656 94 1680 a
117 1642 308 1681 Bandinio
341 1640 462 1680 fatal.
497 1641 542 1682 T.
568 1642 630 1681 lll.
663 1656 700 1693 p.
729 1646 819 1682 254.
855 1641 1029 1679 laudatur
1062 1640 1155 1679 sod.
1184 1639 1330 1679 XXlV.
1362 1640 1480 1677 mirae
1512 1639 1807 1691 pulchritudinis
1839 1641 1874 1678 in

72 1699 137 1737 sol.
168 1712 275 1737 saec.
308 1697 398 1737 XV.
431 1714 506 1750 quo
533 1699 772 1738 continentur
797 1699 849 1736 de
879 1698 966 1737 Deo
996 1698 1199 1741 Socratis,
1227 1697 1527 1749 Trismeqistns,
1559 1696 1611 1734 de
1635 1696 1876 1736 habitudine

72 1757 342 1808 doctrinaque
374 1761 411 1794 et
441 1757 651 1795 naticitaie
676 1754 862 1794 Platonis
889 1754 1132 1806 philosophi
1162 1754 1284 1792 liber
1308 1753 1526 1798 szcwzdas,
1559 1753 1611 1791 de
1636 1753 1875 1793 habitudine

71 1813 344 1865 doctrinaque
372 1810 558 1851 Platonis
594 1813 714 1851 1ἰύον
744 1811 844 1857 Ill„
877 1809 1265 1862 Aletamorphoseon
1300 1810 1417 1848 Libri
1448 1807 1525 1849 XL
1586 1809 1698 1847 Alius
1730 1810 1876 1860 optime

70 1874 266 1915 servatus,
292 1882 397 1907 saec
413 1868 503 1907 XV.
526 1870 560 1907 in
587 1870 695 1908 cuius
720 1870 868 1920 prima(
893 1869 1059 1918 paginae
1085 1867 1210 1905 intimo
1236 1881 1283 1904 nu
1287 1867 1409 1914 7101770
1429 1866 1582 1916 legitur:
1609 1865 1739 1905 Dalla
1758 1863 1874 1905 Com-

70 1927 221 1965 mnnita
247 1926 292 1965 di
319 1926 359 1965 S.
390 1927 657 1978 Gimiynano,
684 1928 852 1964 continet
878 1923 1136 1975 Meta.morplr
1164 1923 1276 1962 Libb.
1304 1908 1369 1961 Xl.
1397 1921 1640 1961 Floridorum
1667 1921 1781 1960 Libb.
1806 1922 1873 1961 lV.

69 1996 153 2020 cum
179 1982 342 2021 scholiis
368 1982 643 2032 marginalibus
670 1987 707 2021 et
732 1981 1052 2019 interlinearibus.
1115 1979 1154 2018 ln
1181 1981 1252 2017 line
1278 1980 1429 2017 rubrica
1456 1983 1645 2017 notatum:
1681 1979 1876 2032 Explicit

69 2040 195 2078 Liber
240 2044 406 2090 quartus
446 2039 705 2078 Floridornm
742 2037 919 2089 Apuleii
956 2035 1164 2076 Platonici
1206 2036 1428 2087 completas
1470 2036 1538 2074 die
1577 2034 1743 2075 XXVI.
1782 2034 1872 2075 Ian.

68 2092 431 2134 MCCCCXXII.
465 2095 568 2133 hora
600 2093 716 2135 XVI.
778 2093 875 2132 Tum
907 2094 1057 2132 additur
1088 2093 1203 2131 index
1236 2094 1421 2144 capitum,
1459 2105 1561 2143 quae
1595 2097 1874 2144 pertractantur

70 2152 105 2189 in
142 2155 167 2191 2
192 2150 313 2189 Oratt.
345 2152 394 2188 de
420 2150 562 2201 Magia.
592 2152 639 2189 V.
664 2151 828 2190 Bandin.
856 2151 904 2188 ib.
933 2165 967 2202 p.
995 2154 1087 2191 681.
1147 2150 1277 2187 Alium
1304 2148 1566 2187 Florentinum
1592 2149 1749 2200 Apuleii
1781 2149 1872 2188 MS.

69 2221 188 2258 supra
213 2221 328 2258 quam
353 2207 427 2245 dici
452 2209 579 2258 1705511
605 2208 937 2257 elegantissimum
963 2212 1001 2245 et
1027 2207 1312 2245 ornatissimum
1338 2209 1454 2244 vocat
1476 2205 1639 2243 Bandin.
1657 2205 1702 2244 T.
1718 2205 1762 2244 II.
1782 2220 1818 2258 p.
1835 2211 1871 2246 5.

70 2263 162 2302 Cod.
190 2268 252 2302 est
276 2265 433 2302 membr.
460 2265 494 2302 in
523 2264 586 2302 fol.
614 2278 719 2303 saec.
746 2264 834 2302 XV.
861 2264 1129 2315 complectens
1158 2262 1406 2314 Asclepium,
1432 2262 1482 2299 (le
1508 2262 1651 2313 Dogm.
1677 2261 1795 2308 Plat..
1822 2263 1872 2301 de

67 2320 234 2366 Mundo,
261 2320 538 2371 Metamorph..
565 2322 736 2372 Apolog.
764 2325 802 2358 et
816 2320 959 2360 Florid.
990 2321 1105 2359 Alios
1132 2320 1218 2358 vide
1243 2319 1347 2371 apud
1373 2319 1535 2358 Bandin.
1557 2319 1645 2358 ibid.
1660 2320 1706 2373 [et
1726 2333 1760 2370 p.
1778 2323 1871 2360 529.

67 2382 106 2416 et
131 2377 178 2416 Τ.
203 2376 264 2416 Ill.
291 2390 328 2428 p.
357 2381 448 2418 107.
475 2382 513 2415 01
539 2377 582 2416 Τ.
610 2377 675 2416 lV.
703 2393 739 2430 p.
770 2382 860 2418 177.

180 2470 221 2516 2)
253 2467 342 2506 MS.
375 2466 731 2513 LIPSIANUS,
764 2469 814 2506 ita
840 2468 964 2506 dictus
991 2469 1039 2506 ab
1066 2481 1131 2512 00,
1163 2467 1226 2518 qui
1253 2468 1462 2518 praecipue
1487 2466 1588 2504 hunc
1614 2465 1795 2506 Codicem
1823 2468 1872 2506 ad

68 2523 276 2576 Apuleium
313 2524 580 2574 castigandum
617 2525 810 2570 adhibuit,
849 2524 954 2563 lusto
994 2524 1143 2575 Lipsio.
1210 2524 1431 2575 Acceperat
1469 2523 1502 2560 is
1540 2537 1627 2561 eum
1658 2537 1681 2561 a
1711 2524 1871 2562 Victore

67 2581 263 2627 Giselino,
301 2595 323 2619 a
355 2595 430 2632 quo
462 2582 536 2618 iam
569 2587 682 2619 antea
714 2595 799 2619 017777
831 2595 902 2619 5110
927 2582 1012 2619 175111
1039 2582 1312 2632 impetraverat
1338 2580 1559 2619 Groslotius
1590 2579 1794 2625 Lislaeus,
1831 2585 1872 2620 ut

66 2637 179 2675 didici
202 2651 250 2675 ex
271 2637 422 2676 Gruteri
444 2637 740 2688 Suspicionibus
761 2638 875 2676 editis
894 2652 1013 2689 supra
1038 2652 1073 2688 p.
1100 2642 1193 2677 426.
1238 2636 1312 2676 Est
1331 2638 1461 2688 itaque
1486 2642 1559 2675 ret.
1575 2637 1668 2675 cod.
1687 2637 1869 2684 Giselini,

67 2694 130 2745 qui
152 2698 310 2732 vocatur
334 2695 383 2732 ad
403 2693 498 2732 Met.
516 2694 559 2732 L.
575 2693 622 2732 X.
650 2708 687 2746 p.
703 2699 815 2740 748„
841 2695 875 2733 17.
902 2695 1003 2732 idem
1029 2709 1074 2733 ac
1095 2692 1196 2733 Cod.
1216 2693 1445 2745 Lipsianus.
1482 2691 1646 2731 Collatio
1669 2693 1868 2741 Groslotii,

66 2754 222 2788 enotata
249 2751 284 2788 in
312 2764 427 2794 mam.
444 2749 544 2789 alius
565 2751 798 2803 exemplaris
820 2751 969 2797 Aldini,
991 2751 1092 2802 quod
1116 2751 1249 2789 hahuit
1268 2750 1449 2788 Oudend.
1472 2754 1510 2787 et
1528 2754 1701 2788 1717170051
1716 2752 1750 2789 in
1766 2750 1868 2790 Bibl.

64 2807 191 2857 Lugd.
218 2804 303 2846 Bat.
330 2806 417 2845 Non
445 2807 555 2857 igitur
579 2807 640 2846 hic
666 2813 727 2846 est
751 2809 850 2846 alius
878 2807 970 2846 Cod.
997 2812 1037 2846 ut
1057 2812 1220 2858 putasse
1244 2807 1393 2844 videtur
1411 2806 1566 2844 Ruhnk.
1588 2807 1711 2857 praef.
1735 2822 1772 2859 p.
1798 2807 1866 2847 IX.

66 2865 169 2902 Ante
195 2863 410 2902 Giselinum
436 2864 618 2915 possedit
643 2878 730 2903 eum
756 2864 887 2903 Lucas
919 2864 1128 2903 Fruterius.
1191 2863 1369 2902 Continet
1398 2862 1765 2914 Metamorphoses,
1804 2878 1867 2903 ex-

65 2920 190 2972 ceptis
204 2921 250 2957 iis
277 2934 378 2971 quae
397 2921 444 2958 de
458 2919 620 2972 Psyche
638 2920 682 2959 L.
698 2920 763 2959 lv.
778 2921 825 2959 V.
841 2926 880 2960 et
894 2920 956 2960 Vl.
971 2925 1186 2966 narrantur,
1207 2920 1367 2959 Florida
1379 2920 1680 2971 etApologiam.
1706 2920 1867 2972 Lipsius

64 2977 164 3016 hunc
197 2975 291 3015 Cod.
323 2977 582 3016 commodavit
613 2976 764 3024 Calvio,
803 2979 865 3028 qui
897 2979 1008 3016 nimis
1040 2983 1187 3016 temere
1210 2990 1481 3027 nonnunquam
1507 2978 1590 3015 eius
1619 2977 1804 3016 lectiones
1831 2979 1866 3016 in

65 3037 283 3072 contextum
321 3035 541 3085 recepisse,
577 3035 746 3085 arguitur
787 3049 810 3073 a
843 3034 1003 3073 Pricaeo
1042 3035 1091 3074 ad
1122 3034 1219 3073 Met.
1251 3047 1369 3084 supra
1400 3047 1438 3085 p.
1469 3037 1579 3079 36⁵3„
1604 3035 1644 3073 b.
1705 3034 1865 3086 Lipsius

63 3088 152 3142 ipse
187 3091 314 3129 varias
354 3090 540 3129 lectiones
578 3091 735 3141 margini
767 3090 839 3130 Ed.
871 3091 965 3130 Bas.
997 3092 1224 3142 adscripsit,
1262 3093 1300 3128 et
1331 3090 1505 3129 eiusdem
1540 3089 1695 3130 Codicis
1726 3105 1774 3131 ea
1805 3095 1866 3129 est
