2155 3590
533 132 722 183 LIBER
751 132 824 181 lV.
890 132 1016 173 CAP.
1047 131 1192 173 XXX.
1222 131 1389 172 XXXI.
1783 131 1867 175 ,⁴289

80 247 267 300 fidemque
288 259 452 299 magnus
473 245 741 300 comprobavit
759 245 926 302 Iupiter,
955 247 1002 287 ob
1022 246 1207 288 eximiam
1232 244 1399 300 speciem
1426 243 1544 285 tantis
1570 244 1754 299 praetulit
1778 245 1868 285 dea-

78 303 165 352 bus.
214 301 294 342 Sed
319 316 397 342 non
422 302 519 354 adeo
545 303 720 356 gaudens
745 303 819 344 ista
845 317 1098 358 quaecunque
1124 309 1185 344 est
1207 316 1315 342 meos
1341 301 1511 342 honores
1536 301 1753 357 usurpabit.
1784 299 1868 347 Iam

80 359 174 412 faxo
201 358 314 410 huius
338 359 454 410 etiam
479 358 601 412 ipsius
625 358 784 400 illicitae
812 360 1071 401 formositatis
1097 359 1308 414 poeniteat.
1347 356 1402 398 Et
1413 364 1531 398 vocat
1549 357 1755 398 confestim
1776 371 1867 412 pue-

79 429 165 456 rum
194 429 327 466 suum,
362 415 561 468 pinnatum
593 415 702 455 illum
733 422 772 455 et
802 416 898 456 satis
929 416 1202 466 temerarium,
1235 414 1301 469 qui
1330 414 1443 454 malis
1468 413 1550 454 suis
1576 414 1749 454 moribus
1777 428 1868 453 con-

78 477 222 526 tempta
247 471 451 525 disciplina
474 471 648 525 publica,
676 471 840 512 flammis
866 480 905 513 et
929 473 1083 527 sagittis
1108 479 1304 522 armatus,
1332 484 1401 526 per
1419 470 1567 510 alienas
1594 471 1728 510 domus
1755 477 1869 510 nocte

76 527 324 576 discurrens,
352 535 391 573 et
416 527 586 574 omnium
611 529 862 572 matrimonia
888 543 1163 584 corrumpens,
1191 529 1347 583 impune
1372 527 1578 568 committit
1596 534 1706 568 tanta
1721 526 1871 580 flagitia

78 591 118 624 et
141 583 238 623 nihil
261 598 424 637 prorsus
451 587 539 624 soni
564 584 673 624 facit.
725 584 842 625 Hunc
868 598 1100 639 quamquam
1126 585 1298 640 genuina
1322 583 1482 624 licentia
1506 596 1712 637 procacem
1737 583 1869 623 verbis

77 653 228 693 quoque
252 640 414 694 insuper
437 640 632 690 stimulat,
660 647 699 681 et
723 640 925 698 perducit}
948 643 995 681 ad
1018 642 1125 682 illam
1152 642 1348 683 civitatem
1375 647 1414 680 et
1431 638 1625 695 Psychem
1653 639 1743 692 [hoc
1768 639 1869 679 enim
1895 648 1959 681 305

77 696 233 736 nomine
257 697 383 750 puella
409 697 728 751 nuncupabatur]
755 711 886 738 coram
913 699 1098 738 ostendit.

590 848 1032 894 CAPUT
1125 848 1355 894 XXXI.

189 978 243 1020 Et
263 986 344 1020 tota
358 979 425 1019 illa
448 980 598 1034 perlata
624 981 669 1020 de
696 979 952 1020 formositatis
979 980 1241 1021 aemulatione
1268 979 1414 1030 fabula,
1445 993 1604 1033 gemens
1630 991 1676 1018 ac
1704 978 1874 1019 fremens

77 1106 232 1152 Puppr‘ter
245 1109 280 1137 G.
295 1110 324 1137 2.
342 1107 379 1137 D.
427 1109 534 1145 specie
549 1107 587 1138 D.
601 1116 621 1138 a
636 1117 675 1138 m.
690 1118 720 1144 p.
767 1108 873 1137 audeo
888 1116 943 1143 pro
957 1106 1039 1135 adeo
1062 1107 1098 1136 D.
1113 1115 1134 1137 a
1149 1116 1188 1137 m.
1205 1117 1234 1145 p.
1256 1109 1312 1137 sed
1333 1109 1445 1137 eadem
1463 1115 1560 1136 manu
1580 1107 1690 1136 littera
1707 1115 1728 1135 u
1747 1107 1877 1136 videtur

77 1161 150 1182 esse
163 1158 338 1187 expuncta.
374 1153 554 1190 usurparit
566 1155 602 1183 F.
619 1157 645 1183 l.
661 1156 696 1183 G.
713 1156 740 1182 l.
755 1162 775 1182 a
788 1163 828 1183 m.
843 1162 872 1189 p.
887 1155 925 1181 D.
938 1155 975 1182 R.
992 1153 1013 1181 f.
1028 1161 1056 1187 p.
1070 1154 1105 1181 Ρ.
1120 1150 1148 1181 δ.
1164 1154 1212 1182 911.
1227 1162 1272 1187 pr.
1286 1154 1400 1182 Venet.
1416 1155 1444 1181 2.
1455 1175 1462 1189 ‚
1478 1153 1509 1180 in
1524 1160 1587 1186 qua
1600 1153 1716 1182 vitiose
1730 1150 1876 1180 usui-lm-

75 1198 125 1225 m't
138 1198 302 1234 scribitur,
318 1202 347 1228 et
362 1201 398 1227 G.
417 1200 461 1231 1..
487 1200 617 1232 quinon
632 1201 924 1235 restat-paneliabet,
941 1202 972 1225 ut
989 1198 1068 1226 oud.
1089 1199 1122 1225 in
1142 1198 1213 1226 suis
1233 1198 1395 1232 excerptis
1416 1198 1551 1226 invenit.
1600 1198 1704 1234 ipsius
1723 1199 1834 1225 exulat
1856 1203 1877 1225 a

76 1245 112 1284 G.
126 1245 157 1272 2.
172 1244 207 1272 P.
222 1245 260 1271 D.
307 1242 435 1271 illic-iae
447 1246 587 1273 Vulcan.
602 1246 651 1272 ed.
676 1243 787 1281 (Unde
807 1251 883 1273 vero
901 1244 985 1271 Elm.
1005 1243 1175 1271 lectionem
1195 1244 1231 1270 B.
1263 1241 1380 1270 licitae
1392 1244 1545 1271 sumserit
1557 1262 1565 1277 a
1592 1251 1656 1271 non
1670 1243 1875 1278 intelligitur,

77 1295 174 1322 quum
188 1288 220 1316 in
234 1295 307 1316 mea
319 1289 447 1328 quidem
459 1289 631 1318 collatione
643 1289 724 1317 nihil
738 1290 922 1317 adnotatum
937 1286 1007 1323 sit.)
1048 1286 1233 1323 poenitebit
1247 1285 1276 1317 δ.
1293 1288 1312 1316 f.
1346 1288 1525 1325 pinnatum
1535 1309 1542 1323 ‚
1568 1290 1651 1322 quod
1664 1288 1696 1316 in
1711 1287 1877 1316 nonnullis

76 1326 146 1362 edd.
161 1333 395 1362 recentioribus
409 1335 440 1362 in
451 1336 634 1370 pennatum
649 1335 859 1368 depravatum
874 1335 939 1368 est,
966 1333 999 1361 in
1017 1333 1166 1361 omnihus
1180 1333 1271 1361 codd.
1286 1337 1317 1361 et
1329 1334 1399 1362 edd.
1415 1337 1489 1361 vett.
1506 1333 1620 1367 reperi.
1668 1331 1801 1360 illatum
1821 1339 1877 1366 pro

75 1377 168 1406 illum
187 1386 217 1412 p.
266 1381 427 1406 contenta
447 1382 483 1408 G.
503 1380 532 1407 2.
554 1380 591 1407 D.
635 1377 814 1415 publicata
833 1380 868 1406 G.
881 1379 912 1406 2.
934 1379 968 1406 Ρ.
989 1379 1026 1406 D.
1076 1375 1190 1406 domus
1204 1379 1239 1406 F.
1254 1379 1284 1405 3.
1304 1378 1374 1406 edd.
1387 1379 1469 1406 Elm.
1485 1381 1512 1406 91
1528 1378 1632 1406 Scriv.
1660 1378 1877 1412 (Quamquam

72 1424 109 1453 in
122 1423 199 1458 aljis
213 1423 307 1459 libris
320 1431 383 1453 non
397 1424 518 1460 inveni.
535 1432 591 1458 pro
607 1432 685 1453 vera
700 1428 805 1453 tamen
820 1424 957 1452 lectione
970 1423 1149 1459 habuerim,
1163 1431 1260 1457 quum
1274 1423 1428 1451 librarius
1443 1423 1495 1451 his
1510 1427 1596 1450 certe
1610 1423 1641 1450 in
1658 1425 1753 1450 rebus
1767 1429 1876 1457 gram-

75 1469 204 1506 maticis
217 1469 357 1498 omnium
371 1471 413 1499 sit
429 1469 715 1507 accuratissimus,
731 1477 790 1498 nec
804 1469 884 1497 talia
899 1470 966 1497 ullo
987 1469 1079 1496 modo
1099 1469 1263 1497 omisisset
1283 1464 1454 1507 scribere.)
1492 1466 1578 1494 nulli
1591 1469 1626 1496 G.
1643 1469 1671 1496 1.
1685 1475 1788 1500 neque
1801 1474 1877 1494 vero

77 1521 97 1542 a
110 1521 149 1542 m.
163 1510 211 1549 p..
239 1517 270 1542 ut
286 1515 386 1542 voluit
400 1516 478 1543 Oud.
489 1533 497 1549 ‚
523 1515 580 1543 sed
596 1515 676 1543 1111111
691 1515 895 1543 emendatum
909 1522 980 1541 esse
995 1514 1101 1542 video.
1138 1512 1219 1541 bone
1233 1514 1307 1541 scil.
1321 1510 1350 1542 δ.
1390 1511 1512 1551 fat-fal
1529 1513 1548 1542 f.
1594 1513 1728 1550 gemina
1744 1514 1779 1541 G.
1793 1514 1824 1540 2.
1838 1513 1878 1542 D.

76 1559 113 1587 P.
128 1566 157 1593 p.
201 1562 378 1595 procatem
393 1561 428 1588 G.
443 1561 472 1588 2.
493 1567 629 1596 procem
644 1561 681 1589 D.
694 1567 713 1588 a
727 1567 767 1588 111.
784 1568 811 1594 p.
861 1562 892 1586 el
903 1557 1058 1595 perducit
1074 1559 1108 1587 F.
1123 1560 1153 1588 3.
1169 1560 1204 1587 G.
1224 1560 1250 1588 1.
1264 1561 1295 1587 2.
1311 1560 1348 1587 D.
1363 1560 1396 1585 0.
1412 1559 1446 1587 P.
1462 1560 1498 1587 R.
1515 1558 1535 1586 f.
1550 1567 1579 1594 p.
1603 1559 1688 1587 lunt.
1707 1559 1737 1586 2.
1774 1557 1879 1586 Ceteri

77 1603 151 1632 libri
166 1607 193 1632 et
209 1605 278 1633 edd.
293 1609 370 1634 vett.
384 1606 580 1639 particulam
593 1606 760 1640 omittunt,
789 1606 872 1633 unde
886 1605 964 1633 01111.
980 1607 1068 1639 putat
1079 1625 1086 1636 ,
1114 1608 1277 1633 auctorem
1293 1604 1423 1632 dedisse
1439 1601 1650 1634 slimulatnm
1662 1601 1755 1639 perd.
1794 1599 1879 1638 Psy-

78 1646 169 1691 clcpm
195 1644 294 1687 (quod
313 1658 411 1684 prave
430 1651 462 1679 in
482 1651 603 1685 aliquot
625 1651 694 1680 edd.
715 1650 950 1679 recentioribus
971 1648 1110 1677 inveniri
1131 1649 1208 1677 dicit
1229 1651 1326 1683 01111..
1354 1653 1463 1683 aperte
1489 1651 1715 1683 comprobatur
1735 1650 1771 1677 G.
1793 1650 1822 1676 1.
1849 1651 1881 1676 et

77 1702 174 1730 quum
187 1701 208 1723 a
222 1695 364 1724 librariis
378 1695 411 1723 in
425 1697 534 1724 collat.
550 1697 585 1724 F.
600 1697 630 1725 3.
646 1700 674 1724 et
691 1697 724 1724 B.
745 1704 808 1725 non
829 1698 960 1724 enotata
979 1694 1019 1723 sit
1035 1695 1219 1729 scripturae
1232 1695 1424 1729 diversitas,
1446 1695 1521 1722 liin«.-
1544 1695 1576 1722 in
1591 1695 1633 1722 iis
1647 1701 1772 1728 quoque
1786 1701 1879 1728 repe-

74 1739 134 1780 riri
147 1739 337 1775 colligitur.)
385 1738 446 1767 hec
459 1740 543 1767 enim
558 1742 593 1770 G,
611 1743 638 1770 1.

686 1743 904 1777 nuncupatur
917 1742 953 1768 G.
971 1742 998 1768 1.
1013 1742 1042 1769 2.
1057 1740 1094 1768 D.
1108 1741 1143 1768 0.
1158 1741 1193 1769 Ρ.
1207 1742 1290 1768 lunt.
1305 1741 1335 1768 2.

1385 1737 1549 1774 obstandi!
1564 1742 1598 1769 0.
1612 1746 1632 1768 a
1644 1747 1685 1768 m.
1701 1747 1730 1775 p.

162 1784 306 1821 pratum
325 1787 361 1814 G.
384 1787 411 1814 1.
432 1787 480 1814 ed.
501 1787 583 1815 Elm.
604 1788 715 1815 lVow.
735 1786 858 1819 scrita,
886 1790 916 1814 ut
941 1785 1079 1820 margini
1099 1787 1266 1814 adleverat
1287 1786 1484 1823 Groslotius,
1511 1787 1650 1818 Salmas.
1672 1788 1700 1813 et
1723 1786 1758 1813 G.
1779 1785 1876 1814 voss.

75 1828 349 1871 ,defurr1etise'lutc's
363 1833 476 1860 Venet.
490 1833 617 1861 2.1unt.
634 1833 661 1860 1.
676 1832 781 1862 Paris.
831 1833 976 1859 tremens
991 1828 1112 1867 indign.
1129 1831 1164 1858 G.
1180 1832 1209 1857 2.
1225 1828 1263 1857 D.
1279 1831 1314 1858 P.

79 1955 117 1993 p.
132 1945 224 1981 441.
250 1941 402 1980 Peram
425 1947 463 1981 et
488 1942 677 1981 baculum
701 1946 745 1981 iu
768 1942 948 1993 philoso-

74 1997 173 2050 phis
198 1999 467 2049 exprobrare.
493 2011 530 2049 p.
546 2003 637 2039 457.
663 1997 822 2038 scilicet
846 2012 948 2049 cryo

73 2053 380 2108 pkryyionibus
390 2054 599 2106 autsubris
613 2056 821 2107 negotium
835 2054 948 2093 istud

76 2110 263 2157 ¹(lamium
289 2110 447 2162 fuisse]
495 2110 649 2151 Deinde
686 2123 736 2149 ex
771 2110 946 2161 vestigiis

73 2166 165 2214 ‚cml-
192 2165 294 2211 Bert.
323 2166 396 2213 Th.
425 2167 521 2205 Sell.
547 2166 715 2215 Observ.
743 2181 773 2205 c.
805 2172 865 2208 15.
892 2166 945 2204 le-

76 2223 198 2274 gebat
222 2224 426 2268 morsima,
453 2237 474 2260 e
488 2223 640 2262 Graeca
659 2236 755 2271 voce
773 2225 945 2275 μορσίμη,

77 2292 181 2330 §piae
212 2293 287 2320 non
318 2279 445 2325 solum
469 2280 657 2331 significat
679 2281 851 2331 fatalem
875 2279 948 2323 sed

77 2339 119 2375 et
142 2332 284 2387 θνητὸν
306 2336 526 2384 mortalem.
573 2336 655 2384 Sed
680 2336 777 2375 haec
803 2336 947 2375 codicis

75 2391 289 2440 ‚auetoritas
321 2407 395 2430 non
427 2396 532 2440 tanta
562 2396 642 2441 est,
673 2397 714 2431 ut
745 2392 834 2443 quid
860 2392 948 2439 inde

76 2448 295 2496 extricetur.
322 2449 532 2488 Bloritura
556 2450 656 2488 euim
681 2453 743 2487 est
762 2448 948 2495 mortalis,

71 2518 181 2556 -quae
195 2510 298 2544 certo
319 2505 499 2551 morietur
517 2519 589 2544 nec
603 2505 762 2556 effugiet
773 2509 945 2554 mortem.

81 2560 128 2600 cf.
158 2560 290 2600 Horat.
323 2561 400 2601 Od.
425 2561 451 2600 l.
479 2566 542 2602 28.
570 2567 607 2602 4.
640 2563 855 2614 animoque
884 2575 946 2609 ro-

78 2618 252 2664 tundam
265 2620 518 2670 percurrisse
529 2619 675 2670 polum.
700 2632 733 2664 m
746 2620 946 2658 orituro.

76 2672 126 2722 u-
138 2677 218 2720 3.4.
233 2676 467 2723 moriture
484 2675 605 2714 Delli.
632 2674 777 2718 Lucan.
794 2673 836 2712 ll.
851 2679 944 2715 524.

77 2729 214 2782 Saepe
227 2732 343 2777 etiam
356 2732 546 2783 significat
565 2732 687 2776 morti
706 2731 951 2770 destinatum

80 2785 145 2832 vel
166 2787 274 2834 brevi
299 2787 349 2826 ob
375 2792 616 2827 senectutem
640 2787 704 2825 vel
724 2800 817 2838 prae
838 2787 949 2825 vivet

72 2847 222 2894 sponte
230 2848 335 2883 certo
345 2846 563 2884 moriturtun
578 2842 625 2882 cf.
634 2843 753 2895 Apul.
764 2843 806 2882 M
811 2842 950 2883 et.vll.

73 2912 121 2950 p.
146 2903 238 2947 500.
266 2904 340 2954 qui
361 2902 618 2940 morituris
642 2900 846 2940 auxilium
870 2904 950 2940 sta-

75 2959 193 3004 ,tussre
217 2957 474 3010 deueynriut.
501 2956 570 2996 IX.
594 2970 633 3009 p.
648 2961 741 2997 541.
757 2958 948 3009 inmolare

76 3013 368 3061 morituxum-
389 3013 599 3066 gestiebat.
627 3012 730 3052 Flor.
757 3012 802 3051 ll.
829 3027 860 3051 c.
885 3016 946 3053 18.

84 3065 114 3115 ᾧ.
131 3071 193 3110 13.
219 3068 325 3115 Suet.
349 3070 387 3108 in
403 3070 535 3113 Claud.
552 3074 615 3111 21.
642 3068 774 3107 Manil.
790 3069 837 3107 V.
854 3073 946 3109 551.

76 3121 170 3169 [Nec
182 3124 316 3165 melior
329 3130 391 3172 ¹est
405 3126 578 3178 scioppii
606 3127 823 3164 coniectura
846 3139 947 3164 mor-

1009 1941 1135 1980 ticina
1157 1954 1178 1978 e
1193 1939 1318 1980 Plaut.
1334 1939 1442 1979 Pers.
1460 1939 1502 1979 ll.
1520 1944 1554 1981 4.
1577 1945 1636 1981 12.
1649 1971 1658 1986 ,
1686 1953 1761 1991 quo
1776 1938 1878 1978 adie-

1008 1997 1108 2035 ctivo
1134 1997 1250 2035 homo
1271 1997 1504 2048 significatur
1523 2000 1620 2036 tetra
1642 1996 1738 2035 facie
1760 2000 1797 2034 et
1817 2010 1879 2035 ca·

1006 2053 1242 2100 dax-erasus,
1275 2055 1384 2092 cuins
1409 2066 1556 2106 corpus
1586 2053 1800 2092 moribundi
1824 2054 1878 2090 111-

1005 2114 1085 2147 star
1110 2114 1182 2147 est.

1061 2167 1285 2219 usurpabit.
1313 2166 1373 2207 Ex
1398 2165 1565 2209 lectione
1591 2165 1739 2219 aliquot
1764 2166 1878 2204 codd.

1007 2224 1228 2274 usurpavit,
1244 2237 1344 2274 quae
1359 2237 1409 2262 ex
1422 2223 1652 2264 confusione
1668 2223 1879 2262 litterarum

1007 2279 1029 2317 b
1055 2283 1094 2317 et
1115 2294 1133 2318 v
1152 2281 1319 2318 omnium
1334 2282 1535 2319 notissima
1549 2280 1878 2332 proficiscebatur,

1006 2334 1106 2373 Oud.
1118 2336 1300 2374 emendat
1312 2339 1538 2389 usurparit,
1547 2337 1609 2374 vel
1620 2337 1880 2388 usurpaverit

1003 2391 1128 2444 [quod
1138 2393 1316 2444 equidem
1327 2393 1374 2431 im
1379 2394 1514 2448 probO.
1536 2394 1764 2446 Usarpabit
1777 2392 1878 2430 enini

1007 2461 1137 2487 veram
1152 2462 1245 2487 esse
1265 2451 1512 2501 scripturam,
1538 2462 1712 2501 sequens
1740 2449 1878 2487 evincit

1004 2505 1270 2544 coniunctivus
1291 2509 1518 2558 poeniteat,
1546 2508 1608 2557 qni
1629 2519 1744 2556 quum
1767 2505 1878 2543 libra·

1005 2563 1081 2608 rios
1102 2561 1329 2609 offenderet,
1355 2563 1630 2616 inpoem'tebz't
1648 2562 1877 2600 mutabatur.

1004 2617 1189 2666 Futurum
1207 2619 1367 2672 saepius
1396 2619 1694 2672 indignationem
1722 2617 1878 2669 loquen-

1005 2675 1055 2714 tis
1081 2675 1286 2728 exprimit]

1059 2732 1275 2783 pinnatum.
1299 2733 1424 2772 illam.
1475 2731 1541 2785 [cf.
1569 2732 1719 2770 staver.
1740 2730 1789 2768 ad
1810 2729 1878 2768 Al-

1008 2787 1098 2826 bric.
1114 2787 1162 2826 (le
1178 2787 1294 2839 imag.
1308 2788 1359 2827 V.
1383 2802 1421 2840 p.
1437 2792 1530 2829 904.
1558 2787 1694 2826 Creuz.
1708 2785 1876 2838 Mythol.

1009 2842 1072 2882 Ill.
1103 2858 1139 2896 p.
1173 2849 1266 2885 437.
1314 2844 1454 2883 Heind.
1486 2845 1536 2882 ad
1569 2843 1646 2883 Cic.
1678 2844 1728 2882 de
1751 2843 1801 2882 N.
1826 2843 1875 2883 D.

1009 2898 1074 2940 lll.
1100 2901 1188 2954 23]

1063 2955 1149 2997 Car.
1174 2954 1326 2996 XXXl.
1374 2960 1560 3010 fremens.
1611 2957 1789 2996 Alteram
1822 2957 1876 2995 le-

1005 3013 1168 3051 ctionem
1198 3019 1365 3053 tremens
1390 3013 1491 3052 Ond.
1517 3013 1694 3052 reiiciens
1719 3013 1876 3052 demon-

1005 3073 1118 3115 strat,
1141 3073 1315 3123 fremere
1328 3070 1402 3109 dici
1418 3070 1467 3108 de
1486 3070 1771 3122 indignantibus
1786 3070 1876 3109 coll.

1005 3123 1142 3166 Heius.
1169 3129 1208 3164 et
1232 3125 1359 3168 Burni.
1387 3126 1437 3166 ad
1462 3126 1576 3166 Ovid.
1603 3125 1699 3166 Met.
1726 3125 1754 3166 l.
1786 3130 1874 3167 199.

1511 3194 1565 3236 19
