<?xml version="1.0" encoding="UTF-8"?>
<!DOCTYPE html PUBLIC "-//W3C//DTD XHTML 1.0 Transitional//EN"
    "http://www.w3.org/TR/xhtml1/DTD/xhtml1-transitional.dtd">
<html xmlns="http://www.w3.org/1999/xhtml" xml:lang="en" lang="en">
 <head>
  <title>
</title>
<meta http-equiv="Content-Type" content="text/html;charset=utf-8" />
  <meta name='ocr-system' content='tesseract 3.04.00' />
  <meta name='ocr-capabilities' content='ocr_page ocr_carea ocr_par ocr_line ocrx_word'/>
</head>
<body>
  <div class='ocr_page' id='page_1' title='image "./operaomnia01apuluoft/operaomnia01apuluoft_0364.png"; bbox 0 0 2221 3667; ppageno 0'>
   <div class='ocr_carea' id='block_1_1' title="bbox 286 156 587 199">
    <p class='ocr_par' dir='ltr' id='par_1_1' title="bbox 286 156 587 199">
     <span class='ocr_line' id='line_1_1' title="bbox 286 156 587 199; baseline -0.007 0"><span class='ocrx_word' id='word_1_1' title='bbox 286 156 370 199; x_wconf 74' lang='lat'>220</span> <span class='ocrx_word' id='word_1_2' title='bbox 540 156 587 197; x_wconf 85' lang='lat' dir='ltr'>L.</span> 
     </span>
    </p>
   </div>
   <div class='ocr_carea' id='block_1_2' title="bbox 286 267 1532 324">
    <p class='ocr_par' dir='ltr' id='par_1_2' title="bbox 286 267 1532 324">
     <span class='ocr_line' id='line_1_2' title="bbox 286 267 1532 324; baseline 0 -16"><span class='ocrx_word' id='word_1_3' title='bbox 286 268 404 321; x_wconf 85' lang='lat' dir='ltr'>longe</span> <span class='ocrx_word' id='word_1_4' title='bbox 430 268 592 322; x_wconf 82' lang='lat' dir='ltr'>gravius</span> <span class='ocrx_word' id='word_1_5' title='bbox 623 277 806 310; x_wconf 75' lang='lat' dir='ltr'>onustum</span> <span class='ocrx_word' id='word_1_6' title='bbox 838 270 1058 324; x_wconf 84' lang='lat' dir='ltr'>producunt</span> <span class='ocrx_word' id='word_1_7' title='bbox 1082 267 1138 306; x_wconf 88' lang='lat' dir='ltr'>illi</span> <span class='ocrx_word' id='word_1_8' title='bbox 1164 267 1340 306; x_wconf 79' lang='lat' dir='ltr'>latrones</span> <span class='ocrx_word' id='word_1_9' title='bbox 1366 267 1532 308; x_wconf 82' lang='lat' dir='ltr'>stabulo.</span> 
     </span>
    </p>
   </div>
   <div class='ocr_carea' id='block_1_3' title="bbox 620 153 1845 196">
    <p class='ocr_par' dir='ltr' id='par_1_3' title="bbox 620 153 1845 196">
     <span class='ocr_line' id='line_1_3' title="bbox 620 153 1845 196; baseline -0.002 0"><span class='ocrx_word' id='word_1_10' title='bbox 620 156 836 196; x_wconf 89' lang='lat' dir='ltr'><strong>APULEII</strong></span> <span class='ocrx_word' id='word_1_11' title='bbox 866 153 1269 196; x_wconf 77' lang='lat' dir='ltr'><strong>MADAURENSIS</strong></span> <span class='ocrx_word' id='word_1_12' title='bbox 1298 153 1845 195; x_wconf 83' lang='lat' dir='ltr'>METAMORPHOSEON</span> 
     </span>
    </p>
   </div>
   <div class='ocr_carea' id='block_1_4' title="bbox 1581 267 2083 321">
    <p class='ocr_par' dir='ltr' id='par_1_4' title="bbox 1581 267 2083 321">
     <span class='ocr_line' id='line_1_4' title="bbox 1581 267 2083 321; baseline 0.002 -13"><span class='ocrx_word' id='word_1_13' title='bbox 1581 267 1741 321; x_wconf 81' lang='lat' dir='ltr'>lnnque</span> <span class='ocrx_word' id='word_1_14' title='bbox 1773 268 1953 308; x_wconf 78' lang='lat' dir='ltr'>confecta</span> <span class='ocrx_word' id='word_1_15' title='bbox 1982 269 2083 309; x_wconf 85' lang='lat' dir='ltr'>bona</span> 
     </span>
    </p>
   </div>
   <div class='ocr_carea' id='block_1_5' title="bbox 287 322 2085 436">
    <p class='ocr_par' dir='ltr' id='par_1_5' title="bbox 287 322 2085 435">
     <span class='ocr_line' id='line_1_5' title="bbox 287 322 2085 380; baseline 0.001 -17"><span class='ocrx_word' id='word_1_16' title='bbox 287 332 397 378; x_wconf 77' lang='lat' dir='ltr'>parte</span> <span class='ocrx_word' id='word_1_17' title='bbox 422 324 576 364; x_wconf 76' lang='lat' dir='ltr'>itineris</span> <span class='ocrx_word' id='word_1_18' title='bbox 603 333 642 366; x_wconf 78' lang='lat' dir='ltr'>et</span> <span class='ocrx_word' id='word_1_19' title='bbox 668 326 715 366; x_wconf 84' lang='lat' dir='ltr'>vi</span> <span class='ocrx_word' id='word_1_20' title='bbox 710 341 753 366; x_wconf 76' lang='lat' dir='ltr'>ie</span> <span class='ocrx_word' id='word_1_21' title='bbox 779 327 905 380; x_wconf 80' lang='lat' dir='ltr'>spatio</span> <span class='ocrx_word' id='word_1_22' title='bbox 931 326 1127 372; x_wconf 75' lang='lat' dir='ltr'>defectus,</span> <span class='ocrx_word' id='word_1_23' title='bbox 1155 329 1195 362; x_wconf 82' lang='lat' dir='ltr'>et</span> <span class='ocrx_word' id='word_1_24' title='bbox 1218 322 1399 363; x_wconf 79' lang='lat' dir='ltr'>sarcinae</span> <span class='ocrx_word' id='word_1_25' title='bbox 1419 325 1591 377; x_wconf 81' lang='lat' dir='ltr'>pondere</span> <span class='ocrx_word' id='word_1_26' title='bbox 1611 326 1840 378; x_wconf 76' lang='lat' dir='ltr'>depressus,</span> <span class='ocrx_word' id='word_1_27' title='bbox 1868 324 2085 378; x_wconf 72' lang='lat' dir='ltr'>ictibusque</span> 
     </span>
     <span class='ocr_line' id='line_1_6' title="bbox 287 379 2085 436; baseline 0.001 -17"><span class='ocrx_word' id='word_1_28' title='bbox 287 380 446 420; x_wconf 77' lang='lat' dir='ltr'>fustium</span> <span class='ocrx_word' id='word_1_29' title='bbox 473 382 827 436; x_wconf 64' lang='lat' dir='ltr'>iati‹=5au1s,atque</span> <span class='ocrx_word' id='word_1_30' title='bbox 852 382 968 422; x_wconf 75' lang='lat' dir='ltr'>etiam</span> <span class='ocrx_word' id='word_1_31' title='bbox 996 379 1152 433; x_wconf 80' lang='lat' dir='ltr'>ungulis</span> <span class='ocrx_word' id='word_1_32' title='bbox 1179 379 1337 420; x_wconf 76' lang='lat' dir='ltr'>extritis</span> <span class='ocrx_word' id='word_1_33' title='bbox 1358 379 1435 420; x_wconf 78' lang='lat' dir='ltr'>iani</span> <span class='ocrx_word' id='word_1_34' title='bbox 1455 381 1615 421; x_wconf 81' lang='lat' dir='ltr'>claudus</span> <span class='ocrx_word' id='word_1_35' title='bbox 1635 388 1674 421; x_wconf 78' lang='lat' dir='ltr'>et</span> <span class='ocrx_word' id='word_1_36' title='bbox 1695 380 1888 433; x_wconf 78' lang='lat' dir='ltr'>titubans,</span> <span class='ocrx_word' id='word_1_37' title='bbox 1916 380 2085 422; x_wconf 82' lang='lat' dir='ltr'>livulum</span> 
     </span>
    </p>
   </div>
   <div class='ocr_carea' id='block_1_6' title="bbox 284 525 672 573">
    <p class='ocr_par' dir='ltr' id='par_1_6' title="bbox 284 525 672 573">
     <span class='ocr_line' id='line_1_7' title="bbox 284 525 672 573; baseline 0.005 -14"><span class='ocrx_word' id='word_1_38' title='bbox 284 525 383 572; x_wconf 65' lang='lat' dir='ltr'>deses</span> <span class='ocrx_word' id='word_1_39' title='bbox 398 540 453 568; x_wconf 80' lang='lat' dir='ltr'>pro</span> <span class='ocrx_word' id='word_1_40' title='bbox 467 530 620 573; x_wconf 80' lang='lat' dir='ltr'>defessus</span> <span class='ocrx_word' id='word_1_41' title='bbox 633 535 672 562; x_wconf 89' lang='lat' dir='ltr'>D.</span> 
     </span>
    </p>
   </div>
   <div class='ocr_carea' id='block_1_7' title="bbox 281 663 1166 3206">
    <p class='ocr_par' dir='ltr' id='par_1_7' title="bbox 281 663 1166 3206">
     <span class='ocr_line' id='line_1_8' title="bbox 285 663 987 704; baseline -0.001 -2"><span class='ocrx_word' id='word_1_42' title='bbox 285 678 376 703; x_wconf 79' lang='lat' dir='ltr'>vero</span> <span class='ocrx_word' id='word_1_43' title='bbox 414 666 449 704; x_wconf 89' lang='lat' dir='ltr'>in</span> <span class='ocrx_word' id='word_1_44' title='bbox 486 666 684 703; x_wconf 83' lang='lat' dir='ltr'>meridiem</span> <span class='ocrx_word' id='word_1_45' title='bbox 715 664 895 704; x_wconf 70' lang='lat' dir='ltr'>aee-licus</span> <span class='ocrx_word' id='word_1_46' title='bbox 924 663 987 702; x_wconf 87' lang='lat' dir='ltr'>sit.</span> 
     </span>
     <span class='ocr_line' id='line_1_9' title="bbox 284 721 1156 772; baseline -0.002 -13"><span class='ocrx_word' id='word_1_47' title='bbox 284 723 358 759; x_wconf 89' lang='lat' dir='ltr'>iam</span> <span class='ocrx_word' id='word_1_48' title='bbox 373 723 623 772; x_wconf 69' lang='lat' dir='ltr'>praeteriisse</span> <span class='ocrx_word' id='word_1_49' title='bbox 637 721 853 765; x_wconf 78' lang='lat' dir='ltr'>meridiem,</span> <span class='ocrx_word' id='word_1_50' title='bbox 880 732 996 770; x_wconf 72' lang='lat' dir='ltr'>«pium</span> <span class='ocrx_word' id='word_1_51' title='bbox 1010 732 1046 770; x_wconf 90' lang='lat' dir='ltr'>p.</span> <span class='ocrx_word' id='word_1_52' title='bbox 1062 723 1156 760; x_wconf 79' lang='lat'>235.</span> 
     </span>
     <span class='ocr_line' id='line_1_10' title="bbox 284 777 1157 831; baseline -0.001 -15"><span class='ocrx_word' id='word_1_53' title='bbox 284 779 424 816; x_wconf 82' lang='lat' dir='ltr'>dixerit</span> <span class='ocrx_word' id='word_1_54' title='bbox 437 777 631 831; x_wconf 78' lang='lat' dir='ltr'>Apuleius</span> <span class='ocrx_word' id='word_1_55' title='bbox 658 777 764 815; x_wconf 77' lang='lat' dir='ltr'>diem</span> <span class='ocrx_word' id='word_1_56' title='bbox 785 779 916 829; x_wconf 80' lang='lat' dir='ltr'>ferme</span> <span class='ocrx_word' id='word_1_57' title='bbox 942 777 1058 815; x_wconf 69' lang='lat' dir='ltr'>eirca</span> <span class='ocrx_word' id='word_1_58' title='bbox 1081 790 1157 815; x_wconf 82' lang='lat' dir='ltr'>me-</span> 
     </span>
     <span class='ocr_line' id='line_1_11' title="bbox 285 833 1158 885; baseline -0.001 -13"><span class='ocrx_word' id='word_1_59' title='bbox 285 836 398 874; x_wconf 75' lang='lat' dir='ltr'>dium</span> <span class='ocrx_word' id='word_1_60' title='bbox 422 849 511 873; x_wconf 73' lang='lat' dir='ltr'>eum,</span> <span class='ocrx_word' id='word_1_61' title='bbox 536 836 615 872; x_wconf 81' lang='lat' dir='ltr'>iam</span> <span class='ocrx_word' id='word_1_62' title='bbox 636 834 866 885; x_wconf 65' lang='lat' dir='ltr'>flam-antia</span> <span class='ocrx_word' id='word_1_63' title='bbox 889 833 987 871; x_wconf 78' lang='lat' dir='ltr'>solis</span> <span class='ocrx_word' id='word_1_64' title='bbox 1008 833 1158 872; x_wconf 80' lang='lat' dir='ltr'>calere-</span> 
     </span>
     <span class='ocr_line' id='line_1_12' title="bbox 284 888 1158 943; baseline -0.002 -13"><span class='ocrx_word' id='word_1_65' title='bbox 284 896 351 930; x_wconf 72' lang='lat' dir='ltr'>tur</span> <span class='ocrx_word' id='word_1_66' title='bbox 364 893 405 929; x_wconf 72' lang='lat' dir='ltr'>in</span> <span class='ocrx_word' id='word_1_67' title='bbox 417 905 535 943; x_wconf 71' lang='lat' dir='ltr'>payo</span> <span class='ocrx_word' id='word_1_68' title='bbox 550 890 788 928; x_wconf 68' lang='lat' dir='ltr'><em>devertimus</em></span> <span class='ocrx_word' id='word_1_69' title='bbox 802 889 985 939; x_wconf 84' lang='lat' dir='ltr'>idemque</span> <span class='ocrx_word' id='word_1_70' title='bbox 998 888 1158 928; x_wconf 86' lang='lat' dir='ltr'>Lucian.</span> 
     </span>
     <span class='ocr_line' id='line_1_13' title="bbox 283 945 1160 998; baseline -0.001 -13"><span class='ocrx_word' id='word_1_71' title='bbox 283 947 421 985; x_wconf 77' lang='lat' dir='ltr'>Lucid.</span> <span class='ocrx_word' id='word_1_72' title='bbox 452 961 489 998; x_wconf 88' lang='lat' dir='ltr'>p.</span> <span class='ocrx_word' id='word_1_73' title='bbox 517 950 609 985; x_wconf 84' lang='lat'>588.</span> <span class='ocrx_word' id='word_1_74' title='bbox 643 949 682 983; x_wconf 82' lang='lat' dir='ltr'>et</span> <span class='ocrx_word' id='word_1_75' title='bbox 707 945 855 983; x_wconf 78' lang='lat' dir='ltr'>interim</span> <span class='ocrx_word' id='word_1_76' title='bbox 881 946 1025 985; x_wconf 87' lang='lat' dir='ltr'>omnia.</span> <span class='ocrx_word' id='word_1_77' title='bbox 1059 959 1160 997; x_wconf 80' lang='lat' dir='ltr'>quae</span> 
     </span>
     <span class='ocr_line' id='line_1_14' title="bbox 287 1002 1159 1046; baseline -0.001 -5"><span class='ocrx_word' id='word_1_78' title='bbox 287 1003 512 1041; x_wconf 86' lang='lat' dir='ltr'>intermedia</span> <span class='ocrx_word' id='word_1_79' title='bbox 526 1002 748 1046; x_wconf 83' lang='lat' dir='ltr'>narraverit,</span> <span class='ocrx_word' id='word_1_80' title='bbox 765 1002 971 1041; x_wconf 80' lang='lat' dir='ltr'>accidisse.</span> <span class='ocrx_word' id='word_1_81' title='bbox 997 1002 1159 1040; x_wconf 86' lang='lat' dir='ltr'>Hincla-</span> 
     </span>
     <span class='ocr_line' id='line_1_15' title="bbox 283 1059 1160 1110; baseline 0 -13"><span class='ocrx_word' id='word_1_82' title='bbox 283 1064 415 1097; x_wconf 86' lang='lat' dir='ltr'>trones</span> <span class='ocrx_word' id='word_1_83' title='bbox 436 1072 528 1096; x_wconf 83' lang='lat' dir='ltr'>esse</span> <span class='ocrx_word' id='word_1_84' title='bbox 548 1062 852 1098; x_wconf 85' lang='lat' dir='ltr'>consentaneum</span> <span class='ocrx_word' id='word_1_85' title='bbox 874 1062 986 1098; x_wconf 79' lang='lat' dir='ltr'>aestu</span> <span class='ocrx_word' id='word_1_86' title='bbox 1000 1059 1160 1110; x_wconf 88' lang='lat' dir='ltr'>paulum</span> 
     </span>
     <span class='ocr_line' id='line_1_16' title="bbox 283 1115 1157 1154; baseline 0.001 -1"><span class='ocrx_word' id='word_1_87' title='bbox 283 1117 357 1154; x_wconf 87' lang='lat' dir='ltr'>iam</span> <span class='ocrx_word' id='word_1_88' title='bbox 384 1115 582 1153; x_wconf 90' lang='lat' dir='ltr'>imminuto</span> <span class='ocrx_word' id='word_1_89' title='bbox 606 1129 740 1154; x_wconf 87' lang='lat' dir='ltr'>rursus</span> <span class='ocrx_word' id='word_1_90' title='bbox 767 1116 888 1154; x_wconf 89' lang='lat' dir='ltr'>itineri</span> <span class='ocrx_word' id='word_1_91' title='bbox 912 1129 958 1154; x_wconf 88' lang='lat' dir='ltr'>se</span> <span class='ocrx_word' id='word_1_92' title='bbox 983 1115 1157 1154; x_wconf 77' lang='lat' dir='ltr'>dedisse.</span> 
     </span>
     <span class='ocr_line' id='line_1_17' title="bbox 284 1171 1158 1224; baseline 0.001 -14"><span class='ocrx_word' id='word_1_93' title='bbox 284 1172 530 1223; x_wconf 82' lang='lat' dir='ltr'>Quapropter</span> <span class='ocrx_word' id='word_1_94' title='bbox 560 1171 664 1211; x_wconf 82' lang='lat' dir='ltr'>Mss.</span> <span class='ocrx_word' id='word_1_95' title='bbox 695 1171 844 1223; x_wconf 82' lang='lat' dir='ltr'>aliquot</span> <span class='ocrx_word' id='word_1_96' title='bbox 880 1173 1158 1224; x_wconf 85' lang='lat' dir='ltr'>praeeuntibus</span> 
     </span>
     <span class='ocr_line' id='line_1_18' title="bbox 283 1229 1159 1281; baseline 0.001 -14"><span class='ocrx_word' id='word_1_97' title='bbox 283 1229 456 1267; x_wconf 84' lang='lat' dir='ltr'>coniicit:</span> <span class='ocrx_word' id='word_1_98' title='bbox 490 1243 579 1268; x_wconf 76' lang='lat' dir='ltr'>cum</span> <span class='ocrx_word' id='word_1_99' title='bbox 614 1229 696 1268; x_wconf 77' lang='lat' dir='ltr'>iam</span> <span class='ocrx_word' id='word_1_100' title='bbox 732 1229 784 1268; x_wconf 76' lang='lat' dir='ltr'>cle</span> <span class='ocrx_word' id='word_1_101' title='bbox 814 1230 986 1268; x_wconf 77' lang='lat' dir='ltr'>meridie</span> <span class='ocrx_word' id='word_1_102' title='bbox 1019 1244 1159 1281; x_wconf 73' lang='lat' dir='ltr'>prono</span> 
     </span>
     <span class='ocr_line' id='line_1_19' title="bbox 281 1285 1160 1336; baseline 0.001 -12"><span class='ocrx_word' id='word_1_103' title='bbox 281 1285 425 1324; x_wconf 74' lang='lat' dir='ltr'>iubare.</span> <span class='ocrx_word' id='word_1_104' title='bbox 438 1299 531 1323; x_wconf 89' lang='lat' dir='ltr'>esse</span> <span class='ocrx_word' id='word_1_105' title='bbox 547 1285 776 1336; x_wconf 79' lang='lat' dir='ltr'>legendum,</span> <span class='ocrx_word' id='word_1_106' title='bbox 801 1285 864 1323; x_wconf 81' lang='lat' dir='ltr'>vel</span> <span class='ocrx_word' id='word_1_107' title='bbox 890 1286 926 1323; x_wconf 91' lang='lat' dir='ltr'>in</span> <span class='ocrx_word' id='word_1_108' title='bbox 952 1287 1160 1325; x_wconf 70' lang='lat' dir='ltr'>meridiem</span> 
     </span>
     <span class='ocr_line' id='line_1_20' title="bbox 282 1341 1159 1393; baseline 0.003 -14"><span class='ocrx_word' id='word_1_109' title='bbox 282 1346 322 1380; x_wconf 88' lang='lat' dir='ltr'>et</span> <span class='ocrx_word' id='word_1_110' title='bbox 345 1343 515 1381; x_wconf 73' lang='lat' dir='ltr'>meridie</span> <span class='ocrx_word' id='word_1_111' title='bbox 539 1355 563 1380; x_wconf 87' lang='lat' dir='ltr'>a</span> <span class='ocrx_word' id='word_1_112' title='bbox 582 1341 871 1393; x_wconf 78' lang='lat' dir='ltr'>glossatoribus</span> <span class='ocrx_word' id='word_1_113' title='bbox 892 1355 987 1381; x_wconf 86' lang='lat' dir='ltr'>esse</span> <span class='ocrx_word' id='word_1_114' title='bbox 1005 1343 1159 1382; x_wconf 84' lang='lat' dir='ltr'>adiecta</span> 
     </span>
     <span class='ocr_line' id='line_1_21' title="bbox 282 1398 1159 1451; baseline 0.001 -14"><span class='ocrx_word' id='word_1_115' title='bbox 282 1403 322 1437; x_wconf 84' lang='lat' dir='ltr'>et</span> <span class='ocrx_word' id='word_1_116' title='bbox 353 1399 564 1450; x_wconf 74' lang='lat' dir='ltr'>scripsisse</span> <span class='ocrx_word' id='word_1_117' title='bbox 594 1398 808 1450; x_wconf 87' lang='lat' dir='ltr'>Apuleium</span> <span class='ocrx_word' id='word_1_118' title='bbox 843 1413 983 1451; x_wconf 78' lang='lat' dir='ltr'>prono</span> <span class='ocrx_word' id='word_1_119' title='bbox 1014 1399 1159 1439; x_wconf 77' lang='lat' dir='ltr'>iubare</span> 
     </span>
     <span class='ocr_line' id='line_1_22' title="bbox 283 1454 1156 1507; baseline 0 -13"><span class='ocrx_word' id='word_1_120' title='bbox 283 1455 467 1494; x_wconf 82' lang='lat' dir='ltr'>absolute</span> <span class='ocrx_word' id='word_1_121' title='bbox 495 1454 561 1507; x_wconf 85' lang='lat' dir='ltr'>[cf.</span> <span class='ocrx_word' id='word_1_122' title='bbox 587 1455 681 1493; x_wconf 88' lang='lat' dir='ltr'>Hor.</span> <span class='ocrx_word' id='word_1_123' title='bbox 697 1454 773 1494; x_wconf 84' lang='lat' dir='ltr'>Od.</span> <span class='ocrx_word' id='word_1_124' title='bbox 788 1454 854 1494; x_wconf 88' lang='lat' dir='ltr'><strong>III.</strong></span> <span class='ocrx_word' id='word_1_125' title='bbox 870 1460 934 1496; x_wconf 83' lang='lat'>27.</span> <span class='ocrx_word' id='word_1_126' title='bbox 953 1459 1014 1496; x_wconf 89' lang='lat'>18.</span> <span class='ocrx_word' id='word_1_127' title='bbox 1041 1455 1156 1494; x_wconf 86' lang='lat' dir='ltr'>Ovid.</span> 
     </span>
     <span class='ocr_line' id='line_1_23' title="bbox 282 1510 1158 1563; baseline 0 -14"><span class='ocrx_word' id='word_1_128' title='bbox 282 1511 378 1550; x_wconf 82' lang='lat' dir='ltr'>Met.</span> <span class='ocrx_word' id='word_1_129' title='bbox 398 1510 468 1550; x_wconf 88' lang='lat' dir='ltr'>XI.</span> <span class='ocrx_word' id='word_1_130' title='bbox 497 1516 589 1552; x_wconf 81' lang='lat'>257.</span> <span class='ocrx_word' id='word_1_131' title='bbox 615 1511 727 1550; x_wconf 83' lang='lat' dir='ltr'>Haec</span> <span class='ocrx_word' id='word_1_132' title='bbox 742 1513 870 1551; x_wconf 89' lang='lat' dir='ltr'>omnia</span> <span class='ocrx_word' id='word_1_133' title='bbox 882 1516 1010 1551; x_wconf 91' lang='lat' dir='ltr'>tamen</span> <span class='ocrx_word' id='word_1_134' title='bbox 1026 1526 1158 1563; x_wconf 84' lang='lat' dir='ltr'>quam-</span> 
     </span>
     <span class='ocr_line' id='line_1_24' title="bbox 283 1568 1158 1619; baseline 0.001 -13"><span class='ocrx_word' id='word_1_135' title='bbox 283 1582 398 1619; x_wconf 84' lang='lat' dir='ltr'>quam</span> <span class='ocrx_word' id='word_1_136' title='bbox 434 1568 667 1619; x_wconf 81' lang='lat' dir='ltr'>gravissima</span> <span class='ocrx_word' id='word_1_137' title='bbox 703 1569 879 1607; x_wconf 79' lang='lat' dir='ltr'>videntur</span> <span class='ocrx_word' id='word_1_138' title='bbox 914 1582 1008 1607; x_wconf 87' lang='lat' dir='ltr'>esse</span> <span class='ocrx_word' id='word_1_139' title='bbox 1044 1582 1158 1619; x_wconf 82' lang='lat' dir='ltr'>argu-</span> 
     </span>
     <span class='ocr_line' id='line_1_25' title="bbox 282 1625 1163 1676; baseline 0 -14"><span class='ocrx_word' id='word_1_140' title='bbox 282 1629 424 1670; x_wconf 87' lang='lat' dir='ltr'>menta,</span> <span class='ocrx_word' id='word_1_141' title='bbox 448 1638 510 1662; x_wconf 85' lang='lat' dir='ltr'>me</span> <span class='ocrx_word' id='word_1_142' title='bbox 536 1639 609 1663; x_wconf 91' lang='lat' dir='ltr'>non</span> <span class='ocrx_word' id='word_1_143' title='bbox 636 1629 881 1664; x_wconf 78' lang='lat' dir='ltr'>commovent</span> <span class='ocrx_word' id='word_1_144' title='bbox 904 1629 945 1664; x_wconf 91' lang='lat' dir='ltr'>ut</span> <span class='ocrx_word' id='word_1_145' title='bbox 969 1639 993 1664; x_wconf 88' lang='lat' dir='ltr'>a</span> <span class='ocrx_word' id='word_1_146' title='bbox 1016 1625 1163 1676; x_wconf 80' lang='lat' dir='ltr'>scripta</span> 
     </span>
     <span class='ocr_line' id='line_1_26' title="bbox 284 1680 1161 1721; baseline -0.001 -2"><span class='ocrx_word' id='word_1_147' title='bbox 284 1680 346 1719; x_wconf 86' lang='lat' dir='ltr'>le(</span> <span class='ocrx_word' id='word_1_148' title='bbox 350 1682 453 1719; x_wconf 78' lang='lat' dir='ltr'>tione</span> <span class='ocrx_word' id='word_1_149' title='bbox 486 1682 676 1720; x_wconf 85' lang='lat' dir='ltr'>recedam.</span> <span class='ocrx_word' id='word_1_150' title='bbox 725 1681 888 1721; x_wconf 84' lang='lat' dir='ltr'>Luciani</span> <span class='ocrx_word' id='word_1_151' title='bbox 920 1683 1021 1720; x_wconf 88' lang='lat' dir='ltr'>enim</span> <span class='ocrx_word' id='word_1_152' title='bbox 1053 1682 1161 1720; x_wconf 79' lang='lat' dir='ltr'>testi-</span> 
     </span>
     <span class='ocr_line' id='line_1_27' title="bbox 286 1738 1161 1805; baseline -0.001 -29"><span class='ocrx_word' id='word_1_153' title='bbox 286 1739 460 1776; x_wconf 82' lang='lat' dir='ltr'>monium</span> <span class='ocrx_word' id='word_1_154' title='bbox 492 1751 539 1775; x_wconf 84' lang='lat' dir='ltr'>eo</span> <span class='ocrx_word' id='word_1_155' title='bbox 572 1739 658 1805; x_wconf 88' lang='lat' dir='ltr'>ipso</span> <span class='ocrx_word' id='word_1_156' title='bbox 690 1739 920 1803; x_wconf 77' lang='lat' dir='ltr'>infringitur,</span> <span class='ocrx_word' id='word_1_157' title='bbox 958 1738 1063 1790; x_wconf 91' lang='lat' dir='ltr'>quod</span> <span class='ocrx_word' id='word_1_158' title='bbox 1093 1738 1161 1776; x_wconf 86' lang='lat' dir='ltr'>ille</span> 
     </span>
     <span class='ocr_line' id='line_1_28' title="bbox 284 1792 1162 1846; baseline 0.001 -14"><span class='ocrx_word' id='word_1_159' title='bbox 284 1795 402 1833; x_wconf 82' lang='lat' dir='ltr'>dicat:</span> <span class='ocrx_word' id='word_1_160' title='bbox 428 1796 506 1833; x_wconf 71' lang='grc' dir='ltr'>ἐπεὶ</span> <span class='ocrx_word' id='word_1_161' title='bbox 531 1795 571 1834; x_wconf 74' lang='grc' dir='ltr'>δὲ</span> <span class='ocrx_word' id='word_1_162' title='bbox 595 1811 640 1846; x_wconf 79' lang='grc' dir='ltr'>ηι</span> <span class='ocrx_word' id='word_1_163' title='bbox 665 1793 759 1834; x_wconf 68' lang='lat' dir='ltr'>scito</span> <span class='ocrx_word' id='word_1_164' title='bbox 784 1792 826 1833; x_wconf 78' lang='grc' dir='ltr'>τὸ</span> <span class='ocrx_word' id='word_1_165' title='bbox 852 1797 968 1845; x_wconf 70' lang='grc' dir='ltr'>μέσον</span> <span class='ocrx_word' id='word_1_166' title='bbox 993 1798 1060 1846; x_wconf 75' lang='grc' dir='ltr'>τῆς</span> <span class='ocrx_word' id='word_1_167' title='bbox 1078 1811 1162 1846; x_wconf 67' lang='lat' dir='ltr'>we-</span> 
     </span>
     <span class='ocr_line' id='line_1_29' title="bbox 283 1848 1160 1904; baseline 0 -15"><span class='ocrx_word' id='word_1_168' title='bbox 283 1867 370 1904; x_wconf 78' lang='grc' dir='ltr'><em>ρας,</em></span> <span class='ocrx_word' id='word_1_169' title='bbox 396 1848 611 1902; x_wconf 70' lang='grc' dir='ltr'>καταλιίιομ</span> <span class='ocrx_word' id='word_1_170' title='bbox 618 1867 635 1891; x_wconf 81' lang='lat' dir='ltr'><em>v</em></span> <span class='ocrx_word' id='word_1_171' title='bbox 659 1851 708 1898; x_wconf 72' lang='grc' dir='ltr'>εἰς</span> <span class='ocrx_word' id='word_1_172' title='bbox 732 1867 814 1890; x_wconf 75' lang='grc' dir='ltr'>τιια</span> <span class='ocrx_word' id='word_1_173' title='bbox 844 1849 1015 1898; x_wconf 68' lang='grc' dir='ltr'>ἔπαυλιν,</span> <span class='ocrx_word' id='word_1_174' title='bbox 1043 1865 1160 1902; x_wconf 88' lang='lat' dir='ltr'>quum</span> 
     </span>
     <span class='ocr_line' id='line_1_30' title="bbox 282 1908 1159 1961; baseline 0 -15"><span class='ocrx_word' id='word_1_175' title='bbox 282 1908 478 1959; x_wconf 78' lang='lat' dir='ltr'>Apuleius</span> <span class='ocrx_word' id='word_1_176' title='bbox 505 1909 612 1947; x_wconf 73' lang='lat' dir='ltr'>‹llem</span> <span class='ocrx_word' id='word_1_177' title='bbox 632 1911 763 1961; x_wconf 82' lang='lat' dir='ltr'>ferme</span> <span class='ocrx_word' id='word_1_178' title='bbox 783 1909 958 1948; x_wconf 79' lang='lat' dir='ltr'>medium</span> <span class='ocrx_word' id='word_1_179' title='bbox 977 1908 1159 1959; x_wconf 78' lang='lat' dir='ltr'>designa-</span> 
     </span>
     <span class='ocr_line' id='line_1_31' title="bbox 282 1964 1161 2015; baseline 0.001 -14"><span class='ocrx_word' id='word_1_180' title='bbox 282 1965 390 2002; x_wconf 63' lang='lat' dir='ltr'>verit.</span> <span class='ocrx_word' id='word_1_181' title='bbox 422 1964 577 2002; x_wconf 80' lang='lat' dir='ltr'>Deinde</span> <span class='ocrx_word' id='word_1_182' title='bbox 592 1966 719 2003; x_wconf 84' lang='lat' dir='ltr'>onmia</span> <span class='ocrx_word' id='word_1_183' title='bbox 732 1979 780 2003; x_wconf 86' lang='lat' dir='ltr'>ea</span> <span class='ocrx_word' id='word_1_184' title='bbox 805 1978 906 2015; x_wconf 88' lang='lat' dir='ltr'>quae</span> <span class='ocrx_word' id='word_1_185' title='bbox 931 1965 1161 2003; x_wconf 88' lang='lat' dir='ltr'>intermedia</span> 
     </span>
     <span class='ocr_line' id='line_1_32' title="bbox 283 2021 1160 2072; baseline 0.001 -14"><span class='ocrx_word' id='word_1_186' title='bbox 283 2021 521 2067; x_wconf 79' lang='lat' dir='ltr'>acciderant,</span> <span class='ocrx_word' id='word_1_187' title='bbox 546 2021 654 2059; x_wconf 78' lang='lat' dir='ltr'>brevi</span> <span class='ocrx_word' id='word_1_188' title='bbox 679 2025 855 2072; x_wconf 86' lang='lat' dir='ltr'>tempore</span> <span class='ocrx_word' id='word_1_189' title='bbox 872 2021 1052 2060; x_wconf 83' lang='lat' dir='ltr'>confecta</span> <span class='ocrx_word' id='word_1_190' title='bbox 1066 2035 1160 2060; x_wconf 87' lang='lat' dir='ltr'>esse</span> 
     </span>
     <span class='ocr_line' id='line_1_33' title="bbox 284 2078 1162 2129; baseline 0.002 -15"><span class='ocrx_word' id='word_1_191' title='bbox 284 2078 484 2123; x_wconf 80' lang='lat' dir='ltr'>existimo,</span> <span class='ocrx_word' id='word_1_192' title='bbox 517 2092 618 2129; x_wconf 91' lang='lat' dir='ltr'>quae</span> <span class='ocrx_word' id='word_1_193' title='bbox 649 2092 714 2116; x_wconf 82' lang='lat' dir='ltr'>res</span> <span class='ocrx_word' id='word_1_194' title='bbox 739 2092 813 2116; x_wconf 88' lang='lat' dir='ltr'>non</span> <span class='ocrx_word' id='word_1_195' title='bbox 840 2079 971 2117; x_wconf 89' lang='lat' dir='ltr'>solum</span> <span class='ocrx_word' id='word_1_196' title='bbox 997 2092 1046 2116; x_wconf 87' lang='lat' dir='ltr'>ex</span> <span class='ocrx_word' id='word_1_197' title='bbox 1071 2079 1162 2129; x_wconf 84' lang='lat' dir='ltr'>ipsa</span> 
     </span>
     <span class='ocr_line' id='line_1_34' title="bbox 285 2134 1161 2186; baseline -0.001 -14"><span class='ocrx_word' id='word_1_198' title='bbox 285 2134 503 2173; x_wconf 83' lang='lat' dir='ltr'>narratione</span> <span class='ocrx_word' id='word_1_199' title='bbox 533 2135 573 2172; x_wconf 85' lang='lat' dir='ltr'>lit</span> <span class='ocrx_word' id='word_1_200' title='bbox 603 2138 738 2186; x_wconf 84' lang='lat' dir='ltr'>aperta</span> <span class='ocrx_word' id='word_1_201' title='bbox 767 2135 841 2173; x_wconf 81' lang='lat' dir='ltr'>sed</span> <span class='ocrx_word' id='word_1_202' title='bbox 878 2135 969 2173; x_wconf 81' lang='lat' dir='ltr'>hine</span> <span class='ocrx_word' id='word_1_203' title='bbox 1006 2147 1161 2186; x_wconf 80' lang='lat' dir='ltr'>quoque</span> 
     </span>
     <span class='ocr_line' id='line_1_35' title="bbox 285 2190 1161 2243; baseline 0.002 -16"><span class='ocrx_word' id='word_1_204' title='bbox 285 2194 420 2242; x_wconf 83' lang='lat' dir='ltr'>potest</span> <span class='ocrx_word' id='word_1_205' title='bbox 449 2190 630 2242; x_wconf 73' lang='lat' dir='ltr'>intelligi,</span> <span class='ocrx_word' id='word_1_206' title='bbox 674 2191 780 2243; x_wconf 84' lang='lat' dir='ltr'>quod</span> <span class='ocrx_word' id='word_1_207' title='bbox 804 2192 977 2230; x_wconf 83' lang='lat' dir='ltr'>latrones</span> <span class='ocrx_word' id='word_1_208' title='bbox 1002 2191 1161 2243; x_wconf 86' lang='lat' dir='ltr'>paulum</span> 
     </span>
     <span class='ocr_line' id='line_1_36' title="bbox 284 2246 1162 2299; baseline 0.001 -14"><span class='ocrx_word' id='word_1_209' title='bbox 284 2246 401 2286; x_wconf 86' lang='lat' dir='ltr'>modo</span> <span class='ocrx_word' id='word_1_210' title='bbox 421 2249 605 2298; x_wconf 88' lang='lat' dir='ltr'>temporis</span> <span class='ocrx_word' id='word_1_211' title='bbox 626 2249 873 2299; x_wconf 83' lang='lat' dir='ltr'>requiescere</span> <span class='ocrx_word' id='word_1_212' title='bbox 896 2252 1087 2299; x_wconf 84' lang='lat' dir='ltr'>poterant,</span> <span class='ocrx_word' id='word_1_213' title='bbox 1114 2261 1162 2286; x_wconf 84' lang='lat' dir='ltr'>ne</span> 
     </span>
     <span class='ocr_line' id='line_1_37' title="bbox 282 2304 1156 2357; baseline 0 -14"><span class='ocrx_word' id='word_1_214' title='bbox 282 2307 433 2356; x_wconf 72' lang='lat' dir='ltr'>fuyam</span> <span class='ocrx_word' id='word_1_215' title='bbox 458 2304 760 2355; x_wconf 81' lang='lat' dir='ltr'>interpellarent.</span> <span class='ocrx_word' id='word_1_216' title='bbox 788 2304 902 2343; x_wconf 85' lang='lat' dir='ltr'>Unde</span> <span class='ocrx_word' id='word_1_217' title='bbox 926 2319 1001 2343; x_wconf 90' lang='lat' dir='ltr'>non</span> <span class='ocrx_word' id='word_1_218' title='bbox 1027 2305 1156 2357; x_wconf 85' lang='lat' dir='ltr'>sequi-</span> 
     </span>
     <span class='ocr_line' id='line_1_38' title="bbox 287 2360 1157 2413; baseline 0.001 -15"><span class='ocrx_word' id='word_1_219' title='bbox 287 2364 362 2406; x_wconf 86' lang='lat' dir='ltr'>tur,</span> <span class='ocrx_word' id='word_1_220' title='bbox 394 2360 590 2398; x_wconf 81' lang='lat' dir='ltr'>meridiem</span> <span class='ocrx_word' id='word_1_221' title='bbox 622 2362 695 2399; x_wconf 86' lang='lat' dir='ltr'>iam</span> <span class='ocrx_word' id='word_1_222' title='bbox 726 2363 964 2413; x_wconf 86' lang='lat' dir='ltr'>praeterisse</span> <span class='ocrx_word' id='word_1_223' title='bbox 1000 2361 1075 2399; x_wconf 88' lang='lat' dir='ltr'>sed.</span> <span class='ocrx_word' id='word_1_224' title='bbox 1106 2363 1157 2400; x_wconf 91' lang='lat' dir='ltr'>in-</span> 
     </span>
     <span class='ocr_line' id='line_1_39' title="bbox 286 2417 1158 2469; baseline 0.002 -15"><span class='ocrx_word' id='word_1_225' title='bbox 286 2418 454 2462; x_wconf 76' lang='lat' dir='ltr'>stitisse,</span> <span class='ocrx_word' id='word_1_226' title='bbox 487 2421 526 2455; x_wconf 86' lang='lat' dir='ltr'>et</span> <span class='ocrx_word' id='word_1_227' title='bbox 558 2417 727 2455; x_wconf 85' lang='lat' dir='ltr'>latrones</span> <span class='ocrx_word' id='word_1_228' title='bbox 759 2423 914 2469; x_wconf 85' lang='lat' dir='ltr'>propter</span> <span class='ocrx_word' id='word_1_229' title='bbox 945 2418 1158 2456; x_wconf 80' lang='lat' dir='ltr'>festinatio-</span> 
     </span>
     <span class='ocr_line' id='line_1_40' title="bbox 287 2474 1159 2526; baseline 0.001 -15"><span class='ocrx_word' id='word_1_230' title='bbox 287 2487 375 2511; x_wconf 86' lang='lat' dir='ltr'>nem</span> <span class='ocrx_word' id='word_1_231' title='bbox 400 2478 554 2512; x_wconf 85' lang='lat' dir='ltr'>aestum</span> <span class='ocrx_word' id='word_1_232' title='bbox 580 2474 891 2525; x_wconf 80' lang='lat' dir='ltr'>temperatiorem</span> <span class='ocrx_word' id='word_1_233' title='bbox 919 2489 991 2513; x_wconf 91' lang='lat' dir='ltr'>non</span> <span class='ocrx_word' id='word_1_234' title='bbox 1018 2489 1159 2526; x_wconf 82' lang='lat' dir='ltr'>exspe-</span> 
     </span>
     <span class='ocr_line' id='line_1_41' title="bbox 288 2531 1160 2582; baseline 0.001 -14"><span class='ocrx_word' id='word_1_235' title='bbox 288 2535 421 2568; x_wconf 80' lang='lat' dir='ltr'>ctasse</span> <span class='ocrx_word' id='word_1_236' title='bbox 446 2531 712 2582; x_wconf 85' lang='lat' dir='ltr'>persuadetur.</span> <span class='ocrx_word' id='word_1_237' title='bbox 756 2532 924 2571; x_wconf 73' lang='lat' dir='ltr'>Pronus</span> <span class='ocrx_word' id='word_1_238' title='bbox 950 2532 1070 2571; x_wconf 73' lang='lat' dir='ltr'>iubar</span> <span class='ocrx_word' id='word_1_239' title='bbox 1094 2533 1160 2582; x_wconf 74' lang='lat' dir='ltr'>igi-</span> 
     </span>
     <span class='ocr_line' id='line_1_42' title="bbox 288 2587 1161 2638; baseline 0 -13"><span class='ocrx_word' id='word_1_240' title='bbox 288 2591 347 2625; x_wconf 88' lang='lat' dir='ltr'>tur</span> <span class='ocrx_word' id='word_1_241' title='bbox 378 2587 415 2624; x_wconf 84' lang='lat' dir='ltr'>id</span> <span class='ocrx_word' id='word_1_242' title='bbox 448 2591 603 2638; x_wconf 82' lang='lat' dir='ltr'>tempus</span> <span class='ocrx_word' id='word_1_243' title='bbox 635 2587 842 2638; x_wconf 70' lang='lat' dir='ltr'>significat,</span> <span class='ocrx_word' id='word_1_244' title='bbox 873 2588 938 2626; x_wconf 85' lang='lat' dir='ltr'>nbi</span> <span class='ocrx_word' id='word_1_245' title='bbox 963 2587 1024 2625; x_wconf 86' lang='lat' dir='ltr'>sol</span> <span class='ocrx_word' id='word_1_246' title='bbox 1051 2589 1161 2626; x_wconf 87' lang='lat' dir='ltr'>meri-</span> 
     </span>
     <span class='ocr_line' id='line_1_43' title="bbox 289 2643 1162 2695; baseline 0.003 -14"><span class='ocrx_word' id='word_1_247' title='bbox 289 2644 365 2681; x_wconf 89' lang='lat' dir='ltr'>diei</span> <span class='ocrx_word' id='word_1_248' title='bbox 391 2648 472 2681; x_wconf 85' lang='lat' dir='ltr'>erat</span> <span class='ocrx_word' id='word_1_249' title='bbox 496 2646 706 2695; x_wconf 72' lang='lat' dir='ltr'>proximuS.</span> <span class='ocrx_word' id='word_1_250' title='bbox 742 2643 934 2683; x_wconf 81' lang='lat' dir='ltr'>Fortasse</span> <span class='ocrx_word' id='word_1_251' title='bbox 953 2645 1067 2682; x_wconf 82' lang='lat' dir='ltr'>etiam</span> <span class='ocrx_word' id='word_1_252' title='bbox 1089 2658 1162 2683; x_wconf 81' lang='lat' dir='ltr'>me-</span> 
     </span>
     <span class='ocr_line' id='line_1_44' title="bbox 288 2701 1162 2753; baseline 0.001 -16"><span class='ocrx_word' id='word_1_253' title='bbox 288 2701 416 2738; x_wconf 73' lang='lat' dir='ltr'>ridies</span> <span class='ocrx_word' id='word_1_254' title='bbox 440 2701 769 2752; x_wconf 85' lang='lat' dir='ltr'>apudApuleium</span> <span class='ocrx_word' id='word_1_255' title='bbox 794 2715 867 2739; x_wconf 87' lang='lat' dir='ltr'>non</span> <span class='ocrx_word' id='word_1_256' title='bbox 894 2702 1020 2753; x_wconf 87' lang='lat' dir='ltr'>ipsum</span> <span class='ocrx_word' id='word_1_257' title='bbox 1046 2701 1162 2751; x_wconf 74' lang='lat' dir='ltr'>signi-</span> 
     </span>
     <span class='ocr_line' id='line_1_45' title="bbox 291 2756 1162 2803; baseline 0.002 -11"><span class='ocrx_word' id='word_1_258' title='bbox 291 2756 377 2793; x_wconf 83' lang='lat' dir='ltr'>lieat</span> <span class='ocrx_word' id='word_1_259' title='bbox 402 2756 504 2795; x_wconf 88' lang='lat' dir='ltr'>diem</span> <span class='ocrx_word' id='word_1_260' title='bbox 528 2757 709 2803; x_wconf 89' lang='lat' dir='ltr'>medium,</span> <span class='ocrx_word' id='word_1_261' title='bbox 735 2758 800 2796; x_wconf 82' lang='lat' dir='ltr'>ubi</span> <span class='ocrx_word' id='word_1_262' title='bbox 825 2758 930 2796; x_wconf 85' lang='lat' dir='ltr'>calor</span> <span class='ocrx_word' id='word_1_263' title='bbox 955 2756 1162 2795; x_wconf 85' lang='lat' dir='ltr'>vehemen-</span> 
     </span>
     <span class='ocr_line' id='line_1_46' title="bbox 291 2813 1161 2865; baseline 0.006 -17"><span class='ocrx_word' id='word_1_264' title='bbox 291 2813 466 2851; x_wconf 80' lang='lat' dir='ltr'>tissimus</span> <span class='ocrx_word' id='word_1_265' title='bbox 481 2818 561 2858; x_wconf 84' lang='lat' dir='ltr'>est,</span> <span class='ocrx_word' id='word_1_266' title='bbox 586 2814 659 2851; x_wconf 82' lang='lat' dir='ltr'>sed</span> <span class='ocrx_word' id='word_1_267' title='bbox 675 2818 829 2865; x_wconf 83' lang='lat' dir='ltr'>tempus</span> <span class='ocrx_word' id='word_1_268' title='bbox 846 2814 1161 2865; x_wconf 80' lang='lat' dir='ltr'>pomeridianum.</span> 
     </span>
     <span class='ocr_line' id='line_1_47' title="bbox 294 2868 1161 2923; baseline 0.005 -18"><span class='ocrx_word' id='word_1_269' title='bbox 294 2868 349 2905; x_wconf 90' lang='lat' dir='ltr'>lta</span> <span class='ocrx_word' id='word_1_270' title='bbox 378 2871 478 2908; x_wconf 85' lang='lat' dir='ltr'>enim</span> <span class='ocrx_word' id='word_1_271' title='bbox 510 2870 605 2909; x_wconf 83' lang='lat' dir='ltr'>dixit</span> <span class='ocrx_word' id='word_1_272' title='bbox 636 2870 733 2910; x_wconf 73' lang='lat' dir='ltr'>Met.</span> <span class='ocrx_word' id='word_1_273' title='bbox 767 2870 833 2909; x_wconf 68' lang='lat' dir='ltr'>Vl.</span> <span class='ocrx_word' id='word_1_274' title='bbox 866 2885 905 2923; x_wconf 90' lang='lat' dir='ltr'>p.</span> <span class='ocrx_word' id='word_1_275' title='bbox 930 2875 1024 2911; x_wconf 78' lang='grc'><strong>403.</strong></span> <span class='ocrx_word' id='word_1_276' title='bbox 1075 2871 1161 2909; x_wconf 71' lang='lat' dir='ltr'>Sed</span> 
     </span>
     <span class='ocr_line' id='line_1_48' title="bbox 293 2926 1161 2967; baseline 0.002 -4"><span class='ocrx_word' id='word_1_277' title='bbox 293 2926 388 2963; x_wconf 79' lang='lat' dir='ltr'>dnm</span> <span class='ocrx_word' id='word_1_278' title='bbox 419 2928 647 2966; x_wconf 74' lang='lat' dir='ltr'>meridies</span> <span class='ocrx_word' id='word_1_279' title='bbox 676 2928 799 2967; x_wconf 71' lang='lat' dir='ltr'>solis</span> <span class='ocrx_word' id='word_1_280' title='bbox 821 2927 1068 2966; x_wconf 75' lang='lat' dir='ltr'>sedaverit</span> <span class='ocrx_word' id='word_1_281' title='bbox 1097 2941 1161 2965; x_wconf 75' lang='lat' dir='ltr'>ra-</span> 
     </span>
     <span class='ocr_line' id='line_1_49' title="bbox 285 2984 1162 3033; baseline 0.001 -14"><span class='ocrx_word' id='word_1_282' title='bbox 285 2995 451 3033; x_wconf 72' lang='lat' dir='ltr'>porem.</span> <span class='ocrx_word' id='word_1_283' title='bbox 484 2984 589 3033; x_wconf 89' lang='lat' dir='ltr'>quod</span> <span class='ocrx_word' id='word_1_284' title='bbox 619 2984 670 3022; x_wconf 90' lang='lat' dir='ltr'>de</span> <span class='ocrx_word' id='word_1_285' title='bbox 694 2984 773 3022; x_wconf 87' lang='lat' dir='ltr'>alto</span> <span class='ocrx_word' id='word_1_286' title='bbox 798 2984 959 3022; x_wconf 89' lang='lat' dir='ltr'>meridie</span> <span class='ocrx_word' id='word_1_287' title='bbox 986 2984 1073 3021; x_wconf 82' lang='lat' dir='ltr'>ferri</span> <span class='ocrx_word' id='word_1_288' title='bbox 1097 2997 1162 3021; x_wconf 84' lang='lat' dir='ltr'>ne-</span> 
     </span>
     <span class='ocr_line' id='line_1_50' title="bbox 292 3038 1164 3087; baseline 0.005 -13"><span class='ocrx_word' id='word_1_289' title='bbox 292 3038 383 3087; x_wconf 91' lang='lat' dir='ltr'>quit.</span> <span class='ocrx_word' id='word_1_290' title='bbox 410 3039 576 3078; x_wconf 77' lang='lat' dir='ltr'>Pronus</span> <span class='ocrx_word' id='word_1_291' title='bbox 602 3040 743 3079; x_wconf 87' lang='lat' dir='ltr'>deinde</span> <span class='ocrx_word' id='word_1_292' title='bbox 769 3055 842 3079; x_wconf 90' lang='lat' dir='ltr'>non</span> <span class='ocrx_word' id='word_1_293' title='bbox 870 3041 919 3079; x_wconf 84' lang='lat' dir='ltr'>de</span> <span class='ocrx_word' id='word_1_294' title='bbox 944 3054 991 3079; x_wconf 83' lang='lat' dir='ltr'>eo</span> <span class='ocrx_word' id='word_1_295' title='bbox 1016 3043 1164 3078; x_wconf 82' lang='lat' dir='ltr'>tantum</span> 
     </span>
     <span class='ocr_line' id='line_1_51' title="bbox 293 3093 1164 3148; baseline 0.005 -19"><span class='ocrx_word' id='word_1_296' title='bbox 293 3093 439 3134; x_wconf 81' lang='lat' dir='ltr'>dicitur.</span> <span class='ocrx_word' id='word_1_297' title='bbox 454 3096 517 3145; x_wconf 90' lang='lat' dir='ltr'>qui</span> <span class='ocrx_word' id='word_1_298' title='bbox 537 3110 703 3135; x_wconf 80' lang='lat' dir='ltr'>cernuus</span> <span class='ocrx_word' id='word_1_299' title='bbox 723 3101 786 3136; x_wconf 83' lang='lat' dir='ltr'>est</span> <span class='ocrx_word' id='word_1_300' title='bbox 805 3097 1068 3148; x_wconf 83' lang='lat' dir='ltr'>deorsumque</span> <span class='ocrx_word' id='word_1_301' title='bbox 1081 3110 1164 3133; x_wconf 82' lang='lat' dir='ltr'>ver-</span> 
     </span>
     <span class='ocr_line' id='line_1_52' title="bbox 292 3150 1166 3206; baseline 0.003 -18"><span class='ocrx_word' id='word_1_302' title='bbox 292 3150 359 3201; x_wconf 80' lang='lat' dir='ltr'>git,</span> <span class='ocrx_word' id='word_1_303' title='bbox 384 3151 458 3190; x_wconf 84' lang='lat' dir='ltr'>sed</span> <span class='ocrx_word' id='word_1_304' title='bbox 488 3154 603 3192; x_wconf 87' lang='lat' dir='ltr'>etiam</span> <span class='ocrx_word' id='word_1_305' title='bbox 629 3154 692 3206; x_wconf 88' lang='lat' dir='ltr'>qui</span> <span class='ocrx_word' id='word_1_306' title='bbox 718 3169 862 3201; x_wconf 75' lang='lat' dir='ltr'>versus,</span> <span class='ocrx_word' id='word_1_307' title='bbox 889 3167 1101 3194; x_wconf 77' lang='lat' dir='ltr'>conversus</span> <span class='ocrx_word' id='word_1_308' title='bbox 1126 3156 1166 3191; x_wconf 80' lang='lat' dir='ltr'>et</span> 
     </span>
    </p>
   </div>
   <div class='ocr_carea' id='block_1_8' title="bbox 719 526 1275 570">
    <p class='ocr_par' dir='ltr' id='par_1_8' title="bbox 719 526 1275 570">
     <span class='ocr_line' id='line_1_53' title="bbox 719 526 1275 570; baseline 0 -10"><span class='ocrx_word' id='word_1_309' title='bbox 719 536 823 570; x_wconf 78' lang='lat' dir='ltr'>atque</span> <span class='ocrx_word' id='word_1_310' title='bbox 837 534 871 559; x_wconf 80' lang='lat' dir='ltr'>et</span> <span class='ocrx_word' id='word_1_311' title='bbox 883 528 1015 567; x_wconf 68' lang='lat' dir='ltr'>ungulis</span> <span class='ocrx_word' id='word_1_312' title='bbox 1028 526 1057 558; x_wconf 81' lang='grc' dir='ltr'>δ.</span> <span class='ocrx_word' id='word_1_313' title='bbox 1105 528 1224 558; x_wconf 75' lang='lat' dir='ltr'>eludas</span> <span class='ocrx_word' id='word_1_314' title='bbox 1237 532 1275 560; x_wconf 89' lang='lat' dir='ltr'>D.</span> 
     </span>
    </p>
   </div>
   <div class='ocr_carea' id='block_1_9' title="bbox 1035 661 2087 716">
    <p class='ocr_par' dir='ltr' id='par_1_9' title="bbox 1035 661 2087 716">
     <span class='ocr_line' id='line_1_54' title="bbox 1035 661 2087 716; baseline 0 -13"><span class='ocrx_word' id='word_1_315' title='bbox 1035 661 1155 703; x_wconf 82' lang='lat' dir='ltr'>Immo</span> <span class='ocrx_word' id='word_1_316' title='bbox 1208 677 1445 716; x_wconf 74' lang='lat' dir='ltr'>propensus</span> <span class='ocrx_word' id='word_1_317' title='bbox 1469 667 1531 703; x_wconf 85' lang='lat' dir='ltr'>est</span> <span class='ocrx_word' id='word_1_318' title='bbox 1555 665 1605 702; x_wconf 87' lang='lat' dir='ltr'>ad</span> <span class='ocrx_word' id='word_1_319' title='bbox 1631 664 1796 716; x_wconf 87' lang='lat' dir='ltr'>aliquid,</span> <span class='ocrx_word' id='word_1_320' title='bbox 1830 678 1945 716; x_wconf 75' lang='lat' dir='ltr'>(piam</span> <span class='ocrx_word' id='word_1_321' title='bbox 1971 665 2087 716; x_wconf 75' lang='lat' dir='ltr'>signi-</span> 
     </span>
    </p>
   </div>
   <div class='ocr_carea' id='block_1_10' title="bbox 1214 720 2091 1056">
    <p class='ocr_par' dir='ltr' id='par_1_10' title="bbox 1214 720 2091 1056">
     <span class='ocr_line' id='line_1_55' title="bbox 1214 720 2086 767; baseline 0.002 -10"><span class='ocrx_word' id='word_1_322' title='bbox 1214 720 1433 758; x_wconf 85' lang='lat' dir='ltr'>ficationem</span> <span class='ocrx_word' id='word_1_323' title='bbox 1444 720 1591 759; x_wconf 86' lang='lat' dir='ltr'>Lexiea</span> <span class='ocrx_word' id='word_1_324' title='bbox 1604 723 1701 760; x_wconf 84' lang='lat' dir='ltr'>sutis</span> <span class='ocrx_word' id='word_1_325' title='bbox 1717 722 1920 761; x_wconf 80' lang='lat' dir='ltr'>illustrant.</span> <span class='ocrx_word' id='word_1_326' title='bbox 1943 720 2086 767; x_wconf 80' lang='lat' dir='ltr'>Quam-</span> 
     </span>
     <span class='ocr_line' id='line_1_56' title="bbox 1216 777 2090 827; baseline 0.001 -13"><span class='ocrx_word' id='word_1_327' title='bbox 1216 789 1331 827; x_wconf 83' lang='lat' dir='ltr'>quam</span> <span class='ocrx_word' id='word_1_328' title='bbox 1346 777 1420 815; x_wconf 79' lang='lat' dir='ltr'>lioc</span> <span class='ocrx_word' id='word_1_329' title='bbox 1440 791 1512 816; x_wconf 89' lang='lat' dir='ltr'>non</span> <span class='ocrx_word' id='word_1_330' title='bbox 1534 779 1769 827; x_wconf 74' lang='lat' dir='ltr'>negaverim.</span> <span class='ocrx_word' id='word_1_331' title='bbox 1788 778 2009 816; x_wconf 80' lang='lat' dir='ltr'>recessisse</span> <span class='ocrx_word' id='word_1_332' title='bbox 2026 777 2090 816; x_wconf 82' lang='lat' dir='ltr'>hic</span> 
     </span>
     <span class='ocr_line' id='line_1_57' title="bbox 1215 832 2089 884; baseline 0 -13"><span class='ocrx_word' id='word_1_333' title='bbox 1215 832 1428 884; x_wconf 87' lang='lat' dir='ltr'>Apuleium</span> <span class='ocrx_word' id='word_1_334' title='bbox 1465 835 1515 872; x_wconf 90' lang='lat' dir='ltr'>ab</span> <span class='ocrx_word' id='word_1_335' title='bbox 1551 836 1698 872; x_wconf 79' lang='lat' dir='ltr'>usitata</span> <span class='ocrx_word' id='word_1_336' title='bbox 1739 835 1891 873; x_wconf 84' lang='lat' dir='ltr'>dicendi</span> <span class='ocrx_word' id='word_1_337' title='bbox 1928 835 2089 876; x_wconf 86' lang='lat' dir='ltr'>ratione.</span> 
     </span>
     <span class='ocr_line' id='line_1_58' title="bbox 1219 890 2090 942; baseline 0.002 -16"><span class='ocrx_word' id='word_1_338' title='bbox 1219 902 1336 939; x_wconf 84' lang='lat' dir='ltr'>quum</span> <span class='ocrx_word' id='word_1_339' title='bbox 1356 904 1517 942; x_wconf 77' lang='lat' dir='ltr'>pronus</span> <span class='ocrx_word' id='word_1_340' title='bbox 1541 890 1616 928; x_wconf 86' lang='lat' dir='ltr'>soli</span> <span class='ocrx_word' id='word_1_341' title='bbox 1642 892 1808 928; x_wconf 84' lang='lat' dir='ltr'>astrisve</span> <span class='ocrx_word' id='word_1_342' title='bbox 1845 892 2090 929; x_wconf 85' lang='lat' dir='ltr'>coniunctum</span> 
     </span>
     <span class='ocr_line' id='line_1_59' title="bbox 1217 945 2091 999; baseline 0.001 -16"><span class='ocrx_word' id='word_1_343' title='bbox 1217 945 1334 983; x_wconf 89' lang='lat' dir='ltr'>modo</span> <span class='ocrx_word' id='word_1_344' title='bbox 1378 946 1427 983; x_wconf 89' lang='lat' dir='ltr'>de</span> <span class='ocrx_word' id='word_1_345' title='bbox 1470 946 1699 985; x_wconf 85' lang='lat' dir='ltr'>cadentibus</span> <span class='ocrx_word' id='word_1_346' title='bbox 1740 947 1871 999; x_wconf 83' lang='lat' dir='ltr'>adque</span> <span class='ocrx_word' id='word_1_347' title='bbox 1907 960 2091 986; x_wconf 81' lang='lat' dir='ltr'>occasum</span> 
     </span>
     <span class='ocr_line' id='line_1_60' title="bbox 1220 1003 1739 1056; baseline 0.006 -17"><span class='ocrx_word' id='word_1_348' title='bbox 1220 1003 1468 1053; x_wconf 85' lang='lat' dir='ltr'>vergentibus</span> <span class='ocrx_word' id='word_1_349' title='bbox 1492 1003 1739 1056; x_wconf 63' lang='lat' dir='ltr'>usurpetur]</span> 
     </span>
    </p>
   </div>
   <div class='ocr_carea' id='block_1_11' title="bbox 1215 1115 2096 3203">
    <p class='ocr_par' dir='ltr' id='par_1_11' title="bbox 1215 1115 2096 3203">
     <span class='ocr_line' id='line_1_61' title="bbox 1274 1115 2091 1169; baseline 0 -14"><span class='ocrx_word' id='word_1_350' title='bbox 1274 1115 1426 1155; x_wconf 78' lang='lat' dir='ltr'>iubare.</span> <span class='ocrx_word' id='word_1_351' title='bbox 1477 1115 1622 1168; x_wconf 72' lang='lat' dir='ltr'>[Iubar</span> <span class='ocrx_word' id='word_1_352' title='bbox 1646 1116 1709 1155; x_wconf 81' lang='lat' dir='ltr'>hic</span> <span class='ocrx_word' id='word_1_353' title='bbox 1732 1115 1861 1155; x_wconf 84' lang='lat' dir='ltr'>solem</span> <span class='ocrx_word' id='word_1_354' title='bbox 1885 1117 2013 1169; x_wconf 87' lang='lat' dir='ltr'>ipsum</span> <span class='ocrx_word' id='word_1_355' title='bbox 2040 1117 2091 1155; x_wconf 87' lang='lat' dir='ltr'>si-</span> 
     </span>
     <span class='ocr_line' id='line_1_62' title="bbox 1219 1173 2092 1225; baseline -0.002 -13"><span class='ocrx_word' id='word_1_356' title='bbox 1219 1173 1393 1225; x_wconf 80' lang='lat' dir='ltr'>gnificat,</span> <span class='ocrx_word' id='word_1_357' title='bbox 1436 1173 1543 1223; x_wconf 83' lang='lat' dir='ltr'>quod</span> <span class='ocrx_word' id='word_1_358' title='bbox 1575 1186 1659 1212; x_wconf 85' lang='lat' dir='ltr'>cum</span> <span class='ocrx_word' id='word_1_359' title='bbox 1694 1175 1888 1212; x_wconf 79' lang='lat' dir='ltr'>sententia</span> <span class='ocrx_word' id='word_1_360' title='bbox 1918 1177 2092 1212; x_wconf 83' lang='lat' dir='ltr'>veterum</span> 
     </span>
     <span class='ocr_line' id='line_1_63' title="bbox 1218 1230 2092 1282; baseline -0.001 -14"><span class='ocrx_word' id='word_1_361' title='bbox 1218 1230 1550 1282; x_wconf 81' lang='lat' dir='ltr'>grammaticorum</span> <span class='ocrx_word' id='word_1_362' title='bbox 1581 1231 1788 1268; x_wconf 79' lang='lat' dir='ltr'>convenire</span> <span class='ocrx_word' id='word_1_363' title='bbox 1819 1245 1894 1270; x_wconf 89' lang='lat' dir='ltr'>non</span> <span class='ocrx_word' id='word_1_364' title='bbox 1930 1231 2092 1274; x_wconf 86' lang='lat' dir='ltr'>videtur,</span> 
     </span>
     <span class='ocr_line' id='line_1_64' title="bbox 1218 1286 2091 1339; baseline 0.001 -15"><span class='ocrx_word' id='word_1_365' title='bbox 1218 1288 1283 1337; x_wconf 86' lang='lat' dir='ltr'>qui</span> <span class='ocrx_word' id='word_1_366' title='bbox 1298 1286 1542 1338; x_wconf 72' lang='lat' dir='ltr'>Luciferum</span> <span class='ocrx_word' id='word_1_367' title='bbox 1554 1288 1715 1339; x_wconf 81' lang='lat' dir='ltr'>proprie</span> <span class='ocrx_word' id='word_1_368' title='bbox 1735 1291 1774 1326; x_wconf 89' lang='lat' dir='ltr'>et</span> <span class='ocrx_word' id='word_1_369' title='bbox 1797 1291 1878 1326; x_wconf 90' lang='lat' dir='ltr'>tum</span> <span class='ocrx_word' id='word_1_370' title='bbox 1901 1287 2091 1338; x_wconf 72' lang='lat' dir='ltr'>splendo-</span> 
     </span>
     <span class='ocr_line' id='line_1_65' title="bbox 1215 1343 2091 1382; baseline -0.001 -1"><span class='ocrx_word' id='word_1_371' title='bbox 1215 1357 1300 1382; x_wconf 85' lang='lat' dir='ltr'>rem</span> <span class='ocrx_word' id='word_1_372' title='bbox 1330 1343 1428 1382; x_wconf 74' lang='lat' dir='ltr'>solis</span> <span class='ocrx_word' id='word_1_373' title='bbox 1458 1348 1705 1382; x_wconf 60' lang='lat' dir='ltr'>astrei-mnne</span> <span class='ocrx_word' id='word_1_374' title='bbox 1733 1345 1793 1382; x_wconf 84' lang='lat' dir='ltr'>sic</span> <span class='ocrx_word' id='word_1_375' title='bbox 1817 1343 2001 1382; x_wconf 84' lang='lat' dir='ltr'>nominari</span> <span class='ocrx_word' id='word_1_376' title='bbox 2027 1356 2091 1380; x_wconf 83' lang='lat' dir='ltr'>ex-</span> 
     </span>
     <span class='ocr_line' id='line_1_66' title="bbox 1215 1398 2092 1451; baseline 0.001 -14"><span class='ocrx_word' id='word_1_377' title='bbox 1215 1400 1371 1451; x_wconf 85' lang='lat' dir='ltr'>plicant.</span> <span class='ocrx_word' id='word_1_378' title='bbox 1420 1398 1468 1438; x_wconf 88' lang='lat' dir='ltr'>cs.</span> <span class='ocrx_word' id='word_1_379' title='bbox 1507 1398 1642 1438; x_wconf 85' lang='lat' dir='ltr'>Isidor.</span> <span class='ocrx_word' id='word_1_380' title='bbox 1680 1399 1788 1451; x_wconf 78' lang='lat' dir='ltr'>Orig.</span> <span class='ocrx_word' id='word_1_381' title='bbox 1826 1399 1889 1439; x_wconf 85' lang='lat'>111.</span> <span class='ocrx_word' id='word_1_382' title='bbox 1929 1404 1992 1441; x_wconf 88' lang='lat'>70.</span> <span class='ocrx_word' id='word_1_383' title='bbox 2028 1404 2092 1440; x_wconf 89' lang='lat'>18.</span> 
     </span>
     <span class='ocr_line' id='line_1_67' title="bbox 1217 1456 2092 1509; baseline -0.002 -13"><span class='ocrx_word' id='word_1_384' title='bbox 1217 1456 1394 1508; x_wconf 75' lang='lat' dir='ltr'>Lucifer</span> <span class='ocrx_word' id='word_1_385' title='bbox 1503 1457 1683 1509; x_wconf 79' lang='lat' dir='ltr'>proprie</span> <span class='ocrx_word' id='word_1_386' title='bbox 1715 1462 1755 1496; x_wconf 81' lang='lat' dir='ltr'>et</span> <span class='ocrx_word' id='word_1_387' title='bbox 1784 1457 1904 1496; x_wconf 72' lang='lat' dir='ltr'>iubar</span> <span class='ocrx_word' id='word_1_388' title='bbox 1935 1457 2092 1496; x_wconf 70' lang='lat' dir='ltr'>«licitur</span> 
     </span>
     <span class='ocr_line' id='line_1_68' title="bbox 1217 1513 2096 1567; baseline -0.001 -15"><span class='ocrx_word' id='word_1_389' title='bbox 1217 1527 1281 1557; x_wconf 86' lang='lat' dir='ltr'>eo,</span> <span class='ocrx_word' id='word_1_390' title='bbox 1316 1513 1432 1564; x_wconf 77' lang='lat' dir='ltr'>quod</span> <span class='ocrx_word' id='word_1_391' title='bbox 1455 1513 1571 1552; x_wconf 77' lang='lat' dir='ltr'>iubas</span> <span class='ocrx_word' id='word_1_392' title='bbox 1597 1513 1700 1553; x_wconf 69' lang='lat' dir='ltr'>lacis</span> <span class='ocrx_word' id='word_1_393' title='bbox 1724 1513 1928 1567; x_wconf 75' lang='lat' dir='ltr'>effundat,</span> <span class='ocrx_word' id='word_1_394' title='bbox 1959 1513 2030 1552; x_wconf 75' lang='lat' dir='ltr'>sed</span> <span class='ocrx_word' id='word_1_395' title='bbox 2055 1517 2096 1551; x_wconf 79' lang='lat' dir='ltr'>et</span> 
     </span>
     <span class='ocr_line' id='line_1_69' title="bbox 1216 1569 2093 1620; baseline -0.003 -11"><span class='ocrx_word' id='word_1_396' title='bbox 1216 1569 1417 1620; x_wconf 77' lang='lat' dir='ltr'>splendor</span> <span class='ocrx_word' id='word_1_397' title='bbox 1452 1569 1549 1607; x_wconf 70' lang='lat' dir='ltr'>solis</span> <span class='ocrx_word' id='word_1_398' title='bbox 1585 1584 1635 1608; x_wconf 80' lang='lat' dir='ltr'>ae</span> <span class='ocrx_word' id='word_1_399' title='bbox 1673 1569 1793 1609; x_wconf 70' lang='lat' dir='ltr'>leniae</span> <span class='ocrx_word' id='word_1_400' title='bbox 1823 1574 1861 1608; x_wconf 79' lang='lat' dir='ltr'>et</span> <span class='ocrx_word' id='word_1_401' title='bbox 1885 1569 2093 1608; x_wconf 70' lang='lat' dir='ltr'>stellarum</span> 
     </span>
     <span class='ocr_line' id='line_1_70' title="bbox 1220 1625 2095 1678; baseline 0 -14"><span class='ocrx_word' id='word_1_402' title='bbox 1220 1626 1341 1664; x_wconf 75' lang='lat' dir='ltr'>iubar</span> <span class='ocrx_word' id='word_1_403' title='bbox 1365 1630 1549 1670; x_wconf 75' lang='lat' dir='ltr'>vocatur,</span> <span class='ocrx_word' id='word_1_404' title='bbox 1579 1626 1693 1678; x_wconf 73' lang='lat' dir='ltr'>quod</span> <span class='ocrx_word' id='word_1_405' title='bbox 1718 1627 1760 1664; x_wconf 77' lang='lat' dir='ltr'>in</span> <span class='ocrx_word' id='word_1_406' title='bbox 1785 1626 1950 1664; x_wconf 80' lang='lat' dir='ltr'>modam</span> <span class='ocrx_word' id='word_1_407' title='bbox 1972 1625 2095 1664; x_wconf 77' lang='lat' dir='ltr'>iubae</span> 
     </span>
     <span class='ocr_line' id='line_1_71' title="bbox 1219 1681 2095 1732; baseline -0.002 -11"><span class='ocrx_word' id='word_1_408' title='bbox 1219 1682 1333 1721; x_wconf 72' lang='lat' dir='ltr'>radii</span> <span class='ocrx_word' id='word_1_409' title='bbox 1358 1682 1541 1732; x_wconf 73' lang='lat' dir='ltr'>ipsoram</span> <span class='ocrx_word' id='word_1_410' title='bbox 1561 1682 1849 1721; x_wconf 66' lang='lat' dir='ltr'>extendantur.</span> <span class='ocrx_word' id='word_1_411' title='bbox 1876 1681 1977 1720; x_wconf 85' lang='lat' dir='ltr'>Fere</span> <span class='ocrx_word' id='word_1_412' title='bbox 1991 1681 2095 1720; x_wconf 89' lang='lat' dir='ltr'>idem</span> 
     </span>
     <span class='ocr_line' id='line_1_72' title="bbox 1220 1735 2092 1789; baseline -0.002 -12"><span class='ocrx_word' id='word_1_413' title='bbox 1220 1739 1336 1777; x_wconf 87' lang='lat' dir='ltr'>docet</span> <span class='ocrx_word' id='word_1_414' title='bbox 1360 1735 1469 1776; x_wconf 82' lang='lat' dir='ltr'>Fest.</span> <span class='ocrx_word' id='word_1_415' title='bbox 1495 1752 1527 1777; x_wconf 87' lang='lat' dir='ltr'>s.</span> <span class='ocrx_word' id='word_1_416' title='bbox 1550 1751 1582 1777; x_wconf 82' lang='lat' dir='ltr'>v.</span> <span class='ocrx_word' id='word_1_417' title='bbox 1609 1751 1644 1789; x_wconf 88' lang='lat' dir='ltr'>p.</span> <span class='ocrx_word' id='word_1_418' title='bbox 1675 1743 1738 1778; x_wconf 89' lang='lat'>77.</span> <span class='ocrx_word' id='word_1_419' title='bbox 1767 1742 1805 1777; x_wconf 87' lang='lat' dir='ltr'>et</span> <span class='ocrx_word' id='word_1_420' title='bbox 1828 1738 1917 1778; x_wconf 87' lang='lat' dir='ltr'>Intt.</span> <span class='ocrx_word' id='word_1_421' title='bbox 1941 1738 1992 1776; x_wconf 88' lang='lat' dir='ltr'>ad</span> <span class='ocrx_word' id='word_1_422' title='bbox 2015 1737 2052 1776; x_wconf 89' lang='lat' dir='ltr'>h.</span> <span class='ocrx_word' id='word_1_423' title='bbox 2068 1738 2092 1776; x_wconf 95' lang='lat' dir='ltr'>l.</span> 
     </span>
     <span class='ocr_line' id='line_1_73' title="bbox 1220 1793 2091 1848; baseline 0 -15"><span class='ocrx_word' id='word_1_424' title='bbox 1220 1810 1255 1848; x_wconf 90' lang='lat' dir='ltr'>p.</span> <span class='ocrx_word' id='word_1_425' title='bbox 1284 1797 1376 1834; x_wconf 80' lang='lat'>453.</span> <span class='ocrx_word' id='word_1_426' title='bbox 1402 1793 1515 1834; x_wconf 72' lang='lat' dir='ltr'>Varr.</span> <span class='ocrx_word' id='word_1_427' title='bbox 1540 1794 1590 1832; x_wconf 88' lang='lat' dir='ltr'>de</span> <span class='ocrx_word' id='word_1_428' title='bbox 1616 1794 1661 1833; x_wconf 87' lang='lat' dir='ltr'>L.</span> <span class='ocrx_word' id='word_1_429' title='bbox 1686 1794 1736 1834; x_wconf 89' lang='lat' dir='ltr'>L.</span> <span class='ocrx_word' id='word_1_430' title='bbox 1760 1795 1827 1833; x_wconf 77' lang='lat' dir='ltr'>Vl.</span> <span class='ocrx_word' id='word_1_431' title='bbox 1854 1795 1883 1847; x_wconf 86' lang='lat'>§.</span> <span class='ocrx_word' id='word_1_432' title='bbox 1911 1798 1947 1836; x_wconf 81' lang='lat' dir='ltr'>(i.</span> <span class='ocrx_word' id='word_1_433' title='bbox 1974 1807 2012 1846; x_wconf 88' lang='lat' dir='ltr'>p.</span> <span class='ocrx_word' id='word_1_434' title='bbox 2027 1799 2091 1835; x_wconf 80' lang='lat'>75.</span> 
     </span>
     <span class='ocr_line' id='line_1_74' title="bbox 1218 1849 2092 1901; baseline -0.002 -11"><span class='ocrx_word' id='word_1_435' title='bbox 1218 1855 1257 1890; x_wconf 91' lang='lat' dir='ltr'>et</span> <span class='ocrx_word' id='word_1_436' title='bbox 1288 1849 1374 1889; x_wconf 76' lang='lat' dir='ltr'>Vll.</span> <span class='ocrx_word' id='word_1_437' title='bbox 1407 1855 1470 1892; x_wconf 83' lang='grc'>70.</span> <span class='ocrx_word' id='word_1_438' title='bbox 1501 1850 1650 1901; x_wconf 47' lang='lat'>§.1451</span> <span class='ocrx_word' id='word_1_439' title='bbox 1700 1851 1747 1890; x_wconf 84' lang='lat' dir='ltr'>cs.</span> <span class='ocrx_word' id='word_1_440' title='bbox 1774 1852 1883 1891; x_wconf 84' lang='lat' dir='ltr'>Serv.</span> <span class='ocrx_word' id='word_1_441' title='bbox 1909 1851 1959 1890; x_wconf 79' lang='lat' dir='ltr'>ad</span> <span class='ocrx_word' id='word_1_442' title='bbox 1985 1851 2092 1901; x_wconf 70' lang='lat' dir='ltr'>Virg.</span> 
     </span>
     <span class='ocr_line' id='line_1_75' title="bbox 1217 1906 2095 1953; baseline -0.002 -6"><span class='ocrx_word' id='word_1_443' title='bbox 1217 1909 1319 1947; x_wconf 86' lang='lat' dir='ltr'>Aen.</span> <span class='ocrx_word' id='word_1_444' title='bbox 1352 1906 1418 1946; x_wconf 86' lang='lat' dir='ltr'>IV.</span> <span class='ocrx_word' id='word_1_445' title='bbox 1454 1912 1563 1953; x_wconf 87' lang='grc'><strong>130.,</strong></span> <span class='ocrx_word' id='word_1_446' title='bbox 1594 1909 1659 1946; x_wconf 83' lang='lat' dir='ltr'>ubi</span> <span class='ocrx_word' id='word_1_447' title='bbox 1690 1908 1724 1946; x_wconf 87' lang='lat' dir='ltr'>in</span> <span class='ocrx_word' id='word_1_448' title='bbox 1758 1907 1956 1947; x_wconf 69' lang='lat' dir='ltr'>nonnullis</span> <span class='ocrx_word' id='word_1_449' title='bbox 1986 1906 2095 1946; x_wconf 84' lang='lat' dir='ltr'>libris</span> 
     </span>
     <span class='ocr_line' id='line_1_76' title="bbox 1218 1964 2092 2016; baseline -0.002 -12"><span class='ocrx_word' id='word_1_450' title='bbox 1218 1965 1357 2016; x_wconf 79' lang='lat' dir='ltr'>legitur</span> <span class='ocrx_word' id='word_1_451' title='bbox 1382 1965 1456 2003; x_wconf 73' lang='lat' dir='ltr'>alii</span> <span class='ocrx_word' id='word_1_452' title='bbox 1482 1964 1603 2003; x_wconf 76' lang='lat' dir='ltr'>iubar</span> <span class='ocrx_word' id='word_1_453' title='bbox 1631 1965 1771 2004; x_wconf 79' lang='lat' dir='ltr'>solem.-</span> <span class='ocrx_word' id='word_1_454' title='bbox 1804 1966 1880 2004; x_wconf 71' lang='lat' dir='ltr'>alii</span> <span class='ocrx_word' id='word_1_455' title='bbox 1903 1965 2092 2016; x_wconf 79' lang='lat' dir='ltr'>splendo-</span> 
     </span>
     <span class='ocr_line' id='line_1_77' title="bbox 1219 2021 2095 2061; baseline -0.003 0"><span class='ocrx_word' id='word_1_456' title='bbox 1219 2036 1301 2061; x_wconf 78' lang='lat' dir='ltr'>rem</span> <span class='ocrx_word' id='word_1_457' title='bbox 1325 2021 1505 2060; x_wconf 76' lang='lat' dir='ltr'>siderum</span> <span class='ocrx_word' id='word_1_458' title='bbox 1531 2021 1688 2061; x_wconf 76' lang='lat' dir='ltr'>dieunt.</span> <span class='ocrx_word' id='word_1_459' title='bbox 1735 2022 1862 2061; x_wconf 78' lang='lat' dir='ltr'>Iubar</span> <span class='ocrx_word' id='word_1_460' title='bbox 1886 2026 2016 2060; x_wconf 83' lang='lat' dir='ltr'>tamen</span> <span class='ocrx_word' id='word_1_461' title='bbox 2042 2021 2095 2059; x_wconf 82' lang='lat' dir='ltr'>de</span> 
     </span>
     <span class='ocr_line' id='line_1_78' title="bbox 1220 2077 2092 2130; baseline -0.002 -13"><span class='ocrx_word' id='word_1_462' title='bbox 1220 2078 1310 2117; x_wconf 83' lang='lat' dir='ltr'>sole</span> <span class='ocrx_word' id='word_1_463' title='bbox 1328 2078 1414 2129; x_wconf 90' lang='lat' dir='ltr'>ipso</span> <span class='ocrx_word' id='word_1_464' title='bbox 1441 2078 1527 2122; x_wconf 81' lang='lat' dir='ltr'>dici,</span> <span class='ocrx_word' id='word_1_465' title='bbox 1552 2078 1719 2130; x_wconf 75' lang='lat' dir='ltr'>probant</span> <span class='ocrx_word' id='word_1_466' title='bbox 1733 2078 1805 2117; x_wconf 87' lang='lat' dir='ltr'>loci</span> <span class='ocrx_word' id='word_1_467' title='bbox 1820 2078 1924 2130; x_wconf 80' lang='lat' dir='ltr'>apud</span> <span class='ocrx_word' id='word_1_468' title='bbox 1937 2077 2092 2116; x_wconf 76' lang='lat' dir='ltr'>Lucret.</span> 
     </span>
     <span class='ocr_line' id='line_1_79' title="bbox 1220 2133 2093 2186; baseline -0.002 -12"><span class='ocrx_word' id='word_1_469' title='bbox 1220 2135 1287 2174; x_wconf 80' lang='lat' dir='ltr'>IV.</span> <span class='ocrx_word' id='word_1_470' title='bbox 1312 2138 1407 2174; x_wconf 84' lang='lat'>405.</span> <span class='ocrx_word' id='word_1_471' title='bbox 1434 2138 1474 2172; x_wconf 87' lang='lat' dir='ltr'>et</span> <span class='ocrx_word' id='word_1_472' title='bbox 1496 2134 1545 2173; x_wconf 84' lang='lat' dir='ltr'>V.</span> <span class='ocrx_word' id='word_1_473' title='bbox 1574 2138 1666 2175; x_wconf 79' lang='lat'>696.</span> <span class='ocrx_word' id='word_1_474' title='bbox 1693 2139 1732 2173; x_wconf 86' lang='lat' dir='ltr'>et</span> <span class='ocrx_word' id='word_1_475' title='bbox 1757 2134 1805 2173; x_wconf 80' lang='lat' dir='ltr'>ef.</span> <span class='ocrx_word' id='word_1_476' title='bbox 1832 2148 1935 2186; x_wconf 84' lang='lat' dir='ltr'>quae</span> <span class='ocrx_word' id='word_1_477' title='bbox 1959 2133 2093 2172; x_wconf 79' lang='lat' dir='ltr'>Barth.</span> 
     </span>
     <span class='ocr_line' id='line_1_80' title="bbox 1221 2192 2094 2243; baseline 0 -15"><span class='ocrx_word' id='word_1_478' title='bbox 1221 2206 1243 2229; x_wconf 88' lang='lat' dir='ltr'>e</span> <span class='ocrx_word' id='word_1_479' title='bbox 1270 2192 1495 2242; x_wconf 81' lang='lat' dir='ltr'>posterioris</span> <span class='ocrx_word' id='word_1_480' title='bbox 1520 2193 1661 2230; x_wconf 83' lang='lat' dir='ltr'>aetatis</span> <span class='ocrx_word' id='word_1_481' title='bbox 1686 2192 1938 2243; x_wconf 82' lang='lat' dir='ltr'>scriptoribus</span> <span class='ocrx_word' id='word_1_482' title='bbox 1964 2204 2094 2229; x_wconf 76' lang='lat' dir='ltr'>exem-</span> 
     </span>
     <span class='ocr_line' id='line_1_81' title="bbox 1221 2245 2092 2300; baseline -0.001 -14"><span class='ocrx_word' id='word_1_483' title='bbox 1221 2248 1287 2300; x_wconf 89' lang='lat' dir='ltr'>pla</span> <span class='ocrx_word' id='word_1_484' title='bbox 1313 2251 1520 2286; x_wconf 84' lang='lat' dir='ltr'>enumerat.</span> <span class='ocrx_word' id='word_1_485' title='bbox 1546 2247 1715 2286; x_wconf 81' lang='lat' dir='ltr'>Advers.</span> <span class='ocrx_word' id='word_1_486' title='bbox 1740 2245 1870 2287; x_wconf 71' lang='lat' dir='ltr'><strong>XVII.</strong></span> <span class='ocrx_word' id='word_1_487' title='bbox 1886 2252 1922 2288; x_wconf 87' lang='lat'>3.</span> <span class='ocrx_word' id='word_1_488' title='bbox 1948 2251 2092 2298; x_wconf 82' lang='lat' dir='ltr'>p.865.</span> 
     </span>
     <span class='ocr_line' id='line_1_82' title="bbox 1215 2303 2095 2355; baseline -0.003 -11"><span class='ocrx_word' id='word_1_489' title='bbox 1215 2305 1331 2344; x_wconf 84' lang='lat' dir='ltr'>Mart.</span> <span class='ocrx_word' id='word_1_490' title='bbox 1360 2304 1462 2355; x_wconf 71' lang='lat' dir='ltr'>Lag.</span> <span class='ocrx_word' id='word_1_491' title='bbox 1489 2304 1539 2342; x_wconf 88' lang='lat' dir='ltr'>ad</span> <span class='ocrx_word' id='word_1_492' title='bbox 1564 2305 1712 2343; x_wconf 85' lang='lat' dir='ltr'>Lucan.</span> <span class='ocrx_word' id='word_1_493' title='bbox 1738 2305 1787 2344; x_wconf 62' lang='lat' dir='ltr'>Y.</span> <span class='ocrx_word' id='word_1_494' title='bbox 1814 2308 1907 2345; x_wconf 76' lang='lat'>456.</span> <span class='ocrx_word' id='word_1_495' title='bbox 1928 2304 2018 2342; x_wconf 75' lang='lat' dir='ltr'>Intt.</span> <span class='ocrx_word' id='word_1_496' title='bbox 2044 2303 2095 2342; x_wconf 92' lang='lat' dir='ltr'>ad</span> 
     </span>
     <span class='ocr_line' id='line_1_83' title="bbox 1215 2358 2093 2412; baseline 0 -14"><span class='ocrx_word' id='word_1_497' title='bbox 1215 2362 1322 2411; x_wconf 71' lang='lat' dir='ltr'>Vix-g.</span> <span class='ocrx_word' id='word_1_498' title='bbox 1349 2362 1449 2399; x_wconf 80' lang='lat' dir='ltr'>Aen.</span> <span class='ocrx_word' id='word_1_499' title='bbox 1476 2360 1544 2400; x_wconf 85' lang='lat' dir='ltr'>IV.</span> <span class='ocrx_word' id='word_1_500' title='bbox 1573 2365 1662 2401; x_wconf 89' lang='grc'><strong>130.</strong></span> <span class='ocrx_word' id='word_1_501' title='bbox 1690 2361 1808 2412; x_wconf 89' lang='lat' dir='ltr'>Apul.</span> <span class='ocrx_word' id='word_1_502' title='bbox 1823 2358 1920 2400; x_wconf 84' lang='lat' dir='ltr'>Met.</span> <span class='ocrx_word' id='word_1_503' title='bbox 1935 2360 1960 2399; x_wconf 89' lang='lat' dir='ltr'>I.</span> <span class='ocrx_word' id='word_1_504' title='bbox 1975 2374 2012 2411; x_wconf 93' lang='lat' dir='ltr'>p.</span> <span class='ocrx_word' id='word_1_505' title='bbox 2028 2364 2093 2400; x_wconf 80' lang='lat'>58.</span> 
     </span>
     <span class='ocr_line' id='line_1_84' title="bbox 1219 2417 2093 2457; baseline -0.002 0"><span class='ocrx_word' id='word_1_506' title='bbox 1219 2423 1257 2457; x_wconf 78' lang='lat' dir='ltr'>et</span> <span class='ocrx_word' id='word_1_507' title='bbox 1286 2419 1367 2456; x_wconf 75' lang='lat' dir='ltr'>iane.</span> <span class='ocrx_word' id='word_1_508' title='bbox 1401 2417 1555 2457; x_wconf 69' lang='lat' dir='ltr'>iubaris</span> <span class='ocrx_word' id='word_1_509' title='bbox 1591 2422 1742 2457; x_wconf 70' lang='lat' dir='ltr'>exortu</span> <span class='ocrx_word' id='word_1_510' title='bbox 1779 2422 1928 2457; x_wconf 65' lang='lat' dir='ltr'>maneta</span> <span class='ocrx_word' id='word_1_511' title='bbox 1966 2417 2093 2456; x_wconf 68' lang='lat' dir='ltr'>collec-</span> 
     </span>
     <span class='ocr_line' id='line_1_85' title="bbox 1218 2473 2094 2525; baseline -0.002 -12"><span class='ocrx_word' id='word_1_512' title='bbox 1218 2479 1411 2514; x_wconf 72' lang='lat' dir='ltr'>slrcmtur.</span> <span class='ocrx_word' id='word_1_513' title='bbox 1449 2473 1495 2512; x_wconf 90' lang='lat' dir='ltr'>II.</span> <span class='ocrx_word' id='word_1_514' title='bbox 1533 2487 1570 2525; x_wconf 89' lang='lat' dir='ltr'>p.</span> <span class='ocrx_word' id='word_1_515' title='bbox 1609 2477 1673 2514; x_wconf 87' lang='lat'>83.</span> <span class='ocrx_word' id='word_1_516' title='bbox 1712 2475 1763 2513; x_wconf 71' lang='lat' dir='ltr'>(Ie</span> <span class='ocrx_word' id='word_1_517' title='bbox 1799 2473 1954 2513; x_wconf 64' lang='lat' dir='ltr'>iubaris</span> <span class='ocrx_word' id='word_1_518' title='bbox 1985 2473 2094 2512; x_wconf 81' lang='lat' dir='ltr'>orbe.</span> 
     </span>
     <span class='ocr_line' id='line_1_86' title="bbox 1219 2530 2094 2581; baseline 0.001 -13"><span class='ocrx_word' id='word_1_519' title='bbox 1219 2530 1321 2569; x_wconf 70' lang='lat' dir='ltr'>wll.</span> <span class='ocrx_word' id='word_1_520' title='bbox 1362 2545 1397 2581; x_wconf 94' lang='lat' dir='ltr'>p.</span> <span class='ocrx_word' id='word_1_521' title='bbox 1437 2535 1529 2570; x_wconf 80' lang='lat'>588.</span> <span class='ocrx_word' id='word_1_522' title='bbox 1567 2535 1662 2569; x_wconf 73' lang='lat' dir='ltr'>(mle</span> <span class='ocrx_word' id='word_1_523' title='bbox 1697 2531 1854 2570; x_wconf 72' lang='lat' dir='ltr'>iubaris</span> <span class='ocrx_word' id='word_1_524' title='bbox 1891 2535 2094 2569; x_wconf 63' lang='lat' dir='ltr'>exortum.</span> 
     </span>
     <span class='ocr_line' id='line_1_87' title="bbox 1223 2586 2092 2626; baseline -0.002 -1"><span class='ocrx_word' id='word_1_525' title='bbox 1223 2587 1278 2626; x_wconf 82' lang='lat' dir='ltr'>Ita</span> <span class='ocrx_word' id='word_1_526' title='bbox 1303 2588 1367 2626; x_wconf 83' lang='lat' dir='ltr'>sol</span> <span class='ocrx_word' id='word_1_527' title='bbox 1391 2587 1526 2625; x_wconf 84' lang='lat' dir='ltr'>dicitur</span> <span class='ocrx_word' id='word_1_528' title='bbox 1551 2587 1671 2626; x_wconf 70' lang='lat' dir='ltr'>iubar</span> <span class='ocrx_word' id='word_1_529' title='bbox 1694 2587 1743 2624; x_wconf 82' lang='lat' dir='ltr'>ab</span> <span class='ocrx_word' id='word_1_530' title='bbox 1763 2587 1913 2625; x_wconf 83' lang='lat' dir='ltr'>Auson.</span> <span class='ocrx_word' id='word_1_531' title='bbox 1931 2586 2092 2624; x_wconf 85' lang='lat' dir='ltr'>Mosell.</span> 
     </span>
     <span class='ocr_line' id='line_1_88' title="bbox 1224 2642 2095 2685; baseline -0.006 0"><span class='ocrx_word' id='word_1_532' title='bbox 1224 2648 1307 2685; x_wconf 88' lang='grc'><strong>16..</strong></span> <span class='ocrx_word' id='word_1_533' title='bbox 1345 2644 1410 2682; x_wconf 83' lang='lat' dir='ltr'>ubi</span> <span class='ocrx_word' id='word_1_534' title='bbox 1446 2643 1548 2682; x_wconf 86' lang='lat' dir='ltr'>male</span> <span class='ocrx_word' id='word_1_535' title='bbox 1585 2642 1719 2681; x_wconf 86' lang='lat' dir='ltr'>Tross.</span> <span class='ocrx_word' id='word_1_536' title='bbox 1762 2643 1939 2682; x_wconf 64' lang='lat' dir='ltr'>nitidam,</span> <span class='ocrx_word' id='word_1_537' title='bbox 1973 2643 2095 2682; x_wconf 75' lang='lat' dir='ltr'>iubar</span> 
     </span>
     <span class='ocr_line' id='line_1_89' title="bbox 1222 2698 2093 2752; baseline -0.002 -14"><span class='ocrx_word' id='word_1_538' title='bbox 1222 2701 1387 2740; x_wconf 82' lang='lat' dir='ltr'>coniecit</span> <span class='ocrx_word' id='word_1_539' title='bbox 1424 2714 1494 2751; x_wconf 90' lang='lat' dir='ltr'>pro</span> <span class='ocrx_word' id='word_1_540' title='bbox 1533 2700 1734 2752; x_wconf 72' lang='lat' dir='ltr'>liquidum</span> <span class='ocrx_word' id='word_1_541' title='bbox 1771 2700 1900 2738; x_wconf 68' lang='lat' dir='ltr'>iuba-r.</span> <span class='ocrx_word' id='word_1_542' title='bbox 1944 2698 2093 2745; x_wconf 75' lang='lat' dir='ltr'>Quam-</span> 
     </span>
     <span class='ocr_line' id='line_1_90' title="bbox 1222 2755 2093 2808; baseline -0.002 -13"><span class='ocrx_word' id='word_1_543' title='bbox 1222 2771 1338 2808; x_wconf 85' lang='lat' dir='ltr'>quam</span> <span class='ocrx_word' id='word_1_544' title='bbox 1377 2757 1477 2795; x_wconf 87' lang='lat' dir='ltr'>enim</span> <span class='ocrx_word' id='word_1_545' title='bbox 1515 2758 1615 2795; x_wconf 84' lang='lat' dir='ltr'>bene</span> <span class='ocrx_word' id='word_1_546' title='bbox 1647 2756 1904 2797; x_wconf 84' lang='lat' dir='ltr'>demonstrat.</span> <span class='ocrx_word' id='word_1_547' title='bbox 1943 2755 1982 2793; x_wconf 90' lang='lat' dir='ltr'>id</span> <span class='ocrx_word' id='word_1_548' title='bbox 2007 2769 2093 2794; x_wconf 85' lang='lat' dir='ltr'>sae-</span> 
     </span>
     <span class='ocr_line' id='line_1_91' title="bbox 1221 2812 2094 2865; baseline 0 -16"><span class='ocrx_word' id='word_1_549' title='bbox 1221 2815 1309 2865; x_wconf 78' lang='lat' dir='ltr'>pius</span> <span class='ocrx_word' id='word_1_550' title='bbox 1347 2813 1421 2852; x_wconf 81' lang='lat' dir='ltr'>diei</span> <span class='ocrx_word' id='word_1_551' title='bbox 1458 2814 1506 2851; x_wconf 88' lang='lat' dir='ltr'>de</span> <span class='ocrx_word' id='word_1_552' title='bbox 1544 2814 1675 2851; x_wconf 85' lang='lat' dir='ltr'>iubare</span> <span class='ocrx_word' id='word_1_553' title='bbox 1712 2816 1750 2850; x_wconf 89' lang='lat' dir='ltr'>et</span> <span class='ocrx_word' id='word_1_554' title='bbox 1785 2812 1835 2849; x_wconf 91' lang='lat' dir='ltr'>de</span> <span class='ocrx_word' id='word_1_555' title='bbox 1873 2812 1962 2850; x_wconf 83' lang='lat' dir='ltr'>sole</span> <span class='ocrx_word' id='word_1_556' title='bbox 1994 2812 2094 2862; x_wconf 78' lang='lat' dir='ltr'>ipso,</span> 
     </span>
     <span class='ocr_line' id='line_1_92' title="bbox 1221 2868 2095 2922; baseline -0.002 -14"><span class='ocrx_word' id='word_1_557' title='bbox 1221 2870 1404 2922; x_wconf 83' lang='lat' dir='ltr'>exempla</span> <span class='ocrx_word' id='word_1_558' title='bbox 1428 2874 1556 2908; x_wconf 84' lang='lat' dir='ltr'>tamen</span> <span class='ocrx_word' id='word_1_559' title='bbox 1582 2873 1688 2915; x_wconf 80' lang='lat' dir='ltr'>sunt,</span> <span class='ocrx_word' id='word_1_560' title='bbox 1720 2868 1784 2906; x_wconf 86' lang='lat' dir='ltr'>ubi</span> <span class='ocrx_word' id='word_1_561' title='bbox 1816 2869 2020 2921; x_wconf 75' lang='lat' dir='ltr'>liquidnm</span> <span class='ocrx_word' id='word_1_562' title='bbox 2045 2869 2095 2906; x_wconf 89' lang='lat' dir='ltr'>de</span> 
     </span>
     <span class='ocr_line' id='line_1_93' title="bbox 1221 2924 2094 2977; baseline -0.002 -13"><span class='ocrx_word' id='word_1_563' title='bbox 1221 2926 1365 2964; x_wconf 77' lang='lat' dir='ltr'>lumine</span> <span class='ocrx_word' id='word_1_564' title='bbox 1391 2930 1428 2965; x_wconf 81' lang='lat' dir='ltr'>et</span> <span class='ocrx_word' id='word_1_565' title='bbox 1453 2926 1501 2964; x_wconf 86' lang='lat' dir='ltr'>de</span> <span class='ocrx_word' id='word_1_566' title='bbox 1515 2926 1602 2964; x_wconf 82' lang='lat' dir='ltr'>sole</span> <span class='ocrx_word' id='word_1_567' title='bbox 1621 2926 1783 2977; x_wconf 87' lang='lat' dir='ltr'>ponitur.</span> <span class='ocrx_word' id='word_1_568' title='bbox 1811 2925 1858 2963; x_wconf 81' lang='lat' dir='ltr'>cs.</span> <span class='ocrx_word' id='word_1_569' title='bbox 1874 2924 2094 2963; x_wconf 62' lang='lat' dir='ltr'>LroereLY.</span> 
     </span>
     <span class='ocr_line' id='line_1_94' title="bbox 1223 2982 2094 3035; baseline -0.008 -10"><span class='ocrx_word' id='word_1_570' title='bbox 1223 2987 1316 3025; x_wconf 76' lang='lat'>282.</span> <span class='ocrx_word' id='word_1_571' title='bbox 1343 2983 1512 3035; x_wconf 71' lang='lat' dir='ltr'>Laryzcs</span> <span class='ocrx_word' id='word_1_572' title='bbox 1537 2983 1644 3022; x_wconf 78' lang='lat' dir='ltr'>idem</span> <span class='ocrx_word' id='word_1_573' title='bbox 1669 2983 1823 3034; x_wconf 73' lang='lat' dir='ltr'>liquidi</span> <span class='ocrx_word' id='word_1_574' title='bbox 1850 2984 1948 3033; x_wconf 77' lang='lat' dir='ltr'>fons</span> <span class='ocrx_word' id='word_1_575' title='bbox 1983 2982 2094 3020; x_wconf 75' lang='lat' dir='ltr'>lumi-</span> 
     </span>
     <span class='ocr_line' id='line_1_95' title="bbox 1222 3037 2095 3081; baseline -0.003 -3"><span class='ocrx_word' id='word_1_576' title='bbox 1222 3041 1305 3081; x_wconf 69' lang='lat' dir='ltr'>nis.</span> <span class='ocrx_word' id='word_1_577' title='bbox 1337 3040 1542 3079; x_wconf 73' lang='lat' dir='ltr'>aetherius</span> <span class='ocrx_word' id='word_1_578' title='bbox 1571 3039 1636 3078; x_wconf 78' lang='lat' dir='ltr'>sol</span> <span class='ocrx_word' id='word_1_579' title='bbox 1670 3037 1771 3076; x_wconf 57' lang='grc' dir='ltr'><strong>(ἴω-1.</strong></span> <span class='ocrx_word' id='word_1_580' title='bbox 1801 3037 1887 3075; x_wconf 67' lang='lat' dir='ltr'>VH.</span> <span class='ocrx_word' id='word_1_581' title='bbox 1924 3042 1985 3077; x_wconf 82' lang='lat'>11.</span> <span class='ocrx_word' id='word_1_582' title='bbox 2023 3037 2095 3075; x_wconf 74' lang='lat' dir='ltr'>sed</span> 
     </span>
     <span class='ocr_line' id='line_1_96' title="bbox 1223 3093 2093 3149; baseline -0.007 -13"><span class='ocrx_word' id='word_1_583' title='bbox 1223 3096 1293 3136; x_wconf 72' lang='lat' dir='ltr'>ubi</span> <span class='ocrx_word' id='word_1_584' title='bbox 1319 3097 1524 3149; x_wconf 72' lang='lat' dir='ltr'>liquidior</span> <span class='ocrx_word' id='word_1_585' title='bbox 1549 3096 1625 3135; x_wconf 65' lang='lat' dir='ltr'>lux</span> <span class='ocrx_word' id='word_1_586' title='bbox 1650 3094 1766 3134; x_wconf 82' lang='lat' dir='ltr'>coelo</span> <span class='ocrx_word' id='word_1_587' title='bbox 1793 3095 1994 3145; x_wconf 70' lang='lat' dir='ltr'>apparuit</span> <span class='ocrx_word' id='word_1_588' title='bbox 2018 3093 2039 3131; x_wconf 94' lang='lat' dir='ltr'>i.</span> <span class='ocrx_word' id='word_1_589' title='bbox 2060 3106 2093 3130; x_wconf 89' lang='lat' dir='ltr'>e.</span> 
     </span>
     <span class='ocr_line' id='line_1_97' title="bbox 1223 3150 1974 3203; baseline -0.003 -13"><span class='ocrx_word' id='word_1_590' title='bbox 1223 3152 1287 3191; x_wconf 90' lang='lat' dir='ltr'>ubi</span> <span class='ocrx_word' id='word_1_591' title='bbox 1314 3153 1375 3192; x_wconf 85' lang='lat' dir='ltr'>sol</span> <span class='ocrx_word' id='word_1_592' title='bbox 1402 3151 1513 3191; x_wconf 86' lang='lat' dir='ltr'>coelo</span> <span class='ocrx_word' id='word_1_593' title='bbox 1538 3152 1678 3190; x_wconf 82' lang='lat' dir='ltr'>clarius</span> <span class='ocrx_word' id='word_1_594' title='bbox 1703 3150 1974 3203; x_wconf 67' lang='lat' dir='ltr'>splendebat]</span> 
     </span>
    </p>
   </div>
  </div>
 </body>
</html>
