2155 3590
647 150 834 192 LIBER
855 151 954 194 v11.

89 265 220 307 textili
243 270 422 305 contecto
447 263 594 318 capite,
623 263 764 305 calceis
789 262 1013 320 femininis}
1035 263 1132 305 albis
1162 262 1240 304 illis
1269 269 1309 304 et
1337 262 1518 304 tenuibus
1548 263 1732 314 indutus,
1766 269 1805 304 et
1833 262 1874 304 in
1897 275 1963 309 460

1013 151 1140 193 CAP.
1165 151 1287 191 VIII.
1792 151 1874 194 543

89 403 199 432 textili
209 406 246 433 G.
260 405 276 433 1
317 403 453 433 texstz'li
462 406 502 434 D.
528 402 630 432 texile·
639 411 670 439 p.
717 405 878 431 contexto
891 404 930 432 D.
969 401 1154 442 foemineis
1166 402 1203 432 F.
1218 403 1248 431 1.
1261 402 1299 431 B.
1311 402 1351 431 D.
1364 400 1388 430 f.
1400 402 1435 430 0.
1449 398 1478 430 δ.
1491 403 1530 430 R.
1543 403 1626 431 Elm.
1640 401 1874 431 scriv.F10rid.

79 450 224 501 γεῆι-’πίε
237 468 267 495 p.
292 461 329 490 In
341 464 414 489 cett.
427 461 518 489 codd.
533 463 564 489 et
577 461 648 489 edd.
662 461 738 488 vett.
750 459 871 495 legitur
875 458 1073 498 femininis,
1097 459 1164 487 nisi
1182 459 1265 493 quod
1281 458 1318 486 F.
1338 458 1369 486 3.
1389 457 1512 486 scribat
1522 457 1737 496 faemininis.
1760 460 1797 486 In
1816 466 1876 487 ex-

87 506 206 540 cerptis
219 507 297 534 oud.
312 514 354 534 ex
367 505 472 535 Guelf.
487 506 583 535 codd.
597 505 679 533 nihil
691 505 880 532 adnotatum
893 508 972 532 erat.
996 506 1034 532 In
1046 507 1180 538 utroque
1192 511 1269 532 vero
1282 502 1402 537 legitur
1406 501 1597 540 femininis.
1644 501 1712 531 illis
1725 502 1811 530 albis
1823 511 1876 531 οι·-

87 551 161 579 dine
173 551 304 579 inverso
319 552 355 579 G.
369 552 400 579 2.
412 552 449 580 P.
463 552 502 579 D.
548 547 705 577 inductus
718 546 746 577 δ.
784 547 924 576 indueus
937 550 972 577 0.
1008 547 1151 577 induciis
1164 556 1202 577 π.
1236 546 1377 576 indutiis
1395 549 1431 576 G.
1448 548 1475 576 1.
1490 548 1520 575 2.
1535 548 1573 576 D.
1592 549 1630 576 In
1649 551 1720 576 cett.
1740 549 1828 577 codd.
1841 550 1877 576 ut

86 596 123 624 F.
138 597 167 625 1.
181 597 212 624 3.
225 597 262 624 Β.
276 598 307 624 et
320 596 389 624 edd.
405 598 481 624 vett.
499 597 530 623 et
548 597 680 623 recentt.
700 592 848 622 indutae.

87 714 166 754 lum
179 716 356 766 nuspiam
369 714 461 753 alibi
473 714 576 767 apud
588 714 792 753 Romanos
815 715 955 765 reperi-

86 776 157 810 tur.
204 771 320 810 Nova
353 785 444 810 vero
482 783 736 822 quaecunque
767 768 956 809 vocabula

86 828 256 880 Apuleio
270 828 462 866 intrudere
471 841 545 866 non
555 826 848 873 licet,nisiMss.
857 826 954 864 fides

86 884 259 923 accedat.
279 884 461 935 Denique
474 883 625 922 facilins
638 887 768 935 potest
782 881 953 933 intelligi,

86 954 153 978 cur
163 942 193 993 sl
199 941 365 980 occidus
379 941 517 978 librarii
531 940 837 984 emendaverint,
864 939 955 988 quia

86 996 189 1034 idem
200 997 401 1049 flaccidos
414 1010 508 1034 esse
520 997 721 1047 putabant,
738 995 843 1046 quod
854 1008 952 1033 voce

86 1053 195 1091 sinus
218 1052 292 1089 iam
318 1065 549 1103 expressum
563 1056 660 1100 erat3
686 1064 801 1102 quam
820 1054 950 1089 notum

86 1112 149 1145 cst
178 1109 338 1158 saepius
370 1109 418 1146 de
449 1112 561 1146 veste
591 1106 720 1159 ampla
750 1112 789 1145 et
810 1106 952 1144 fluente

85 1164 191 1215 apud
214 1168 366 1202 veteres
392 1165 465 1202 dici
490 1164 537 1202 cf.
551 1164 660 1214 Virg.
685 1164 783 1201 Aen.
802 1162 834 1200 I.
856 1166 949 1203 320.

86 1221 200 1259 nacla
234 1234 344 1272 yenu
378 1221 571 1272 nodoque
605 1221 738 1258 sinus
774 1218 951 1257 collecta

82 1277 254 1329 fluentis.
271 1274 368 1314 Tum
382 1277 432 1313 de
440 1276 721 1325 vestibusipsis
734 1275 771 1312 in
784 1288 859 1312 usu
872 1277 954 1312 erat

85 1332 133 1370 cf.
157 1330 313 1369 Ruhnk.
338 1332 440 1370 Dict.
466 1331 515 1370 ad
537 1330 650 1369 Ovid.
670 1330 828 1368 Heroid.
844 1329 871 1367 1.
887 1333 951 1369 45.

81 1401 210 1440 usqne
223 1392 325 1426 metu
339 1389 513 1427 micuere
530 1388 650 1426 sinus.
687 1386 736 1424 V.
757 1390 821 1425 71.
846 1383 953 1424 XIII.

83 1447 148 1484 36.
175 1443 224 1481 ad
249 1443 380 1481 Albin.
407 1443 518 1494 Eleg.
539 1446 626 1482 134.
647 1455 685 1492 p.
703 1445 793 1482 122.
818 1441 953 1480 Burm.

81 1498 295 1538 adPetron.
308 1503 397 1539 122.
406 1499 599 1538 Accurate
606 1511 699 1535 vero
715 1497 764 1536 ad
779 1501 952 1536 nostrum

83 1556 209 1594 locum
234 1555 505 1606 explicandum
529 1554 621 1592 facit
644 1554 756 1592 locus
771 1552 865 1592 Cod.
880 1551 949 1592 XI.

82 1616 148 1652 40.
163 1615 199 1651 4.
214 1611 406 1663 Agitator
430 1611 626 1663 ruqosis
649 1610 844 1650 sinibus.
870 1609 950 1648 Au-

81 1669 245 1718 rig-arum
277 1667 379 1705 enim
407 1667 581 1705 habitum
609 1665 711 1704 hunc
734 1665 860 1704 fuisse
885 1665 951 1704 de-

81 1727 274 1762 monstrat
309 1723 465 1773 aurigae
500 1723 638 1773 figura,
676 1735 793 1772 quam
822 1721 950 1760 habes

82 1779 186 1830 apud
210 1779 245 1816 Χ
250 1779 386 1817 iscont.
392 1764 505 1818 Mus.
519 1777 809 1817 Pio-Clement.
825 1776 870 1815 T.
885 1777 948 1817 III.

82 1836 158 1874 tab.
185 1839 256 1883 313
286 1835 389 1873 uude
420 1849 486 1873 cur
514 1836 626 1873 unice
656 1834 720 1872 hic
749 1834 951 1886 flaccidos

80 1892 232 1942 probari
257 1892 403 1942 possit,
435 1890 606 1929 efficitur.
653 1889 756 1929 Nam
787 1890 949 1928 consilio

81 1948 181 1986 haec
193 1947 340 1985 addidit
354 1947 449 1985 latro
458 1978 468 1993 ,
493 1951 535 1984 ut
547 1959 624 1997 qua
635 1948 782 1984 ratione
796 1945 950 1984 facilius

81 2004 225 2042 milites
251 2003 495 2053 decepisset,
521 2002 765 2048 ostenderet,
803 2002 949 2053 quippe

83 2061 146 2109 qui
173 2072 278 2104 eum,
309 2059 466 2109 aurigae
496 2058 668 2096 habitum
698 2071 791 2108 prae
822 2070 869 2094 se
894 2056 950 2094 se-

82 2119 248 2160 rentem,
286 2115 490 2152 asinariam
525 2113 725 2152 mulierem
761 2117 951 2164 putarent.

84 2171 308 2210 Flaccilla-5
330 2170 521 2208 vocabulo
545 2169 664 2220 Apul.
686 2170 822 2207 iterum
840 2183 950 2208 usur-

82 2227 190 2278 pavit
202 2225 346 2264 Florid.
360 2239 396 2276 p.
415 2229 477 2265 16.
493 2225 542 2263 de
554 2224 653 2263 velis
675 2230 715 2264 et
730 2225 951 2271 immittere,

80 2297 131 2322 ne
150 2282 338 2334 pendula
363 2286 403 2320 et
421 2281 621 2334 flaccida,
645 2294 741 2320 nez-e
764 2282 950 2320 restricta

82 2344 123 2378 et
135 2342 331 2389 caperata
344 2339 432 2376 sint.
457 2337 596 2376 Lectio
617 2337 700 2375 cod.
715 2337 751 2376 d.
771 2338 862 2377 sina
874 2351 949 2375 non

81 2394 276 2445 probatur,
291 2406 525 2444 quamquam
538 2393 751 2439 scio,sinus
763 2393 951 2444 singulari

80 2463 238 2488 numero
263 2450 379 2487 etiam
411 2449 461 2487 de
491 2449 566 2487 hac
594 2450 716 2487 vestis
745 2453 856 2500 parte
887 2448 950 2486 vel

79 2507 130 2544 de
154 2509 236 2544 tota
259 2509 371 2543 veste
396 2505 483 2544 dici.
509 2505 623 2544 Ovid.
650 2505 758 2543 Fast.
783 2503 828 2542 11.
855 2509 948 2545 310.

79 2563 173 2602 Ibat
196 2563 382 2600 odoratis
401 2562 586 2601 humeros
594 2564 769 2613 perfusa
785 2561 950 2612 capillis

79 2619 286 2663 Maeonis,
313 2622 490 2657 aurato
510 2617 804 2668 conspicienda
827 2618 948 2657 sinu.

78 2674 130 2713 V.
145 2678 209 2714 28.
225 2674 410 2712 consedit
421 2673 554 2711 medio
566 2673 745 2712 sublimis
760 2673 949 2726 Olympo,

80 2729 230 2774 Aurea,
245 2742 504 2781 purpureo
525 2729 821 2780 conspicienda
840 2730 948 2768 sinu

80 2785 177 2824 Stat.
199 2785 294 2824 Silv.
317 2784 363 2824 Π.
381 2790 414 2825 1.
435 2789 523 2825 133.
549 2784 636 2823 Hoc
660 2789 788 2822 tamen
815 2785 947 2823 obser-

78 2853 197 2880 vasse
220 2841 311 2879 mihi
336 2841 486 2887 videor,
517 2841 591 2879 hac
619 2842 728 2878 vocis
758 2840 947 2891 significa-

76 2897 183 2934 tione
194 2901 349 2935 veteres
363 2897 600 2949 praetulisse
617 2896 807 2947 pluralem
825 2897 946 2936 sinus.

79 2951 144 2990 De
173 2955 363 2991 structura
398 2955 442 2992 in
478 2954 586 2992 simis
616 2953 852 2992 abundante
898 2952 947 2991 cf.

78 3006 226 3046 Metu.
239 3021 275 3059 p.
285 3012 351 3049 94.
365 3011 408 3048 in
423 3009 548 3048 lenem
560 3009 770 3048 vibrantur
783 3008 947 3048 undam.

78 3061 234 3101 Deinde
269 3063 451 3104 Beroald.
493 3064 569 3116 legi
607 3064 690 3102 vult
724 3077 793 3115 pro
824 3064 948 3104 abun-

78 3118 220 3160 dantes·
245 3119 422 3161 undante
445 3122 634 3174 probante
652 3119 752 3160 Pric.
766 3124 805 3159 et
817 3119 949 3159 Burm.

1013 713 1064 753 ad
1087 712 1175 752 val.
1199 712 1332 752 Flacc.
1356 711 1416 751 ΙΙΙ.
1443 716 1535 753 525.
1568 712 1730 752 Summo
1757 711 1878 762 palla

1011 784 1138 823 yenit,
1164 771 1274 810 tenui
1286 782 1413 821 vayus
1431 770 1591 808 innatat
1604 769 1716 808 unda
1735 767 1878 806 Crinis.

1013 826 1096 864 Sed
1120 830 1224 864 recte
1261 826 1335 863 iam
1358 828 1490 864 monet
1513 823 1634 877 Oud3,
1666 823 1878 863 abundare

1011 884 1054 920 in
1078 883 1186 922 sinus
1209 886 1350 920 vestem
1381 881 1483 919 idem
1509 880 1741 931 significare,
1771 892 1818 916 ac
1841 878 1877 916 si

1011 938 1204 988 Apuleius
1229 937 1389 977 undare
1413 937 1591 975 dixisset.
1659 934 1761 973 Nam
1786 935 1875 973 ideo

1010 994 1222 1033 abundare
1253 994 1399 1043 posuit,
1425 994 1515 1043 quia
1539 1005 1729 1031 summam
1752 991 1876 1029 vestis

1010 1048 1210 1088 laxitatem
1252 1052 1291 1086 et
1326 1049 1476 1087 sinuum
1517 1048 1771 1099 rugositatem
1813 1059 1878 1084 ex-

1009 1106 1174 1156 primere
1199 1104 1329 1142 voluit.
1374 1105 1540 1144 Undat-e
1571 1108 1610 1142 et
1631 1105 1760 1156 fluere
1789 1115 1877 1142 sae-

1009 1162 1097 1212 pius
1123 1162 1197 1199 dici
1221 1164 1376 1206 vestes,
1401 1160 1576 1211 pluribus
1601 1158 1876 1197 demonstrabo

1008 1217 1059 1255 ad
1081 1216 1227 1255 Florid.
1250 1230 1286 1268 p.
1316 1216 1401 1268 19.]

1067 1272 1231 1311 mitella.
1281 1271 1347 1323 [cf.
1373 1272 1423 1310 ad
1447 1271 1543 1310 Met.
1563 1270 1668 1309 VIII.
1692 1283 1730 1321 p.
1757 1270 1877 1323 579.]

1068 1328 1215 1367 textili.
1265 1326 1431 1379 [Nescio
1447 1327 1539 1378 quid
1551 1325 1625 1365 sibi
1638 1327 1733 1364 velit
1745 1325 1879 1365 Barth.

1010 1383 1179 1422 Advers.
1192 1382 1284 1422 XX.
1300 1396 1331 1422 e.
1351 1388 1412 1423 15.
1426 1396 1462 1434 p.
1480 1387 1571 1423 993.
1589 1383 1725 1433 legens
1740 1382 1879 1428 tectili,

1012 1439 1118 1490 quod
1141 1443 1301 1491 propter
1320 1452 1493 1490 sequens
1519 1443 1705 1478 contecto
1729 1451 1778 1475 ne
1792 1437 1880 1475 ferri

1012 1495 1169 1546 quidem
1194 1499 1336 1546 potest.
1384 1494 1487 1534 Nam
1518 1495 1550 1532 si
1577 1493 1725 1532 mitella
1748 1497 1879 1532 conte-

1009 1556 1112 1591 ctum
1149 1555 1211 1589 est
1241 1555 1373 1602 caput,
1409 1550 1510 1589 haec
1544 1551 1632 1602 ipsa
1666 1550 1880 1587 nominatur

1009 1608 1174 1654 tectilis,
1201 1607 1306 1658 quod
1328 1608 1444 1658 plane
1469 1605 1680 1645 absurdum
1704 1605 1757 1643 ita
1775 1605 1879 1643 vide-

1008 1667 1079 1703 tur.
1127 1663 1283 1702 Mitella
1305 1677 1416 1709 vero,
1441 1663 1632 1701 muliebre
1656 1661 1795 1712 capitis
1819 1665 1878 1699 te-

1010 1724 1246 1771 gumentum,
1263 1720 1485 1770 intelligitur
1498 1724 1611 1758 texta
1636 1718 1683 1756 cf.
1697 1717 1794 1755 Met.
1807 1716 1878 1755 XI.

1007 1791 1046 1829 p.
1068 1780 1160 1817 770.
1181 1776 1298 1827 pileo
1324 1776 1490 1814 textili
1514 1775 1630 1813 Mart.
1657 1773 1808 1824 Capell.
1833 1772 1878 1811 Π.

1009 1832 1040 1881 ξ.
1060 1836 1150 1872 115.
1164 1846 1200 1878 1).
1220 1836 1308 1872 156.
1329 1832 1390 1870 ed.
1415 1831 1546 1881 Kopp.
1577 1830 1744 1869 Calceos
1756 1842 1880 1880 prae-

1009 1894 1119 1927 terea
1153 1902 1206 1927 ex
1236 1901 1405 1941 papyro
1441 1887 1612 1926 teoetili
1647 1885 1878 1937 subliyavit.

1011 1944 1258 1982 Coniectandi
1272 1944 1424 1994 prurigo
1438 1943 1522 1981 sine
1531 1942 1767 1980 dubitatione
1777 1954 1878 1978 com-

1007 2001 1127 2038 movit
1140 1999 1292 2042 Barth..
1317 2002 1358 2036 ut
1371 2012 1512 2037 novum
1526 1997 1757 2036 vocabulum
1771 1994 1878 2048 Apu-

1009 2056 1086 2094 leio
1113 2055 1308 2107 donaret]

1068 2111 1215 2151 calceis
1236 2111 1443 2163 femininis
1467 2110 1571 2149 albis
1594 2110 1677 2148 illis
1696 2114 1735 2148 et
1754 2109 1878 2148 tenui-

1011 2167 1093 2207 bus.
1164 2166 1336 2205 Primum
1365 2165 1544 2218 praefero
1576 2165 1736 2204 sormam
1764 2166 1879 2217 femi-

1010 2224 1133 2270 ninis,
1166 2236 1267 2274 quae
1296 2223 1345 2260 ab
1371 2223 1526 2274 optimis
1552 2221 1665 2260 codd.
1690 2224 1878 2267 servatur,

1009 2292 1190 2330 quaeque
1212 2278 1366 2317 rarioris
1389 2292 1487 2316 usus
1513 2282 1593 2322 est,
1625 2290 1740 2328 quam
1762 2278 1877 2329 femi-

1007 2337 1102 2375 neis.
1144 2334 1295 2373 Eadem
1318 2334 1594 2373 vocabulorum
1620 2333 1796 2371 confusio
1820 2346 1878 2369 re-

1007 2393 1150 2443 peritur
1164 2391 1213 2429 de
1226 2391 1375 2429 Mundo
1389 2394 1529 2442 p.334.
1553 2391 1623 2429 Sic
1636 2403 1745 2428 mare
1769 2391 1878 2440 etse-

1005 2448 1176 2488 mz'neum
1193 2461 1321 2493 secus,
1347 2447 1411 2485 ubi
1431 2446 1601 2485 nonnulli
1627 2445 1740 2484 codd.
1761 2445 1877 2496 femi-

1007 2505 1146 2544 ninam
1169 2503 1404 2555 praeferunt.
1430 2502 1595 2541 Temere
1608 2515 1700 2539 vero
1717 2500 1876 2538 Colvius

1007 2563 1169 2598 accusat
1200 2559 1338 2597 erroris
1368 2558 1521 2597 Aelian.
1526 2557 1560 2597 V
1566 2557 1609 2595 ll.
1642 2571 1675 2596 c.
1699 2561 1760 2596 11.
1789 2555 1876 2594 Ῥω-

1006 2618 1126 2667 μαίων
1139 2616 1178 2654 δὲ
1193 2631 1232 2654 αι.
1226 2617 1383 2655 *πολλαὶ
1396 2622 1559 2667 γυναῖκες
1582 2615 1645 2652 καὶ
1668 2610 1715 2651 τὰ
1738 2609 1876 2662 ὑποδή-

1006 2688 1111 2723 ματα
1129 2669 1229 2711 αὐτὰ
1247 2679 1374 2723 φορεῖν
1386 2679 1462 2717 τοῖς
1474 2686 1519 2709 αι
1522 2668 1652 2721 ὅρασιν
1666 2666 1877 2718 εἰθισμέναι

1006 2730 1113 2774 εἰσίν,
1138 2728 1241 2767 unde
1267 2727 1453 2778 colligere
1478 2725 1623 2771 studet,
1647 2724 1801 2762 Romae
1819 2722 1876 2761 se-

1004 2785 1190 2822 minarum
1214 2784 1457 2834 virorumque
1481 2782 1606 2820 fuisse
1635 2780 1775 2818 eadem
1799 2778 1875 2818 cal-

1005 2844 1217 2878 ceamenta.
1264 2840 1320 2878 At
1342 2838 1496 2877 Aelian.
1520 2851 1596 2875 non
1622 2837 1671 2874 de
1696 2836 1875 2874 omnibus

1004 2895 1194 2934 Romanis
1218 2894 1444 2933 mulieribus
1470 2893 1636 2944 loquitur
1654 2892 1704 2930 de
1721 2890 1874 2939 πάσαις,

1006 2952 1079 2990 sed
1100 2952 1150 2990 de
1168 2953 1326 2998 πολλαῖς
1350 2963 1396 2989 ac
1419 2949 1606 3002 plebeiis,
1632 2951 1673 2986 ut
1690 2948 1791 2986 bene
1810 2961 1875 2986 ex-

1006 3007 1312 3059 plicatBalduin.
1327 3007 1377 3044 de
1393 3006 1486 3044 calc.
1497 3019 1527 3044 c.
1537 3009 1593 3051 8.,
1608 3005 1785 3056 quamvis
1798 3003 1878 3043 illic

1005 3063 1202 3102 Nilantius
1226 3064 1342 3101 etiam
1369 3075 1500 3101 omnes
1522 3074 1596 3099 seu
1619 3060 1744 3114 vulyo
1767 3060 1877 3099 iutel-

1007 3119 1119 3171 ligat,
1162 3119 1364 3171 explicans
1401 3117 1451 3156 de
1485 3117 1610 3156 soleis
1647 3117 1876 3156 domesticis
