2155 3590
678 145 866 184 LIBER.
894 146 1012 185 Vlll.
1073 145 1198 183 CAP.
1236 145 1307 183 IV.
1829 143 1909 186 64⁷

111 259 297 300 tumulum
335 271 610 310 ramorumque
646 257 777 297 densis
815 257 1052 311 tegminibus
1091 256 1338 306 umbrosum,
1386 265 1593 310 prospectu
1626 257 1910 310 vestigatorum

109 396 273 424 cumulum
294 400 329 425 G.
354 398 380 424 1.
401 398 434 425 Ο.
455 394 483 423 δ.
532 403 768 432 ramus-nmque
787 405 819 430 φ,
840 399 868 423 et
890 404 1001 424 omnes
1021 397 1090 424 edd.
1110 399 1186 424 velt.
1234 393 1375 431 demps1·s
1396 395 1430 422 G.
1451 395 1476 422 l.
1503 393 1653 431 depensis
1667 398 1704 424 D.
1754 395 1907 424 umbroso

109 444 143 470 1⁴¹.
164 444 189 470 Ι.
204 451 238 475 φ,
253 450 282 476 p.
295 446 324 470 et
339 443 409 469 edd.
424 445 500 469 vett.
516 440 706 468 umbrosam
721 442 755 469 Ο.
800 444 960 477 prosectu
975 443 1010 470 1..
1026 450 1058 474 φ.
1073 443 1108 469 0.
1141 443 1325 477 prosc-epla
1346 442 1381 468 G.
1396 442 1426 468 2.
1442 441 1477 468 Ρ.
1493 441 1531 468 D.
1563 443 1725 476 proscelu
1742 442 1760 469 f.
1785 441 1908 476 (neque

107 495 181 515 vero
191 489 226 515 G.
240 489 266 515 1.
280 490 311 515 ut
326 487 370 514 ait
382 487 476 521 Oud.,
491 486 877 522 qu111abetprr1scectu.]
902 488 938 514 ln
952 490 1025 514 cett.
1041 487 1131 514 codd.
1146 490 1175 514 et
1189 487 1451 522 edd.prospectec
1466 489 1495 512 et
1510 485 1556 513 ita
1569 487 1717 514 emendat
1732 487 1782 515 vir
1796 488 1907 515 doctus

107 532 139 560 in
154 539 255 568 marg.
271 532 321 560 ed.
337 532 463 560 Vicent.
477 538 578 559 meae.
603 533 640 559 ln
652 532 733 559 Edd.
754 533 836 560 Iuni.
856 532 882 559 l.
904 535 933 559 et
947 531 1059 559 Aldin.
1075 534 1146 566 post
1161 529 1314 559 umbroso
1328 537 1453 559 comma
1468 530 1608 563 positum
1621 534 1680 559 est.

107 651 260 690 dieitur:
285 652 449 697 montis,
475 656 607 690 terrae
632 651 806 691 tumulus
853 651 900 690 cf.
927 651 977 689 ad

105 706 260 745 Metu.
286 720 323 757 p.
354 712 443 747 141.
469 706 534 744 Vl.
562 721 599 758 p.
626 712 717 748 405.
746 710 890 746 montis
909 721 975 746 ex-

102 768 267 802 tremum
278 765 384 815 petit
409 769 456 802 tn
466 764 646 802 mulum.
677 764 866 804 Cumulus
880 777 973 800 vero

103 818 229 858 sactus
267 824 346 864 est,
385 820 558 859 tantulus
595 824 658 858 est
693 820 878 859 naturalis
909 819 973 857 vel

99 875 332 926 sepulcrum.

151 936 377 984 prospectu
398 932 687 985 restiyatormn
708 933 882 984 obsepte's
907 946 972 972 ca·

95 988 218 1039 preis.
266 987 437 1039 Magn-as
468 988 531 1026 hic
556 989 666 1027 locus
691 988 895 1027 molestias
920 989 972 1026 in-

97 1044 330 1095 terpretibus
356 1045 510 1091 creavit,
537 1045 682 1096 quippe
708 1046 771 1095 qui
797 1045 893 1082 inter
918 1043 971 1081 le-

95 1100 262 1138 ctionem
291 1094 462 1153 'campz‘s
504 1105 543 1139 et
585 1103 747 1153 capreis
787 1100 971 1139 fluctuent

95 1156 266 1208 quidque
299 1157 372 1194 sibi
407 1156 500 1195 velit
524 1162 753 1209 prospectu
784 1158 968 1207 ignorent.

97 1211 335 1257 Beroaldus,
362 1213 425 1263 qui
453 1213 631 1265 obseptis
657 1213 810 1264 canapis
840 1214 968 1251 minus

90 1267 247 1319 probat,
263 1269 548 1319 interpretatur:
575 1268 873 1316 circumvallatis
887 1268 968 1306 sal-

91 1323 207 1363 tibus.
224 1323 322 1361 Tale
337 1325 437 1362 enim
452 1324 547 1365 illud
563 1323 770 1374 saltusque
786 1324 967 1375 indagine

89 1379 256 1430 cingunt.
281 1379 406 1418 Potes
432 1380 564 1431 legere
591 1381 766 1432 obseptis
791 1382 964 1432 capreis,

89 1436 350 1486 vestigatores
377 1438 477 1475 enini
500 1437 535 1474 in
555 1439 699 1476 venatu
720 1450 883 1488 capreas
908 1451 965 1474 re-

88 1490 295 1543 liquasque
310 1492 412 1531 seras
429 1493 649 1544 obsepiant,
665 1496 704 1530 et
718 1492 964 1544 indaginibus

85 1547 123 1588 in
139 1552 260 1587 artum
276 1548 464 1587 vallant.·'‘
479 1548 580 1587 Post
593 1548 831 1587 Beroaldum
848 1550 964 1588 etiam

85 1603 181 1642 lunt.
197 1609 234 1645 2.
261 1606 409 1656 recepit
431 1605 529 1644 hanc
549 1605 768 1644 lectionem.
796 1604 963 1651 Quando

83 1673 230 1699 sensus
257 1661 318 1700 hic
343 1660 461 1708 soret,
492 1666 533 1700 ut
559 1662 610 1700 ait
635 1661 758 1707 Oud.,
790 1663 958 1714 vestiga-

84 1720 191 1755 tores
211 1717 317 1756 iuxta
337 1717 565 1757 frondosum
589 1717 775 1756 tumulum
796 1732 957 1771 prospe-

84 1773 194 1811 xisse
224 1787 389 1825 capreas
422 1788 572 1825 easque
605 1774 840 1826 obsepsisse
873 1776 957 1813 reti-

83 1829 176 1875 bus,
208 1830 273 1867 vel
306 1832 396 1880 quia
422 1831 599 1883 obsepit-i
630 1845 703 1869 non
731 1831 769 1868 fit
794 1832 957 1875 retibus,

82 1885 156 1923 sed
189 1887 414 1937 frondibus
451 1890 489 1925 et
525 1888 648 1926 rumis
678 1901 747 1938 pro
782 1887 958 1939 obseph's

84 1941 251 1993 legendo
284 1943 541 1988 absentent&
581 1943 685 1994 quod
716 1957 857 1981 novum
884 1945 958 1981 etsi

83 1998 333 2044 vocabulmn,
391 1999 537 2049 placuit
572 2003 700 2036 tamen
738 1998 852 2037 lllitio
889 2013 957 2051 pro

80 2055 251 2093 sentium
284 2055 478 2106 proiectu,
514 2056 667 2106 sparsis
711 2056 867 2106 corripis
908 2056 959 2094 ad

81 2109 252 2148 Gratuin.
279 2115 344 2151 49.
379 2111 630 2150 Haemonios
656 2111 836 2150 includis
859 2125 958 2150 sen-

80 2166 209 2205 tibus
244 2181 372 2219 apros
402 2171 441 2205 et
472 2171 566 2207 241.
607 2166 835 2218 Aspretis
874 2182 954 2220 qua

79 2222 233 2262 medius
247 2223 597 2269 dmidium-orbis,
630 2224 693 2261 ubi
719 2227 759 2261 et
783 2223 890 2261 illum
917 2228 956 2262 et

78 2277 207 2317 Burni.
223 2279 311 2317 vide
332 2279 520 2317 docentes
535 2279 643 2318 seras
655 2280 824 2318 maiores
839 2280 955 2318 etiam

78 2335 256 2374 sentibus
283 2348 376 2373 esse
401 2335 586 2381 inclusas.
613 2335 759 2373 'Verum
774 2339 953 2375 tuncma-

78 2390 142 2428 lim
171 2391 343 2430 absentis
368 2393 542 2443 campis,
577 2391 683 2443 quod
708 2395 770 2430 est
793 2393 828 2430 in
848 2391 895 2432 P.
917 2396 954 2432 et

77 2445 123 2485 G.
139 2451 175 2488 2.
201 2447 346 2486 Notum
362 2449 462 2486 enini
483 2447 674 2486 adiective
693 2453 825 2488 sentus
839 2463 953 2502 ayer,

77 2504 140 2554 qui
165 2504 344 2542 sentibus
371 2504 567 2555 frequens.
594 2504 706 2542 Haec
719 2517 952 2556 quamquam

45 2559 58 2568 '
76 2559 227 2598 doctius
242 2559 344 2599 Oud.
366 2562 564 2613 exposuit,
592 2564 721 2599 tamen
741 2560 844 2599 aliud
861 2562 953 2613 quid

76 2614 198 2654 latere
223 2617 417 2668 opinatur,
445 2617 534 2668 quia
560 2631 632 2655 non
653 2617 702 2654 de
725 2618 877 2669 capreis
890 2617 953 2656 bic

75 2671 322 2724 cogitandum
343 2687 455 2719 esse,
480 2674 685 2724 sequentia
699 2677 834 2725 aperte
849 2675 951 2712 evin-

75 2732 173 2768 cant.
211 2729 447 2781 Reprobans
467 2730 580 2781 igitur
606 2743 738 2767 eorum
763 2730 951 2783 interpre-

73 2788 151 2823 tum
176 2781 427 2832 sententiam,
459 2787 522 2837 qui
543 2790 770 2838 prospectu
796 2787 951 2839 obsepti

75 2843 210 2893 campi
219 2842 412 2893 accipiunt
425 2843 476 2880 de
491 2857 590 2882 cura
604 2855 674 2894 per
690 2843 948 2894 vestigatores

73 2896 343 2950 adhibita,qua
358 2900 393 2937 in
409 2912 449 2936 re
459 2899 769 2946 eiassentior,ita
778 2899 948 2950 explicat

71 2951 251 2992 Vulcanii
266 2956 524 3000 coniecturam
536 2955 804 3007 praecinctu,
831 2969 946 3006 quam

72 3009 230 3059 margini
244 3009 310 3048 ille
324 3011 604 3064 adscripserat,
629 3011 682 3049 uti
695 3011 846 3049 scilieet
859 3026 946 3050 cum

71 3065 249 3112 canibus,
264 3066 314 3105 de
329 3068 468 3118 quibus
483 3069 612 3108 statim
627 3071 826 3118 sequatur,
840 3071 946 3106 totos

72 3122 350 3171 praecinxerint
386 3138 456 3164 seu
488 3124 780 3176 praesepserint
804 3123 946 3165 aditus.

1036 651 1096 689 Ex
1111 651 1344 690 lectionibus
1359 664 1448 689 vero
1460 656 1665 702 prosectu,
1677 658 1906 703 proseeplu.

1035 708 1171 746 coniici
1185 720 1308 759 posse
1327 711 1437 758 putat
1456 707 1615 746 obiectu
1629 720 1683 745 sc.
1707 707 1905 749 frondium.

1033 764 1214 809 sentium,
1227 777 1430 809 ramorum,
1445 763 1587 813 quibus
1605 763 1711 802 velut
1727 763 1906 813 indagine

1032 820 1285 858 inclusissent
1310 819 1430 863 feras,
1458 832 1504 857 ne
1530 820 1578 857 ab
1593 819 1668 857 alia
1682 833 1904 869 camporum

1030 880 1141 929 parte
1177 877 1328 914 excitae
1363 876 1413 914 ad
1456 875 1643 914 tumulum
1680 875 1906 914 frondosum

1030 936 1195 984 possent
1226 932 1413 978 evadere,
1450 935 1543 984 post
1578 945 1679 982 quae
1718 931 1904 970 frondium

1029 993 1253 1039 tegumenta
1271 1002 1317 1027 se
1335 989 1524 1039 deinceps
1538 988 1782 1026 abscondere
1801 988 1905 1026 serae

1029 1045 1195 1083 soleant.
1222 1044 1323 1083 Hinc
1341 1045 1457 1083 etiam
1476 1044 1553 1095 legi
1574 1046 1904 1097 posseproiectn

1030 1101 1208 1151 obseptis
1222 1102 1354 1154 a9r1's,
1380 1101 1430 1139 de
1444 1114 1519 1151 qua
1532 1115 1631 1139 voce
1651 1101 1750 1139 cous.
1767 1101 1902 1139 Heins.

1027 1157 1077 1195 ad
1110 1157 1218 1208 Yirg.
1252 1158 1351 1195 Aen.
1385 1156 1433 1195 X.
1466 1161 1558 1197 587.
1598 1157 1666 1195 Sic
1704 1157 1902 1196 obiectum

1024 1214 1243 1263 frondium
1274 1212 1377 1253 Oud.
1410 1213 1547 1264 probat
1578 1226 1627 1251 ex
1658 1213 1755 1251 Met.
1790 1213 1832 1251 ll.
1866 1217 1901 1252 2.

1028 1269 1173 1306 Verum
1189 1282 1274 1307 curn
1291 1269 1461 1315 obiecta,
1482 1283 1556 1308 non
1579 1269 1710 1307 addita
1734 1283 1775 1307 re
1801 1283 1902 1320 quaa

1026 1325 1211 1370 obiicitur,
1238 1326 1272 1362 ei
1298 1324 1465 1376 probare
1489 1339 1536 1363 se
1562 1329 1743 1375 nequeat,
1773 1326 1900 1375 longe-

1025 1394 1102 1431 que
1117 1380 1230 1418 aliam
1243 1394 1335 1418 esse
1346 1380 1678 1432 Apuleiinienteni
1693 1382 1900 1421 existimet.

1025 1450 1139 1487 quani
1165 1436 1241 1475 buc
1265 1450 1391 1488 usque
1419 1438 1562 1489 opinati
1588 1438 1665 1475 sint
1693 1438 1757 1475 viri
1785 1437 1900 1483 docti,

1024 1506 1153 1543 neque
1183 1494 1375 1544 obseptos
1408 1506 1503 1531 esse
1541 1508 1704 1544 campos
1735 1507 1805 1544 per
1838 1507 1900 1531 ve-

1023 1550 1261 1599 stigatores,
1310 1549 1384 1587 sed
1432 1550 1621 1589 tumulum
1672 1549 1899 1588 frondosum

1023 1605 1217 1657 eripuisse
1271 1606 1577 1656 vestigatoribus
1633 1610 1898 1657 prospectum,

1017 1675 1170 1713 eosque
1194 1663 1311 1702 ramis
1337 1662 1474 1700 densis
1500 1661 1710 1714 impeditos
1738 1677 1810 1700 non
1833 1675 1898 1713 po-

1016 1719 1142 1756 tuisse
1156 1719 1395 1770 prospicere,
1411 1732 1530 1769 quare
1546 1732 1665 1757 canes
1681 1732 1898 1769 generosas

1017 1775 1186 1825 indagini
1211 1775 1454 1821 immiserint,
1482 1779 1522 1813 ut
1546 1775 1580 1813 si
1607 1788 1708 1826 quae
1736 1775 1899 1813 laterent

1018 1831 1123 1869 serae
1144 1831 1419 1877 excitarentur,
1446 1831 1629 1869 emendat
1656 1831 1896 1876 muln-osum,

1017 1903 1040 1926 a
1058 1888 1344 1939 resti-quiorum
1354 1892 1582 1939 prospectu
1597 1888 1773 1939 obseptt's
1793 1901 1895 1926 cam-

1011 1945 1099 1995 pis,
1131 1943 1382 1993 explicatque
1413 1943 1462 1994 ita
1495 1956 1608 1981 suam
1644 1944 1894 1981 sententiam:

1018 2000 1153 2049 fampi
1181 2013 1274 2050 ergo
1302 1999 1502 2037 frondibus
1529 2003 1568 2037 et
1592 2001 1711 2037 ramis
1738 2000 1894 2050 obsepti

1017 2055 1301 2106 impediverunt
1313 2059 1580 2107 prospectum,
1595 2060 1636 2093 ut
1649 2055 1792 2094 aditum
1810 2069 1894 2105 pro-

1017 2111 1124 2150 hibet
1160 2111 1340 2150 horreum
1379 2112 1521 2150 validis
1564 2111 1746 2151 claustris
1779 2112 1893 2149 obse-

1014 2171 1120 2219 ptum
1147 2167 1237 2206 coll.
1262 2168 1359 2207 Met.
1385 2167 1450 2206 ΙΙΙ.
1476 2181 1512 2219 p.
1535 2171 1629 2208 229.
1656 2167 1774 2219 [Huic
1800 2181 1891 2205 vero

1014 2224 1169 2262 lectioni
1206 2224 1327 2263 multa
1363 2225 1531 2263 obstant.
1579 2223 1751 2262 Primum
1790 2224 1890 2261 enim

1013 2281 1126 2319 codd.
1158 2281 1385 2332 auctoritas,
1418 2293 1581 2331 quorum
1613 2280 1762 2332 plurimi
1789 2281 1892 2331 iique

1013 2337 1147 2388 optimi
1172 2338 1336 2388 caprez's
1356 2337 1562 2389 praebent.
1618 2336 1775 2375 Deinde
1802 2338 1891 2387 quia

1013 2393 1202 2431 difficilior
1227 2393 1425 2445 explicatu
1450 2397 1514 2432 est
1544 2393 1729 2444 loquendi
1750 2393 1890 2431 modus

1014 2450 1188 2501 obseptis
1213 2451 1376 2502 capreis
1395 2463 1510 2501 quam
1532 2450 1707 2501 obseptis
1721 2450 1887 2500 campis,

1013 2505 1118 2558 quod
1142 2519 1194 2554 vex
1225 2505 1366 2553 librarii
1393 2506 1523 2558 potius
1542 2507 1886 2557 interpretamento

1011 2561 1246 2613 profluxisse
1266 2562 1461 2608 rideatur,
1488 2562 1632 2600 deinde
1659 2563 1748 2612 quia
1767 2562 1887 2598 totius

1012 2620 1291 2657 enunciationis
1304 2619 1416 2665 ratio,
1425 2631 1526 2670 quae
1535 2619 1598 2655 vix
1609 2618 1727 2656 latina
1736 2617 1809 2655 dici
1819 2630 1886 2667 po-

1011 2678 1091 2722 test
1104 2679 1209 2714 certe
1223 2679 1399 2714 contorta
1409 2680 1448 2713 et
1461 2675 1574 2713 nimis
1584 2673 1800 2724 conquisita
1811 2676 1884 2717 est,

1011 2731 1158 2778 velita,
1184 2733 1218 2770 si
1238 2745 1324 2770 curn
1339 2730 1460 2778 Oud.,
1487 2744 1536 2768 ne
1551 2731 1600 2769 ad
1623 2730 1883 2767 coniecturam

1008 2801 1203 2834 recurras,
1226 2792 1450 2840 prospectu
1476 2786 1645 2825 dativum
1673 2799 1741 2836 pro
1768 2786 1883 2823 usita-

1009 2844 1104 2881 tiore
1131 2842 1251 2883 t'orma
1272 2844 1516 2897 prospectui
1541 2842 1701 2880 babeas.
1728 2840 1884 2879 Deinde

1006 2913 1099 2938 vero
1113 2900 1261 2944 dubito,
1271 2914 1318 2937 an
1330 2903 1579 2950 prospectus
1594 2899 1883 2949 vestiyatormn

1006 2956 1039 2993 is
1059 2957 1189 3006 possit
1209 2956 1300 3002 dici,
1327 2968 1443 3005 quem
1456 2956 1716 3005 vestigatores
1738 2953 1883 2992 babent

1006 3012 1041 3049 in
1059 3011 1319 3063 longinquum.
1379 3011 1557 3061 Denique
1578 3009 1881 3062 additamentum

1005 3067 1080 3106 boc
1104 3068 1222 3120 plane
1246 3079 1583 3118 supervacaneum
1601 3065 1753 3104 videtur
1772 3079 1879 3112 esse,

1005 3123 1107 3175 quod
1123 3138 1193 3176 per
1207 3128 1380 3163 naturam
1393 3123 1519 3163 silvae
1532 3122 1745 3174 tumulique
1755 3122 1879 3161 densa
