2155 3590
1773 151 1878 193 1041

678 151 866 192 LIBER
894 151 962 192 xl.
1021 151 1147 191 CAP.
1178 152 1297 207 XYl.

91 262 324 302 reformavit
337 263 382 302 ad
401 263 590 304 homines.
628 263 745 305 Felix
758 264 937 305 hercules
958 272 995 305 et
1015 272 1075 305 ter
1093 265 1251 314 beatus,
1280 263 1343 317 qui
1360 262 1464 303 vitae
1479 261 1629 302 scilicet
1642 263 1879 316 praeceden-

88 318 140 358 tis
163 318 391 358 innocentia
413 318 420 375 Ι
441 320 589 374 fideque
603 321 792 361 meruerit
805 328 882 361 tam
898 321 1142 375 praeclarum
1163 321 1210 360 de
1224 320 1333 359 coelo
1353 318 1632 373 patrocinium,
1659 325 1702 358 ut
1714 325 1878 358 renatus
1902 322 1967 356 785

87 375 367 427 quodammodo
392 376 523 416 statim
548 390 749 417 sacrorum
776 377 962 431 obsequio
988 377 1309 431 desponderetur.
1371 374 1482 415 Inter
1505 374 1600 415 haec
1625 381 1664 414 et
1688 375 1878 415 festorum

86 438 265 470 votorum
304 432 507 472 tumultum
545 433 743 487 paullatim
782 433 979 487 progressi
1004 434 1080 473 iam
1118 433 1241 486 ripam
1277 431 1397 471 maris
1433 431 1723 484 proximamus,
1762 437 1878 484 atque

86 487 133 526 ad
158 487 283 540 ipsum
307 487 413 527 illum
440 489 564 529 locum
591 504 667 543 quo
693 490 815 543 pridie
840 504 949 530 meus
975 489 1246 529 stabulaverat
1270 487 1405 527 asinus
1430 488 1692 541 pervenimus.
1730 485 1878 527 lbidem

85 542 304 583 simulacris
329 543 405 584 rite
431 545 648 599 dispositis,
677 559 816 586 navem
843 545 1054 586 faberrime
1079 546 1238 593 factam,
1267 543 1429 597 picturis
1455 543 1564 583 miris
1589 543 1878 597 Aegyptiorum

86 598 347 640 circumsecus
374 603 667 655 variegatam,
695 616 869 642 summus
901 602 1086 642 sacerdos
1113 601 1201 641 teda
1233 599 1359 639 lucida
1389 606 1429 639 et
1459 613 1533 639 ovo
1566 606 1605 639 et.
1633 599 1783 640 sulfure
1813 613 1876 640 so-

83 718 117 741 aet
135 717 226 744 abest
244 724 263 744 a
285 714 313 744 δ.
362 720 414 744 ter
434 723 518 747 recte
536 719 672 747 coniecit
693 719 887 752 Beroaldus,
914 722 945 746 ut
965 721 1096 746 servam
1116 718 1205 745 codd.
1227 725 1336 745 omnes
1355 715 1463 744 etiam
1483 716 1530 744 ed.
1551 717 1633 744 lunt.
1648 718 1678 743 2.
1709 714 1784 744 Tibi
1793 718 1878 751 quod

83 760 201 788 vitiose
220 763 417 791 edebaturin
432 765 510 791 Eud.
530 771 581 799 pp.
595 766 680 793 male
693 768 826 793 secutae
839 768 913 792 sunl
927 766 1010 792 lunt.
1030 764 1055 790 1.
1070 763 1146 791 Am.
1166 764 1242 791 Bas.
1260 763 1288 789 1.
1314 759 1399 794 Sibi,
1425 768 1508 794 quae
1528 760 1589 788 fuit
1609 762 1712 789 altera
1726 762 1877 790 Beroaldi

81 806 285 839 coniectura,
312 808 546 843 adoptaverunt
565 810 669 838 Colin.
690 810 765 837 Bas.
788 811 815 837 1.
863 808 988 835 meruit
1006 808 1042 835 P.
1063 804 1092 836 δ.
1140 805 1400 843 responderetur
1415 808 1451 834 G.
1465 807 1502 834 P.
1516 807 1553 833 D.
1567 807 1604 833 L.
1620 805 1640 834 f.
1677 804 1878 833 redderetur

83 857 138 884 pro
152 848 414 887 desponderetur
434 855 467 881 Ο.
487 861 523 881 π.
571 854 802 893 cmgfestorum
823 861 877 887 pro
895 855 927 879 et
938 852 1113 892 festorum
1134 849 1164 880 δ.
1211 852 1307 888 ripae
1326 852 1472 879 emendat
1492 850 1579 878 Pric.
1623 850 1818 887 praa-imam
1837 852 1875 880 D.

81 893 188 922 locum
203 895 295 923 illum
310 905 339 931 p.
354 895 381 926 ὁ.
429 897 630 926 stabularal
640 901 722 928 lunt.
740 901 768 927 1.
797 897 849 925 Ibi
860 896 935 925 dum
949 898 986 926 F.
1004 899 1030 925 1.
1055 895 1176 924 ibidum
1191 895 1385 924 simulacris
1398 894 1492 922 deum
1505 894 1572 921 rite
1585 893 1757 931 dispositis
1771 896 1878 924 Scriv-

81 941 144 969 Sed
161 941 266 970 otiosa
285 945 333 970 est
352 941 427 969 dum
445 944 616 978 particula.
654 944 701 971 ibn·
715 942 790 971 dum
811 941 1004 971 simulacris
1023 942 1090 969 rite
1109 940 1282 978 dispositis
1300 942 1383 969 Elm.
1420 939 1467 968 ibi
1483 938 1677 968 simulacris
1696 939 1791 969 deum
1809 939 1877 967 rite

80 983 252 1022 do'spositis
271 988 307 1015 Β.
327 990 482 1022 probante
500 989 629 1024 Sciopp.
652 992 748 1023 susp.
767 991 806 1017 Π.
828 990 857 1016 4.
893 986 940 1015 ibi
950 986 1046 1014 deum
1065 986 1257 1015 simulacris
1276 985 1343 1013 rite
1362 984 1534 1021 dispositis
1553 993 1582 1019 p.
1608 987 1644 1014 ln
1664 990 1736 1014 cett.
1756 983 1876 1013 ibidem

80 1029 273 1059 simulacris
294 1033 359 1059 rice
379 1031 565 1069 dispositis,
593 1038 625 1062 ut
645 1034 731 1062 edidi
750 1041 792 1062 ex
809 1033 872 1061 isto
892 1036 971 1061 Mss.
991 1040 1163 1061 consensu.
1212 1032 1299 1059 ricte
1322 1033 1358 1060 1..
1406 1030 1647 1058 circumsectus
1670 1031 1705 1059 F.
1726 1032 1756 1060 3.
1782 1032 1818 1059 G.
1839 1032 1875 1060 P.

80 1074 321 1112 circumseptus
334 1079 369 1106 B.
385 1079 422 1106 Ι).
437 1080 505 1107 edd.
520 1083 594 1107 ven.
611 1087 712 1113 usque
725 1080 764 1107 ad
780 1079 869 1107 cclv.
907 1076 1139 1113 circumseptis
1159 1087 1191 1111 φ.
1228 1076 1489 1111 circumspectus
1510 1075 1543 1104 l..
1581 1075 1831 1112 circumspectis
1845 1074 1874 1104 δ’.

80 1121 303 1149 circumsecus
315 1123 350 1151 F.
370 1124 395 1151 1.
410 1127 491 1151 (este
505 1125 582 1152 Oud.
603 1132 644 1152 ex
661 1126 736 1152 coll.
758 1124 852 1152 Lind.
871 1123 923 1150 cui
945 1126 1050 1151 tamen
1071 1131 1133 1150 non
1152 1124 1286 1150 multum
1302 1122 1373 1149 fidei
1388 1122 1589 1149 tribuendum
1603 1125 1662 1149 est.
1686 1122 1774 1150 Idem
1787 1125 1876 1149 extat

78 1165 111 1194 in
127 1170 198 1195 cett.
211 1168 300 1195 codd.
314 1171 341 1195 e!
357 1169 427 1197 edd.
444 1169 555 1196 Colvio
571 1169 814 1204 posterioribus.
863 1167 959 1195 varie
968 1175 1131 1204 graecam
1143 1168 1180 1195 1⁴¹.
1197 1168 1266 1195 ’1.3.
1280 1167 1302 1195 f.
1318 1169 1354 1195 L.
1383 1166 1623 1203 variegrecam‚
1639 1173 1874 1203 vanegregam,

79 1211 206 1238 moriem
218 1220 353 1248 grecam
368 1222 441 1242 esse
456 1213 488 1241 in
502 1217 583 1242 Mss.
599 1216 635 1242 G.
651 1214 686 1242 0.
701 1215 736 1242 Ρ.
750 1215 788 1242 l).
803 1217 832 1241 et
847 1213 916 1241 edd.
931 1221 983 1247 pp.
999 1214 1129 1240 adnotat
1143 1213 1221 1240 Oud.
1245 1214 1280 1240 ln
1296 1214 1332 1240 G.
1346 1215 1375 1239 et
1389 1212 1427 1239 D.
1446 1211 1559 1239 inveni
1578 1211 1705 1238 cariem
1723 1219 1872 1248 grecam.

77 1258 114 1284 ln
129 1257 199 1284 edd.
215 1265 265 1291 pp.
281 1257 375 1284 varie
386 1266 558 1295 graecam.
599 1257 823 1295 Variegatam
844 1257 1098 1286 emendationem
1114 1257 1265 1285 Beroaldi
1279 1256 1382 1285 seculi
1395 1260 1469 1284 sunt
1485 1256 1679 1290 posteriores
1692 1257 1774 1285 Edu.
1786 1278 1794 1294 ,
1807 1257 1874 1285 nisi

78 1302 160 1335 quod
172 1303 253 1330 Iuni.
271 1304 407 1332 2.11abet
421 1304 550 1332 inverso
564 1304 675 1332 ordine
698 1303 930 1339 variegatam,
956 1302 1200 1338 circumseptus
1213 1309 1359 1329 summus
1373 1299 1532 1329 sacerdos
1547 1299 1661 1328 laeda.

135 1399 325 1451 obsequio
351 1400 685 1452 despondentur.
758 1401 944 1452 [Redde-

76 1459 189 1494 retur
221 1454 312 1493 nihil
346 1457 416 1494 nisi
448 1456 650 1507 glossema
681 1461 743 1494 est
770 1456 944 1494 lectionis

75 1511 279 1562 genuinae.
311 1510 405 1549 Item
431 1512 625 1564 Apuleiiis
651 1513 685 1550 in
712 1526 824 1563 seqq.
851 1512 943 1549 dixit

76 1579 112 1617 p.
139 1570 232 1608 813.
263 1568 321 1606 ad
345 1569 461 1608 istum
485 1570 647 1608 modum
680 1569 944 1620 desponsus

75 1624 214 1662 sacris.
253 1624 497 1676 Obsequium
522 1625 595 1663 hac
621 1626 654 1663 in
683 1639 722 1662 re
748 1625 939 1676 proprium

75 1678 125 1716 de
148 1678 335 1731 religioso
359 1681 524 1719 numinis
555 1680 659 1720 cultu
698 1681 746 1720 cf.
778 1681 826 1718 de
854 1680 940 1718 Deo

75 1735 225 1774 Socrat.
243 1749 279 1787 p.
299 1740 388 1777 149.
414 1738 672 1776 sacerdotum
698 1739 855 1789 officia.
879 1751 937 1775 sa-

75 1792 348 1843 cffficantium
373 1793 625 1845 obsequicu
662 1793 758 1831 infra
782 1806 818 1843 p.
847 1797 939 1833 801.

74 1848 183 1887 velut
205 1848 381 1887 debitum
405 1850 535 1889 sacris
566 1849 843 1902 obsequium
867 1850 937 1901 fla-

72 1905 230 1955 yitare3
265 1909 304 1942 et
328 1918 448 1956 supra
479 1910 597 1957 teque
621 1906 700 1945 iam
726 1919 834 1944 nunc
865 1905 940 1944 ob-

73 1962 244 2013 sequio
296 1961 509 2013 reliyiouis
560 1966 724 2001 nostrae
770 1961 941 2000 dedica:

72 2019 212 2068 p.793.
237 2017 453 2069 reliyionis
479 2017 774 2069 obsequium;
800 2017 939 2068 p.894.

76 2073 354 2126 obsequium
393 2074 569 2113 (lirinum
598 2073 938 2126 frequentabam]

127 2130 263 2181 rt'pam
287 2130 409 2168 maris
432 2130 720 2181 proximamus.
780 2129 941 2168 Frustra

72 2189 202 2224 contra
234 2198 370 2224 omnes
399 2185 502 2223 Mss.
535 2184 722 2224 Pricaeus
759 2186 940 2224 divinavit

71 2243 209 2293 ripae,
247 2241 310 2279 vel
337 2245 469 2281 contra
493 2242 566 2280 alia
593 2241 751 2294 Apuleii
779 2242 864 2280 loca
890 2241 939 2280 cf.

71 2297 168 2337 Met.
194 2297 261 2337 Vl.
287 2311 323 2349 p.
351 2302 442 2339 395.
476 2312 677 2350 quomque
700 2299 833 2348 fores
858 2299 939 2337 eius

74 2354 264 2394 dominae
290 2355 609 2405 proximanti.
659 2354 758 2393 Hinc
784 2354 938 2405 quidam

73 2410 206 2460 legunt
235 2409 331 2448 Met.
358 2409 401 2449 ll.
433 2425 469 2462 p.
501 2414 590 2450 169.
628 2412 789 2451 ianuam
823 2425 937 2462 pro-

71 2467 305 2506 ximamus
327 2467 391 2504 ubi
412 2467 512 2505 vide.
554 2466 616 2504 De
643 2468 738 2519 ripa
757 2481 789 2505 s,
812 2466 938 2505 littore

70 2523 188 2560 maris
219 2522 268 2562 cs.
299 2522 433 2561 Heius.
465 2523 515 2560 acl
547 2521 661 2560 Ovid.
689 2522 847 2562 Hei-oid.
872 2522 936 2560 Vl.

71 2583 136 2618 54.
157 2579 282 2618 milite
300 2583 380 2618 tam
398 2580 507 2629 forti
526 2580 638 2631 ripa
664 2579 816 2618 tuenda
832 2580 936 2631 fuit:

69 2634 174 2673 Duk.
200 2635 250 2673 ad
276 2634 381 2673 Flor.
408 2635 474 2673 lv,
493 2639 555 2674 11.
582 2636 623 2674 in
649 2637 806 2687 ripam
829 2640 936 2675 mota

70 2692 195 2730 ventis
217 2692 348 2730 maria
374 2692 624 2735 e2·on1ebant‚·
648 2691 744 2729 Met.
759 2690 821 2730 III.
847 2695 878 2731 1.
899 2695 936 2732 3.

68 2747 197 2799 ripis
222 2747 457 2787 insularum.

126 2817 264 2842 navem
274 2804 498 2854 faberrime
508 2807 675 2856 factam.
705 2803 813 2857 [Isidi
829 2807 934 2854 quot-

67 2859 180 2897 annis
204 2860 398 2910 navigium
423 2873 560 2898 mense
585 2859 726 2898 Martio
757 2859 936 2899 dedicant

69 2919 327 2967 onustumque
345 2916 568 2954 muneribus
588 2917 848 2966 cuiuscunque
871 2929 936 2967 ge-

70 2972 173 3009 neris
205 2973 348 3024 pelago
385 2973 644 3015 commistum
692 2971 739 3011 cf.
772 2970 856 3010 lntt.
885 2972 935 3010 ad

69 3026 162 3066 Tac.
183 3028 312 3067 Germ.
328 3032 366 3069 9.
391 3029 500 3068 Pars
526 3028 746 3068 Succorum
771 3033 810 3067 et
832 3027 936 3068 Isidi

68 3085 288 3135 sacrificat.
342 3085 461 3125 Unde
486 3098 628 3124 caussa
653 3090 692 3124 et
716 3085 838 3136 oriyo
857 3098 933 3136 pe-

66 3141 236 3194 reyrino
264 3155 402 3188 sacro,
433 3155 583 3196 parum
620 3141 819 3198 comperi,
855 3141 934 3181 nisi

1007 1400 1119 1451 quod
1149 1401 1311 1452 siynum
1342 1400 1471 1450 ipsum
1497 1400 1538 1437 in
1563 1398 1723 1438 modum
1749 1400 1871 1439 libur-

1004 1469 1080 1493 nae
1114 1458 1337 1507 fiyuratmn.
1377 1455 1499 1493 docet
1535 1455 1745 1494 advectam
1780 1457 1871 1494 reli-

1001 1512 1186 1563 yionem5
1211 1511 1320 1548 eosd.
1346 1510 1394 1548 ad
1421 1524 1452 1548 c.
1479 1515 1514 1550 6.
1547 1510 1719 1549 Macrob.
1746 1512 1828 1550 Sat.
1843 1511 1870 1550 I.

1007 1571 1066 1607 10.
1105 1566 1238 1605 Creuz.
1266 1565 1441 1618 Symbol.
1470 1565 1517 1605 T.
1543 1565 1608 1604 IV.
1642 1580 1677 1617 p.
1704 1571 1752 1607 31
1781 1581 1869 1619 sqq.

1001 1622 1044 1660 T.
1073 1622 1098 1661 Ι.
1131 1637 1168 1674 p.
1196 1626 1287 1664 309.
1337 1622 1524 1661 Buenem.
1557 1622 1606 1660 ad
1637 1622 1815 1663 Lactant.
1840 1623 1870 1664 l.

1004 1684 1064 1720 11.
1108 1681 1139 1730 ξ.
1172 1684 1238 1719 21.
1286 1679 1361 1717 Isis
1393 1680 1490 1717 enim
1524 1679 1662 1730 navigii
1698 1684 1779 1718 erat
1817 1680 1869 1718 In·

999 1737 1164 1778 matrix:
1192 1735 1239 1774 cs.
1266 1735 1314 1773 ad
1342 1735 1436 1773 Met.
1462 1749 1499 1787 p.
1516 1738 1608 1775 765.
1634 1736 1775 1774 rudem
1802 1737 1868 1775 cle-

1000 1793 1185 1830 dicantes
1210 1792 1404 1830 carinam.
1442 1790 1560 1829 Extat
1579 1796 1868 1830 monumentum

998 1848 1100 1898 apud
1135 1846 1344 1885 Pocokium
1380 1847 1415 1884 in
1447 1847 1530 1885 ltin.
1563 1846 1610 1885 T.
1635 1846 1662 1886 Ι.
1695 1861 1734 1900 p.
1762 1852 1865 1892 108..

1001 1904 1035 1942 in
1074 1917 1149 1954 quo
1188 1903 1404 1942 octodecim
1441 1902 1675 1954 Pastophori
1717 1905 1868 1955 conspi-

1000 1961 1148 1998 ciuntur
1172 1973 1310 1999 navem
1336 1963 1557 2011 gestantes,
1590 1961 1625 1998 in
1651 1960 1760 1998 cuius
1784 1974 1867 1998 me-

999 2017 1062 2055 dio
1076 2017 1174 2054 (leus
1186 2017 1260 2055 sub
1274 2016 1442 2055 humana
1455 2016 1573 2067 figura
1587 2017 1820 2068 conspicuus
1830 2017 1864 2054 in

998 2087 1111 2112 arcae
1127 2073 1293 2124 quadam
1313 2073 1448 2124 specie
1467 2072 1598 2119 sedet3
1619 2071 1666 2112 cf.
1676 2072 1864 2112 Schmidt.

998 2129 1048 2167 de
1074 2129 1234 2168 Sacerd.
1259 2130 1432 2180 Aegypt.
1458 2142 1493 2180 p.
1521 2132 1602 2169 202
1626 2129 1710 2181 sq.]

1055 2187 1320 2225 circumsecus
1366 2186 1628 2237 variegatam.
1707 2185 1864 2237 Optima

998 2241 1096 2280 haec
1120 2245 1181 2279 est
1196 2241 1402 2279 Stewechii
1429 2242 1661 2286 coniectura,
1685 2242 1721 2280 iu
1747 2255 1863 2293 quam

999 2297 1177 2336 Beroald.
1211 2298 1284 2336 iam
1315 2297 1515 2343 inciderat,
1553 2297 1624 2335 nisi
1656 2298 1761 2348 quod
1786 2300 1863 2337 cir-

998 2358 1222 2406 cumseptus
1251 2355 1336 2392 sinc
1366 2367 1487 2392 sensu
1517 2354 1676 2393 retinuit.
1724 2353 1861 2393 Ratio·

998 2424 1066 2448 nes
1099 2411 1217 2455 enim,
1249 2411 1389 2462 quibus
1417 2409 1620 2448 lectionem
1653 2411 1861 2450 circumse-

994 2468 1079 2518 ptis
1114 2470 1149 2504 et
1183 2467 1439 2506 coniecturam
1474 2480 1584 2504 suam
1623 2468 1861 2518 circumspe-

997 2524 1167 2562 ctissime
1197 2523 1291 2561 tueri
1324 2522 1456 2561 studet
1485 2521 1607 2567 Oud.‚
1642 2536 1717 2561 non
1742 2522 1859 2560 satis-

996 2579 1151 2618 faciunt.
1203 2579 1505 2631 Circumseptis,
1543 2579 1678 2629 inquit,
1715 2579 1767 2617 ita
1792 2591 1860 2616 ex-

994 2635 1127 2687 plicari
1153 2636 1298 2687 possit,
1334 2639 1375 2673 ut
1406 2648 1541 2673 navem
1573 2635 1678 2686 prius
1703 2635 1859 2672 circum-

995 2692 1157 2730 cinxerit
1181 2692 1310 2742 (quasi
1330 2693 1559 2743 sepimento‚
1585 2705 1661 2742 quo
1688 2703 1860 2730 arceren-

994 2752 1053 2787 tur
1094 2747 1266 2800 profani)
1310 2747 1442 2793 taeda,
1492 2748 1575 2785 ovis
1618 2750 1657 2784 et
1697 2746 1860 2786 sulfure.

994 2803 1107 2843 Certe
1132 2803 1308 2842 lustratio
1338 2801 1453 2842 flebat
1482 2804 1770 2841 circumlatione
1803 2802 1858 2840 lu-

992 2864 1299 2900 stramentorum.
1337 2859 1415 2911 [At
1445 2860 1530 2909 quis
1563 2859 1660 2897 serat
1688 2860 1857 2910 picturas

995 2917 1273 2967 circumseptas
1299 2916 1382 2954 ovis
1408 2916 1625 2966 ceterisque
1650 2915 1785 2960 rebus,
1815 2918 1857 2952 ut

994 2972 1166 3010 omittam
1191 2970 1543 3013 inconcinnitatem,
1580 2984 1628 3008 ne
1654 2971 1778 3008 dicam
1804 2970 1855 3007 in-

992 3028 1256 3079 eptitudinem,
1293 3041 1371 3077 qua
1399 3041 1491 3073 ova,
1520 3027 1636 3065 taeda
1667 3030 1705 3064 et
1732 3026 1856 3064 sulfur

990 3084 1042 3123 ad
1061 3085 1337 3135 circumseptis
1354 3083 1484 3121 referri
1504 3082 1649 3126 possit?
1680 3082 1855 3122 Circum-

989 3145 1126 3201 specte
1150 3152 1381 3198 quamquam
1412 3139 1509 3178 locis
1535 3139 1662 3177 Amm.
1687 3136 1853 3179 XXVH.

1481 3195 1535 3238 66
