2221 3667
315 169 398 210 442

579 167 625 207 L.
657 166 875 207 APULEII
905 164 1302 207 MADAURENSIS
1333 163 1874 206 METAMORPHOSEON

314 293 440 334 rapax
465 280 610 334 aquila,
638 295 863 334 memorque
882 279 1027 321 veteris
1054 277 1250 329 obsequii,
1279 291 1354 330 quo
1380 277 1496 317 ductu
1512 275 1715 331 Cupidinis
1735 279 1815 318 Iovi
1842 278 2106 332 pocillatorem

314 335 529 391 Phrygium
549 337 783 387 sustulerat,
812 343 1065 390 opportunam
1089 335 1221 373 ferens
1236 347 1362 386 opem,
1386 333 1523 387 deique
1539 347 1681 373 numen
1702 334 1742 373 in
1757 335 1895 374 uxoris
1910 334 2107 374 laboribus

230 400 291 433 408
315 393 534 447 percolens,
562 394 629 434 alti
656 394 834 434 culminis
861 392 982 431 diales
1002 390 1087 429 vias
1114 389 1295 444 ‹lesc{1·it.
1324 388 1377 429 Et
1396 389 1443 429 ob
1464 404 1506 429 os
1529 390 1676 443 puellae
1696 391 1929 443 praevolans
1949 391 2104 444 incipit:

313 449 370 490 At
400 457 440 490 tu
471 450 639 504 simplex
669 450 839 502 alioquin
872 455 911 487 et
941 460 1083 500 expers
1115 459 1245 486 rerum
1280 446 1434 496 talium,
1474 459 1687 499 sperasque
1713 453 1749 486 te
1774 446 2011 486 sanctissimi
2037 460 2109 487 nec

313 577 390 606 lom*
400 581 490 608 abest
504 587 524 607 a
537 576 566 608 δ’,
587 577 850 615 pullt'rr'latorem
864 576 975 609 F.1.11.
996 573 1252 611 prth'llalorem
1269 575 1290 604 s.
1312 573 1551 611 pugillatorem
1566 582 1602 603 π.
1625 574 1895 611 pugilli‘lalort’m
1909 576 1944 603 0.
1961 573 2110 614 frigium

313 626 349 652 G.
364 623 403 651 D.
450 623 659 652 subs-tulerat
679 626 713 651 G.
736 624 772 649 D.
795 629 848 655 pro
866 628 953 648 more
971 623 1000 648 et
1021 621 1068 648 ita
1088 628 1212 654 quoque
1232 617 1529 649 Via-eni.ve=1et.4.
1567 619 1758 648 subtulerae
1773 622 1887 649 Venct.
1903 622 1931 648 2.
1956 621 2005 648 Ac
2025 622 2110 648 male

312 667 505 697 abstulerat
524 670 600 698 citat
620 669 730 696 Heius.
751 668 791 695 ad
811 667 884 694 Val.
905 666 1015 694 macc.
1033 667 1089 694 lv.
1112 667 1186 694 161.

312 713 418 742 diales
438 713 544 742 vz'ules
567 714 587 742 s.
635 716 668 739 et
688 716 762 740 ante
782 709 820 737 ob
840 713 929 739 abest
951 718 970 738 a
990 712 1139 740 Beroald.
1162 711 1237 739 Bas.
1258 713 1283 739 1.
1299 713 1327 739 ⁶2.
1350 712 1440 739 Colv.
1456 712 1550 739 Vulc.
1564 713 1595 739 2.
1610 712 1721 740 XVow.
1736 711 1819 740 Prie.

1234 665 1302 692 alei
1319 665 1465 693 nmm'm's
1488 674 1542 700 pro
1562 664 1715 693 cuhm’m's
1735 666 1755 695 l'.
1782 675 1814 698 φ.
1851 664 1954 693 cmm's
1970 667 2005 694 G.
2020 666 2054 692 P.
2070 663 2109 693 1).

1869 710 1907 737 ob
1921 718 1954 737 es
1970 712 2005 738 G.
2021 711 2056 738 P.
2071 710 2109 738 D.

307 758 491 796 pervolans
511 761 547 787 R.
569 756 597 785 δ,
646 765 688 784 (ιι-
707 759 743 783 lu
763 753 791 785 ὃ.
840 754 992 792 alioquin
1014 764 1077 783 non
1097 759 1258 790 comparet
1280 756 1310 784 in
1333 758 1367 784 Β.
1415 759 1449 783 ee
1468 756 1629 792 ine.1·pers
1649 753 1677 784 δ.
1704 757 1743 784 cf.
1764 757 1803 784 ad
1824 759 1900 784 Met.
1922 757 1975 784 111.
1992 763 2019 789 p.
2035 756 2109 783 209.

313 804 431 832 talium
446 812 556 832 rerum
573 805 607 831 (ι’.
623 804 660 831 D.
687 808 870 838 sperasque
884 802 918 829 F.
934 802 963 829 3.
980 802 1016 829 G.
1030 802 1067 829 D.
1083 804 1112 829 el
1126 802 1197 829 edd.
1213 805 1288 830 ven.
1314 803 1349 829 ln
1365 802 1400 829 F.
1418 803 1445 829 1.
1460 805 1507 829 est
1522 808 1693 837 sperasne.
1714 803 1748 829 ln
1765 809 1794 835 p.
1812 801 1856 830 ila
1870 801 1935 835 legi
1949 800 2111 829 sententia

311 854 358 879 est
373 852 469 887 Οιιᾱ.7
495 855 687 883 quamquam
703 854 758 881 pro
772 850 857 875 certo
873 854 933 874 non
948 846 1097 875 affirmat.
1125 846 1230 875 Ceteri
1244 847 1334 874 codd.
1350 850 1376 875 et
1392 847 1462 875 edd.
1479 851 1546 881 post
1563 846 1713 875 Colvium
1726 849 1842 875 liabent
1858 852 2028 883 sperasne.
2046 867 2063 881 ἦ

309 960 355 999 L.
371 959 433 999 ΠΙ.
449 964 510 999 71.
526 958 658 1007 §.168
682 958 949 1009 primorum
974 958 1177 996 Ιιοιηῐηηιη,

310 1022 432 1068 alque
456 1015 823 1053 honestissimormn.
853 1013 981 1052 Doed.
1014 1013 1110 1064 Syn.
1129 1013 1174 1051 V.

307 1087 343 1124 p.
359 1076 437 1111 344
453 1084 513 1121 sq.
539 1069 695 1109 Ruhnk.
722 1070 772 1108 ad
798 1068 912 1108 Ovid.
933 1069 1094 1108 Heroid.
1110 1069 1175 1107 lv.

306 1131 370 1169 39.
397 1127 479 1166 lntt.
507 1127 556 1165 ad
582 1126 751 1166 Phaedr.
776 1125 802 1165 l.
834 1130 896 1166 13.
923 1131 958 1166 8.
986 1125 1044 1165 lta
1068 1125 1176 1164 intel-

307 1184 485 1235 ligendus
500 1189 562 1222 cst
577 1184 686 1222 locus
696 1182 1025 1234 Apul.(chundo
1040 1196 1077 1234 p.
1088 1187 1181 1223 328.

305 1243 421 1280 credi
440 1243 588 1293 prior
612 1243 721 1280 ratio
747 1245 812 1278 est.
841 1240 926 1278 Hoc
951 1244 1079 1278 tamen
1107 1254 1179 1277 non

305 1298 524 1349 negandum
556 1302 636 1343 est,
667 1296 959 1335 insolentiorem
992 1296 1054 1335 bic
1087 1311 1181 1335 esse

302 1356 490 1393 rationem
515 1354 702 1406 dicendi]

362 1412 457 1451 ales.
519 1411 631 1450 Hanc
662 1410 857 1463 poeticam
884 1423 1019 1447 vocem
1045 1409 1177 1448 multis

304 1468 401 1506 locis
439 1469 669 1520 comprobat
702 1466 823 1512 oud„
861 1467 1037 1504 excitans
1068 1466 1177 1516 Vir-g.

302 1523 403 1564 Aen.
419 1524 444 1564 Ι.
460 1528 552 1565 394.
581 1524 773 1564 Aetheria
795 1537 896 1575 quos
912 1523 1029 1574 lapsa
1041 1523 1178 1575 pla-qa

302 1582 436 1621 Iovis
480 1582 583 1620 ales
624 1585 772 1632 aperto
810 1579 1021 1620 Turbabal
1059 1580 1178 1619 coelo

300 1638 400 1677 Plin.
421 1636 473 1676 X.
489 1643 524 1678 5.
554 1637 710 1691 Aquila
740 1637 868 1675 lovis
893 1637 996 1675 ales
1020 1637 1177 1675 adscri-

302 1696 411 1735 be'tur
435 1695 482 1734 cf.
497 1694 706 1733 Burmanni
726 1693 853 1731 susam
873 1693 1172 1743 disputationem

301 1752 351 1790 ad
375 1750 543 1790 Phaedr.
571 1750 668 1789 Fab.
695 1749 722 1788 l.
752 1753 812 1789 13.
840 1754 875 1789 8.
909 1750 1028 1789 nulla
1051 1751 1175 1801 prior

300 1808 383 1848 ales
403 1811 517 1861 sorel
543 1807 667 1859 [virg.
693 1807 795 1845 Aen.
813 1805 900 1844 XII.
919 1810 1010 1846 247.
1034 1806 1175 1858 fulvas

300 1865 409 1904 Iovis
434 1865 537 1904 ales
568 1862 684 1902 Ovid.
712 1862 808 1901 Met.
836 1862 902 1900 lv.
929 1865 1022 1902 362.
1054 1864 1174 1914 reyt'a

299 1923 412 1962 ales.

353 1920 645 2030 podillatorem
670 1976 916 2030 Phrygium.
963 1974 1179 2027 [Ganyme-

300 2035 390 2073 dem
416 2036 546 2086 signat
573 2033 636 2084 qui
662 2032 802 2071 alevis
827 2030 981 2084 poculis
1007 2036 1102 2077 erat,
1129 2032 1179 2070 de

301 2093 410 2130 cuius
434 2094 547 2143 raptu
573 2090 622 2129 cs.
649 2090 764 2128 Hom.
792 2088 832 2127 ll.
859 2088 953 2128 XX.
981 2092 1062 2129 232
1088 2102 1178 2140 sqq.

299 2148 416 2187 Ovid.
443 2148 539 2187 Met.
565 2147 616 2185 X.
647 2151 724 2187 155
752 2159 841 2197 sqq.
878 2145 1039 2184 Heroid.
1066 2144 1178 2185 XVI.

302 2209 393 2246 197.
418 2205 526 2256 Virg.
552 2204 654 2242 Aen.
670 2203 721 2242 V.
746 2204 830 2244 254
856 2216 944 2254 sqq.
969 2202 1103 2253 Apoll.
1129 2201 1176 2240 ΙΙ.

300 2266 336 2303 5.
363 2265 400 2302 9.
449 2261 584 2300 Munk.
618 2264 658 2298 et
694 2260 872 2298 Staveer.
904 2259 955 2298 ad
980 2258 1124 2310 Hygin.
1151 2258 1175 2297 s.

300 2323 414 2363 271„
440 2318 505 2370 qui
525 2318 690 2370 plurima
703 2316 753 2354 de
775 2330 823 2354 eo
845 2316 1009 2366 eiusque
1029 2315 1177 2366 origine

299 2375 549 2428 protulerunt.
558 2375 573 2427 J

357 2432 489 2471 diales
508 2433 603 2470 vias.
638 2429 824 2482 [Quidam
850 2430 980 2481 inepte.
1004 2430 1178 2468 scribunt

299 2489 520 2529 sidet-eules
543 2488 640 2527 vias.
690 2486 880 2525 Inusitata
910 2487 1010 2524 enim
1036 2486 1179 2536 signifi-

301 2547 452 2585 catione
479 2545 603 2584 dialis
622 2543 817 2594 Apuleius
837 2543 931 2581 dixit
951 2556 1020 2594 pro
1047 2543 1178 2582 aethe-

300 2604 397 2648 rius,
417 2602 507 2654 quia
521 2600 665 2652 Iupiter
679 2600 766 2651 ipse
780 2600 914 2638 aether
934 2604 1007 2638 est.
1034 2599 1180 2639 Diales

300 2661 412 2711 igitur
433 2660 518 2698 viae
537 2662 628 2697 sunt
642 2658 848 2702 coelestes,
875 2657 1017 2707 quibus
1030 2656 1175 2695 relictis

299 2717 351 2755 ad
375 2720 514 2754 terram
540 2715 671 2766 aquila
695 2714 899 2752 delabitur.
924 2712 1057 2752 Iovem
1082 2727 1174 2751 vero

300 2787 368 2824 pro
401 2772 514 2812 coelo
547 2776 586 2810 et
616 2770 777 2809 aethere
809 2770 882 2808 diei
909 2773 1075 2808 constat.
1125 2769 1175 2808 cf.

300 2829 449 2868 Ennius
474 2828 579 2880 apud
605 2828 681 2867 (Tic.
708 2827 758 2865 de
782 2826 874 2866 Nat.
900 2826 1019 2864 Deor.
1039 2825 1084 2865 ll.
1108 2831 1174 2867 25.

300 2885 330 2934 ᾗ.
347 2890 410 2927 65.
425 2885 561 2924 Horat.
577 2884 653 2924 Od.
668 2884 694 2922 Ι.
710 2888 775 2924 22.
794 2887 854 2924 19.
870 2882 984 2921 Ovid.
1000 2883 1096 2921 Met.
1108 2882 1177 2922 IV.

302 2946 394 2983 260.
420 2941 650 2981 luvenalX.
666 2945 733 2982 78.
758 2940 857 2979 Stat.
873 2939 998 2978 Theb.
1012 2939 1075 2977 Ill.
1092 2940 1174 2993 26]

357 3004 402 3038 at
424 3004 479 3039 tu.
530 2998 629 3051 [Hic
658 2997 772 3037 locus
796 2998 894 3035 inter
919 3009 968 3034 ea
992 2996 1178 3048 exempla

301 3054 530 3093 referendus
561 3059 641 3101 est,
677 3055 744 3093 ubi
775 3059 820 3094 at
847 3052 1039 3106 particula
1068 3053 1174 3091 initio

303 3112 485 3150 orationis
509 3113 678 3163 ponitur,
704 3125 806 3162 quae
832 3124 882 3149 ex
906 3111 1034 3149 animo
1059 3110 1176 3148 vehe-

302 3169 469 3206 mentius
506 3173 700 3207 commoto
726 3167 992 3219 proficiscitur.
1051 3166 1175 3219 quue

1235 957 1396 1008 primum
1411 957 1450 995 fit
1463 958 1496 995 in
1513 958 1753 1002 evocatione,
1763 961 1801 994 et
1815 956 1850 994 in
1866 955 2112 1001 allocutione,

1235 1014 1269 1051 in
1298 1027 1374 1063 qua
1398 1015 1635 1064 praeceteris
1662 1018 1706 1052 at
1723 1018 1767 1052 ίιι
1786 1010 1887 1051 ἀλλὰ
1905 1008 1971 1059 σύ,
1997 1011 2045 1051 σὺ
2058 1015 2111 1059 δέ,

1235 1067 1283 1109 σὺ
1309 1068 1342 1107 δ’
1363 1066 1463 1109 ἀλλά
1490 1071 1632 1108 usitata
1657 1073 1757 1107 sunt.
1784 1069 1831 1108 cf.
1855 1068 1938 1107 lntt.
1960 1069 2010 1106 ad
2024 1068 2112 1107 Liv.

1237 1126 1261 1165 Ι.
1282 1130 1342 1166 ¹12.
1364 1131 1402 1167 5.
1429 1127 1556 1165 Hand.
1582 1126 1633 1165 ad
1660 1125 1828 1164 Turseli.
1856 1125 1881 1164 Ι.
1908 1125 2020 1172 440..
2048 1126 2113 1175 qui

1241 1184 1352 1234 plura
1389 1183 1573 1235 exempla
1609 1183 1785 1221 eiusdem
1822 1182 2113 1232 significationis

1240 1239 1410 1285 exhibet,
1436 1245 1687 1290 nostrumque
1716 1239 1843 1277 locum
1868 1252 1935 1290 pro
1961 1252 2035 1277 sua
2060 1238 2112 1276 di-

1243 1297 1395 1347 ligentia
1420 1297 1632 1349 apposuit]

1296 1367 1454 1405 arpers.
1506 1352 1766 1405 [Doctissima
1791 1353 1879 1390 sine
1907 1352 2023 1390 dubio
2050 1355 2113 1389 est

1239 1410 1352 1447 lectio
1379 1410 1466 1448 cod.
1491 1412 1523 1448 ὃ.
1552 1423 1666 1460 quam
1693 1409 1726 1445 si
1754 1409 1886 1459 plures
1913 1408 2026 1447 codd.
2058 1408 2112 1446 af·-

1237 1467 1445 1511 firmarent,
1472 1467 1644 1517 recipere
1671 1466 1705 1503 in
1731 1469 1880 1503 textum
1906 1479 1979 1503 non
2006 1464 2113 1502 dubi·

1236 1528 1376 1568 tarem,
1404 1527 1442 1561 ct
1467 1537 1513 1559 eo
1540 1524 1666 1572 magis
1693 1526 1755 1559 est
1781 1535 1827 1559 ea
1853 1521 2114 1572 respicienda,

1238 1580 1342 1629 quod
1374 1580 1409 1617 in
1444 1580 1583 1617 eodem
1617 1578 1751 1617 codice
1784 1578 1858 1615 iam
1883 1582 2002 1616 antea
2027 1591 2113 1616 eam

1238 1637 1453 1674 invenimus
1492 1635 1554 1674 ΙΙΙ.
1592 1650 1628 1687 p.
1662 1639 1757 1675 209.
1807 1635 1976 1686 Expers
2013 1634 2114 1672 enim

1235 1693 1347 1743 quasi
1374 1706 1442 1744 pro
1470 1697 1668 1743 arpertus
1700 1691 1843 1729 dictum
1870 1694 1949 1736 est,
1983 1695 2025 1730 ut
2049 1704 2114 1728 ex-

1234 1753 1382 1801 ponunt
1419 1749 1552 1788 Closs.
1591 1747 1752 1786 Pliilox.
1788 1762 1824 1799 p.
1864 1751 1930 1788 91.
1968 1761 2115 1799 expers

1235 1801 1388 1859 ἄπειρος
1402 1808 1462 1844 καὶ
1479 1804 1668 1858 ἑῇιιπειρος,
1696 1809 1735 1842 ut
1751 1803 1918 1843 Casaub.
1933 1804 1985 1842 ad
2003 1803 2116 1843 Pers.

1233 1863 1300 1901 Vl.
1319 1863 1440 1903 38.iis
1457 1862 1659 1900 vocabulis
1674 1861 1710 1899 id
1737 1861 1983 1907 adnumeret,
2011 1873 2113 1912 quae

1234 1920 1541 1970 significationes
1556 1919 1767 1957 contrarias
1781 1918 1993 1956 admittant.
2014 1916 2113 1955 Eae-

1238 1976 1327 2014 dem
1343 1975 1480 2014 Gloss.
1505 1989 1542 2027 p.
1570 1989 1602 2014 c.
1627 1974 1774 2015 habent
1798 1979 2004 2025 expertas.
2036 1974 2113 2013 Pe-

1237 2034 1349 2072 ritos.
1377 2032 1424 2070 cf.
1452 2031 1535 2070 lntt.
1562 2032 1612 2069 ad
1639 2030 1778 2070 Catuli.
1805 2030 1951 2069 LXVI.
1981 2035 2045 2071 77.
2073 2034 2113 2069 et

1236 2088 1396 2127 Petron.
1421 2088 1470 2126 ad
1506 2088 1531 2127 l.
1557 2102 1608 2135 c..
1645 2088 1710 2126 ubi
1740 2087 1863 2125 multa
1887 2087 1938 2125 (le
1963 2087 2041 2126 hac
2063 2088 2113 2125 si-

1237 2146 1482 2197 gnificatione
1496 2145 1753 2197 disputantur.
1768 2144 1970 2195 Inexpers
1983 2148 2113 2182 tamen

1237 2216 1353 2254 quum
1379 2201 1484 2240 nullo
1511 2201 1694 2252 exemplo
1722 2200 2008 2252 comprobetur,
2032 2200 2115 2239 lati-

1237 2273 1326 2297 num
1357 2258 1508 2297 videtur
1538 2272 1613 2296 non
1646 2270 1758 2302 esse,
1795 2257 1898 2295 unde
1928 2258 2060 2309 potius
2092 2271 2115 2295 e

1237 2316 1376 2367 glossa
1408 2315 1510 2354 docti
1545 2314 1686 2353 librarii
1718 2314 1756 2352 id
1792 2313 1995 2352 effluxisse
2033 2314 2115 2351 exi·-

1235 2371 1430 2425 stimem.]

1293 2442 1528 2482 sperasque.
1602 2427 1731 2479 [Haec
1764 2428 1973 2479 scriptura,
2012 2440 2115 2478 quae

1237 2487 1466 2526 auctoritate
1510 2484 1757 2537 plurimorum
1801 2484 2114 2535 optimorumque

1238 2542 1351 2581 codd.
1367 2545 1628 2587 sustentatur,
1655 2544 1693 2578 et
1719 2554 1795 2591 quo
1822 2540 2013 2578 difficilior
2039 2544 2113 2586 est,

1238 2614 1285 2638 eo
1334 2601 1460 2649 magis
1510 2597 1760 2636 defendenda
1806 2597 1959 2635 videtur
2006 2610 2114 2644 esse,

1236 2656 1379 2695 multas
1393 2656 1599 2694 molestias
1612 2654 1887 2705 interpretibus
1902 2653 2115 2699 facessivit,

1234 2718 1276 2752 ut
1295 2713 1565 2751 diversissime
1586 2710 1672 2750 loco
1695 2710 1928 2749 coniecturis
1955 2723 2113 2748 succur-

1235 2773 1374 2808 rerent.
1411 2767 1588 2807 Probant
1613 2766 1772 2806 Colvius
1798 2770 1837 2804 et
1863 2765 2114 2805 stewechius

1234 2826 1440 2865 lectionem
1466 2825 1580 2865 codd.
1605 2824 1651 2863 F.
1685 2828 1720 2863 1.
1759 2826 1797 2861 et
1832 2836 1870 2874 p.
1907 2837 2113 2875 sperasne,

1235 2897 1337 2935 qiiae
1363 2887 1493 2921 tamen
1520 2882 1698 2933 glossam
1723 2879 1854 2931 potius
1886 2880 2009 2930 sapit,
2040 2893 2116 2919 nec

1236 2942 1290 2979 ita
1314 2943 1422 2978 certa
1435 2943 1514 2985 est,
1540 2938 1645 2990 quod
1659 2936 1856 2976 collationi
1871 2935 2112 2974 Lindenbro-

1236 2998 1393 3048 glanae,
1419 3008 1520 3048 quae
1544 2993 1677 3039 multa,
1701 2993 1941 3044 praeceteris
1966 2994 2115 3032 minora

1237 3054 1392 3099 omittit,
1418 3067 1493 3091 non
1519 3064 1660 3102 magna
1683 3049 1783 3088 fides
1808 3048 2011 3088 tribuenda
2036 3053 2112 3095 est,

1235 3110 1337 3149 Oud.
1374 3123 1466 3148 vero
1504 3109 1591 3160 ipse
1628 3107 1719 3145 dicit
1761 3104 1847 3144 cod.
1884 3105 2007 3152 pith„
2052 3106 2113 3144 cui

1234 3166 1396 3205 multum
1422 3165 1591 3210 confido,
1617 3164 1670 3201 ita
1695 3162 1841 3201 habere
1866 3163 2010 3202 videri.
2036 3161 2111 3200 Ce-
