2155 3590
642 76 828 118 menn
864 77 912 117 v.
973 74 1099 118 cAP.
1130 73 1271 116 xxx.
1781 67 1862 120 389

73 205 204 234 areum
223 191 383 240 enodet,
411 190 563 230 taedam
583 189 821 240 deflammet‚
849 189 966 230 immo
987 195 1026 230 et
1043 189 1168 242 ipsum
1183 199 1327 241 eorpus
1346 186 1430 228 eius
1445 186 1661 228 acrioribus
1678 187 1859 229 remediis

76 254 266 289 coereeat.
317 246 430 286 Tune
455 246 621 286 iniuriae
646 251 756 286 m'eae
780 244 932 285 litatum
958 245 1211 294 crediderim,
1239 257 1326 284 eum
1350 243 1434 284 eius
1460 257 1613 295 comas,
1647 258 1742 298 quas
1771 245 1858 285 istis

74 303 248 344 manibus
285 301 380 341 meis
417 301 580 342 subinde
611 314 731 341 aureo
762 301 891 341 nitore
921 301 1160 355 perstrinxi,
1199 299 1409 341 deraserit:
1447 299 1609 353 pinnas,
1650 314 1744 354 quas
1771 315 1857 342 meo

70 358 416 418 gtefflipflsssslerssi
439 357 558 417 fontis
584 357 717 417 infeci,
745 358 1067 417 praetotonderit.

68 461 206 492 denodet
218 464 254 492 B.
268 464 304 492 F.
315 465 343 491 1.
359 466 389 491 et
401 470 512 491 omnes
525 462 596 491 edd.
609 465 686 491 vett.
701 459 819 489 enodet
833 462 868 491 F.
882 463 913 491 3.
927 462 963 490 P.
977 464 1012 491 0.
1027 462 1048 491 f.
1062 459 1090 492 δ.
1106 464 1141 492 G.
1156 464 1187 491 2.
1212 463 1308 490 notet
1318 462 1358 490 D.
1393 458 1575 489 coherceat
1588 461 1714 490 vicent.
1739 460 1858 490 choer-

69 511 145 537 ceac
159 510 197 537 D.
219 511 247 536 et
262 509 371 546 statim
384 508 470 536 infra
482 511 561 541 post.
608 505 716 534 latam
735 515 790 541 pro
810 506 947 535 litatum
961 508 996 535 Ο.
1012 514 1031 536 a
1042 515 1082 536 m.
1095 515 1126 542 p.
1166 506 1369 544 prostrz'nxi
1379 507 1414 536 0.
1462 504 1631 534 deraserit
1644 507 1678 535 F.
1695 506 1723 535 1.
1738 509 1768 536 3.
1782 510 1818 536 P.
1828 506 1857 536 δ.

68 556 104 582 G.
117 555 147 583 2.
161 554 199 580 D.
215 553 236 581 f.
251 554 331 585 ΚΟ.
350 554 435 581 lunt.
454 554 484 580 2.
510 554 547 580 In
566 552 701 586 reliquis
720 556 767 585 est
781 550 977 589 detorserim,
999 556 1031 580 ut
1051 553 1148 581 iidem
1166 552 1253 581 infra
1270 552 1400 581 variant
1417 551 1502 580 inter
1514 550 1807 587 praecotonderim
1827 557 1858 581 et

60 595 345 637 praetolon‘derit.
393 595 509 624 derasi
518 603 555 626 π.
598 597 706 633 pinna
719 597 754 626 0.
788 596 883 624 modo
893 597 1020 634 gremio
1034 598 1070 626 P.
1105 596 1289 626 nectarz'G.
1303 598 1334 626 2.
1348 598 1384 626 Ρ.
1403 597 1540 626 D.1un1.
1552 598 1583 625 2.
1627 594 1856 633 inficn'lunt.2.

63 640 297 680 practondera·c
310 643 348 670 D.

65 723 144 757 est:
171 719 395 770 porriqere
424 730 587 757 maneos
615 731 774 763 manusc,
801 722 840 757 et
862 730 928 756 ar·
989 719 1108 757 sorus
1123 718 1277 758 enodat
1293 719 1518 771 infaustae,
1535 717 1599 755 hie
1617 717 1769 757 solvere
1782 723 1855 764 est,

64 775 181 814 ticulz'
193 774 432 813 mobilitates
443 775 526 813 iam
537 774 741 825 inqenz'tas
749 772 930 825 expliea—
990 778 1029 812 et
1041 775 1195 813 ademto
1208 788 1326 813 nervo
1340 787 1470 813 arcum
1482 774 1653 812 inutilem
1676 774 1856 815 reddere.

63 831 178 870 bant.-
199 829 444 868 Stewechius
464 830 613 868 intrusit
636 830 931 870 immobilitates
988 830 1083 869 Erat
1096 844 1211 882 quum
1225 831 1405 882 equidem
1420 835 1577 870 enervet
1593 830 1764 882 legerem
1782 831 1856 870 sed

60 890 101 925 et
132 885 305 925 Orellius
335 888 372 924 in
403 886 610 925 editionem
634 899 745 925 suam
769 887 929 937 recepit.
991 901 1090 926 nunc
1114 888 1346 926 sententiam
1369 885 1571 939 retraeto.]

57 941 146 982 Hoc
169 943 203 980 si
232 943 398 995 probum
421 946 549 989 esset,
580 943 813 994 significaret
849 943 930 982 dis·
1045 944 1313 997 deflammare.
1341 943 1444 995 [Hoc
1459 955 1612 993 quoque
1627 941 1854 995 vocabulum

57 998 275 1039 solvebant.
321 998 406 1037 Sed
429 999 621 1037 sententia
644 1012 693 1038 ea
715 1003 795 1037 est:
818 998 927 1050 liqui
985 1001 1033 1038 ab
1046 998 1216 1050 Apuleio
1240 1014 1316 1038 uno
1342 1003 1574 1050 usurpatum
1588 1004 1666 1046 est,
1691 1004 1732 1038 ut
1741 1001 1853 1053 flam·

57 1054 164 1107 prius
187 1068 326 1094 manus
341 1069 416 1094 non
428 1055 643 1100 habebant,
669 1068 739 1093 eas
753 1056 827 1094 iam
840 1069 926 1107 por-

55 1111 241 1162 rigebant,
268 1112 371 1150 etita
383 1112 538 1162 quidem
558 1112 785 1158 movebant,
813 1112 924 1162 quasi

56 1180 130 1206 eae
152 1171 289 1206 essent
308 1169 506 1218 ingenitae
530 1171 569 1205 et
593 1181 615 1205 a
641 1171 776 1206 natura
796 1167 925 1206 datae.

53 1221 289 1263 Referuntur
317 1223 417 1263 haee
445 1224 567 1261 verba
596 1224 645 1262 ad
676 1223 924 1269 celeritatem,

57 1293 133 1331 qua
155 1278 218 1318 his
242 1280 422 1323 manibus
447 1294 472 1318 a
493 1278 586 1318 Iesu
609 1279 794 1318 miraculo
822 1279 922 1318 datis

18 1359 19 1362 =
53 1336 107 1379 uti
130 1335 194 1375 isti
216 1336 393 1381 homines
418 1335 627 1388 poterant]

107 1393 280 1445 sagittas
305 1392 529 1438 deurmare.
592 1391 712 1443 [Mira
735 1390 836 1430 haec
860 1394 922 1429 est

53 1447 187 1494 dictio,
213 1449 321 1492 cuius
341 1447 443 1486 Oud.
464 1462 513 1486 ne
534 1448 652 1486 verbo
673 1447 830 1498 quidem
855 1462 920 1486 no-

54 1505 173 1555 titiam
202 1504 295 1543 fecit
326 1518 506 1556 quaeque
536 1503 611 1543 alio
636 1503 817 1555 exemplo
843 1518 918 1542 non

51 1564 185 1612 potest
221 1561 474 1613 comprobari.
534 1561 762 1600 Dearmure
805 1573 922 1612 quum

51 1617 205 1669 proprie
218 1631 325 1656 arma
337 1616 452 1656 alicui
467 1617 684 1662 detrahere,
699 1616 921 1668 despoliare

50 1671 218 1724 aliquem
236 1673 446 1724 significet,
471 1674 639 1724 sagittae
653 1673 726 1712 dici
740 1687 814 1712 non
830 1687 920 1725 pos-

49 1733 141 1768 sunt
154 1730 371 1770 dearmari.
389 1728 492 1768 Puto
507 1730 619 1780 igitur
632 1730 846 1770 dem-nme
858 1729 921 1768 hic

48 1799 119 1838 pro
144 1799 293 1825 exuere
315 1787 484 1838 positum
504 1798 598 1830 esse
620 1786 670 1824 de
683 1786 919 1832 Sobrietate,

48 1854 151 1894 quae
187 1841 386 1894 Cupidinis
421 1842 644 1894 pharetram
679 1856 754 1880 non
791 1841 920 1881 solum

49 1897 231 1940 dissolvit
266 1903 307 1937 et
341 1900 482 1950 aperit,
519 1898 593 1936 sed
623 1899 739 1938 etiam
763 1899 919 1949 sagittis

45 1967 136 1994 eum
166 1954 302 2005 privat.
358 1955 547 1993 Fortasse
579 1955 695 1993 etiam
726 1954 837 1994 aliter
867 1955 920 1992 ita

44 2014 181 2062 potest
205 2009 407 2062 explicari,
435 2015 478 2049 ut
506 2012 681 2062 sagittas
706 2011 919 2050 dem-mare

46 2068 98 2105 sit
120 2066 327 2113 hebetare,
353 2067 586 2112 obtundere,
612 2067 702 2117 quia
727 2080 834 2105 arma
857 2079 918 2104 sa·

47 2124 227 2174 gittarum
263 2126 381 2173 atque
411 2136 543 2162 earum
578 2122 638 2160 vis
669 2122 704 2160 in
742 2122 918 2162 acumine

47 2180 238 2219 consistit.
285 2178 375 2217 Hoc
398 2180 453 2217 vir
479 2179 617 2217 ‹loctu's
643 2180 678 2217 in
709 2191 828 2230 marg.
855 2178 916 2216 ed.

47 2233 157 2273 Colv.
182 2247 296 2273 meae
322 2234 549 2274 suboluisse
574 2234 741 2281 videtur,
772 2236 836 2285 qui
863 2235 916 2272 in-

45 2291 231 2330 concinne
254 2304 324 2342 pro
351 2291 533 2330 dearmet
556 2290 707 2329 coniicit
727 2292 916 2337 (tenenat,

45 2346 151 2398 quod
198 2347 428 2386 vocabulum
474 2351 677 2399 praeterea
723 2360 914 2398 nusquam

45 2402 218 2456 legitur]

102 2473 243 2501 areum
267 2460 426 2500 enodet.
450 2459 624 2511 Vulgata
647 2459 763 2498 lectio
790 2459 913 2498 cleno-

47 2516 133 2562 det,
158 2515 467 2567 quamPricaeus
491 2517 657 2563 retinuit,
684 2515 786 2554 Oud.
811 2516 913 2554 bene

46 2571 236 2623 defendit,
281 2574 372 2624 quia
406 2587 480 2616 non
516 2572 645 2612 solum
681 2572 914 2610 vocabulum

46 2628 256 2669 denodare
268 2642 458 2680 nusquam
473 2628 640 2681 legatur,
665 2628 737 2667 sed
758 2628 913 2679 elegan-

47 2684 122 2725 tius
135 2685 249 2724 etiam
261 2686 347 2724 vice
359 2699 477 2724 versa
489 2700 542 2725 ea:
555 2689 594 2723 et
607 2686 659 2724 sle
670 2685 913 2735 usurpaverit

47 2743 187 2782 auctor.
233 2740 341 2785 Idem
371 2743 447 2780 iam
479 2746 568 2781 ante
605 2755 694 2780 eum
730 2740 910 2787 Floridus

45 2795 281 2846 probaverat.
320 2798 519 2839 Enodare
543 2811 659 2848 quum
683 2798 836 2848 proprie
860 2798 912 2836 sit

49 2851 160 2893 nodis
184 2852 390 2895 exsolvere
413 2858 455 2893 ut
480 2853 562 2894 Cat.
576 2854 625 2892 R.
640 2853 689 2892 R.
703 2857 768 2894 44.
795 2854 913 2893 Bene

50 2909 292 2949 enodata
332 2913 557 2964 stirpesque
601 2910 729 2949 laeves
761 2910 911 2962 facito,

49 2961 189 3001 deinde
216 2967 479 3018 metaphorice
511 2967 657 3006 dicatur
686 2980 755 3018 pro
782 2966 912 3017 expli-

50 3032 146 3061 care
158 3020 322 3073 Zutdc'irell.
332 3020 522 3066 X111.÷1o.
548 3023 728 3063 enodare
745 3023 913 3076 laqueos

51 3076 154 3117 iuris
175 3076 331 3119 etMet.
355 3078 423 3120 lv,
447 3093 485 3132 p.
511 3083 605 3133 312.
635 3083 913 3131 praecepta

983 1070 1067 1095 mas
1091 1057 1368 1108 exstinquere,
1405 1055 1547 1093 deinde
1594 1058 1854 1109 exstinquere

987 1111 1186 1162 significet.
1233 1111 1322 1150 Hoc
1346 1112 1457 1162 igitur
1479 1113 1613 1149 mirum
1639 1116 1719 1157 est,
1751 1111 1853 1162 quod

985 1168 1150 1205 omnium
1177 1180 1277 1217 quae
1300 1168 1501 1217 usurpavit
1525 1167 1575 1206 ad
1605 1168 1677 1206 has
1702 1181 1854 1219 poenas

983 1223 1258 1274 significandas
1288 1222 1483 1274 Apuleius
1518 1224 1722 1262 verborum
1756 1225 1853 1262 ratio

982 1292 1031 1317 ea
1056 1283 1135 1325 est,
1160 1283 1202 1317 ut
1221 1283 1286 1318 aut
1305 1280 1451 1329 primus
1472 1283 1606 1317 auctor
1619 1293 1667 1317 ea
1679 1280 1854 1331 posuerit

980 1339 1046 1374 ant
1069 1335 1253 1373 inusitata
1283 1335 1406 1385 plane'
1429 1335 1719 1386 significatione.
1767 1336 1854 1374 Hoc

977 1404 1136 1429 monere
1161 1391 1334 1430 debebat
1363 1391 1614 1442 interpretes,
1645 1405 1695 1430 ne
1726 1393 1850 1430 incon-

977 1447 1187 1486 sideratius
1211 1447 1314 1485 hunc
1338 1446 1466 1485 locum
1491 1448 1776 1500 emendarent]

1035 1517 1161 1545 aureo
1186 1505 1320 1542 nitore
1338 1505 1582 1555 perstrinxi.
1618 1503 1729 1542 Male
1754 1504 1852 1542 haee

980 1558 1200 1598 Beroaldus
1214 1561 1373 1611 exponit
1386 1574 1512 1599 aureo
1525 1561 1688 1599 vinculo
1702 1562 1853 1600 notavi.

979 1616 1168 1655 Heinsius
1189 1617 1395 1668 ingeniose
1407 1629 1480 1654 suo
1493 1630 1600 1655 more
1614 1616 1850 1655 emendavit:

980 1673 1122 1713 Arabo
1135 1673 1490 1724 nidoreperunm',
1505 1673 1555 1712 ad
1568 1672 1848 1712 Ovid.Her0id.

978 1728 1070 1768 XV.
1087 1734 1150 1769 76.
1177 1729 1275 1768 Non
1300 1728 1466 1779 Arabo
1491 1735 1626 1768 noster
1649 1743 1761 1768 rore
1786 1744 1849 1769 ea-

974 1786 1107 1837 pillus
1133 1785 1222 1824 olet.
1250 1784 1296 1823 cs.
1322 1785 1372 1824 ad
1397 1784 1494 1824 Met.
1519 1784 1564 1823 Il.
1590 1799 1627 1837 p.
1657 1789 1747 1825 108.
1778 1785 1849 1825 Ca-

974 1842 1106 1894 pillus
1140 1842 1272 1893 yuth's
1312 1839 1558 1880 Arabicis
1602 1841 1848 1881 obunctus.

977 1898 1119 1936 Nidor
1149 1898 1265 1936 etiam
1296 1911 1364 1949 pro
1396 1896 1516 1935 odore
1546 1898 1600 1935 rei
1631 1911 1705 1935 non
1736 1901 1851 1936 ustae

976 1967 1101 2004 saepe
1137 1953 1242 2004 apud
1278 1956 1433 1991 veteres
1463 1954 1499 1990 in
1529 1966 1604 1991 usu
1629 1957 1703 1993 est.
1749 1953 1850 1992 Hine

976 2010 1151 2049 mellitus
1198 2011 1387 2060 eorpoiv's
1432 2010 1582 2048 nidor
1627 2009 1726 2049 Met.
1745 2008 1847 2048 Vlss.

975 2080 1013 2118 p.
1035 2069 1128 2106 567.
1154 2065 1300 2103 Verum
1326 2064 1416 2103 lieet
1439 2066 1499 2103 sie
1524 2066 1669 2116 optime
1696 2066 1848 2104 locutus

975 2125 1088 2169 esset
1101 2125 1245 2168 auctor,
1271 2125 1400 2159 tamen
1415 2121 1477 2159 hic
1489 2121 1582 2160 nihil
1599 2125 1732 2161 contra
1743 2122 1848 2162 Mss.

975 2177 1200 2216 mutandum
1215 2191 1308 2215 esse
1322 2181 1457 2217 censet
1466 2177 1569 2217 Oud.
1584 2177 1686 2217 Nam
1701 2192 1847 2218 aureus

975 2235 1086 2274 nitor
1116 2234 1346 2285 capiendum
1372 2247 1465 2272 esse
1497 2234 1547 2272 (le
1571 2234 1678 2273 fulvo
1704 2234 1869 2279 colores·

976 2304 1052 2341 quo
1078 2290 1246 2341 capillos
1273 2289 1472 2342 Cupidinis
1492 2290 1631 2330 Venus
1657 2291 1835 2328 imbuerit

971 2345 1130 2385 Passim
1155 2347 1257 2385 enim
1280 2348 1409 2386 nitere
1433 2347 1483 2385 de
1512 2361 1606 2385 auro
1632 2347 1726 2391 dici;
1753 2347 1843 2386 coll.

971 2402 1108 2442 Heins.
1134 2405 1173 2440 et
1196 2402 1328 2442 Burin.
1353 2402 1402 2440 ad
1429 2402 1542 2442 Ovid.
1567 2402 1664 2441 Met.
1680 2402 1729 2441 X.
1751 2407 1845 2444 647.

973 2463 1066 2500 666.
1112 2458 1242 2498 Bentl.
1273 2459 1323 2497 ad
1347 2459 1484 2498 Manil.
1510 2458 1537 2499 I.
1565 2463 1657 2500 737.
1682 2459 1768 2497 Intt.
1795 2459 1842 2497 ad

970 2515 1101 2563 Valer.
1127 2514 1339 2554 Flaec.V1.
1368 2519 1460 2557 710.
1487 2519 1525 2553 et
1538 2516 1637 2554 Stat.
1653 2514 1779 2553 Theb.
1793 2515 1841 2554 V.

973 2576 1068 2614 227.
1103 2570 1219 2610 Unde
1243 2574 1396 2623 patere,
1427 2572 1543 2610 simul
1572 2573 1743 2611 nitorem
1768 2571 1841 2609 ‹lici

972 2629 1022 2667 ob
1053 2626 1248 2667 delibutos
1277 2628 1423 2678 liquido
1458 2629 1571 2678 quasi
1600 2641 1692 2666 auro
1725 2626 1841 2678 capil-

970 2684 1051 2730 los,
1086 2683 1153 2723 tali
1188 2688 1385 2736 unguento
1411 2683 1686 2735 splendentes,
1725 2697 1841 2733 quum

968 2744 1229 2793 unguentatae
1252 2754 1317 2779 res
1343 2740 1518 2779 dicantur
1541 2740 1698 2779 nilidae
1721 2742 1761 2776 et
1784 2740 1841 2778 7νὶ-

968 2802 1065 2836 tere.
1101 2796 1189 2836 coll.
1211 2797 1285 2836 Cic.
1307 2796 1416 2835 Catil.
1437 2795 1481 2834 Il.
1503 2800 1540 2836 5.
1576 2795 1697 2834 Mela.
1717 2793 1782 2834 ΠΙ.
1803 2798 1839 2836 9.

971 2853 1085 2892 Ovid.
1099 2853 1144 2900 M
1148 2858 1197 2892 et.
1207 2854 1291 2892 Art.
1305 2853 1393 2892 Am.
1407 2851 1472 2892 Ill.
1485 2856 1579 2892 443.
1603 2850 1775 2901 Broukli.
1790 2851 1839 2889 ad

971 2908 1114 2949 Tibull.
1139 2909 1182 2948 ll.
1209 2914 1272 2950 57.
1323 2909 1387 2961 [cs.
1415 2908 1603 2947 Schmidt.
1629 2907 1679 2946 ad
1702 2906 1838 2946 Horat.

970 2965 1096 3017 Epist.
1109 2964 1136 3005 I.
1161 2971 1223 3007 14.
1239 2970 1303 3006 32.
1327 2965 1487 3016 Rupert.
1514 2963 1563 3003 ad
1587 2961 1756 3002 Juvenal.
1775 2962 1838 3013 III.

973 3022 1082 3076 157.]
1106 3022 1208 3062 Hinc
1228 3023 1277 3060 ob
1298 3023 1411 3059 uncta
1425 3020 1655 3075 athletarum
1676 3033 1839 3072 corpora

966 3079 1219 3132 palaestram
1243 3078 1373 3119 vocari
1397 3077 1581 3118 nitidam.
1610 3076 1675 3129 [es.
1690 3075 1773 3116 lntt.
1788 3076 1837 3126 ad
