2155 3590
563 120 751 160 LIBER
780 121 833 162 11.
892 121 1020 163 CAP.
1049 119 1171 162 XVI.
1200 119 1345 161 XVII.
1789 121 1871 163 113

71 240 150 274 tur.
213 231 291 273 Sed
316 239 358 273 ut
381 232 476 273 mihi
500 246 647 273 morem
673 233 825 287 plenius
857 235 1056 289 gesseris,
1093 234 1134 275 in
1160 233 1326 275 effusum
1350 232 1445 273 laxa
1469 231 1639 284 crinem,
1667 239 1707 273 et
1731 232 1870 287 capillo

70 288 213 329 fluente
237 289 434 330 undanter
462 290 533 330 ede
557 290 787 345 complexus
812 291 1014 333 amabiles.

629 440 1025 489 CAPUT
1102 440 1304 489 XVII.

174 569 262 612 Nec
293 585 403 612 mora
440 586 528 612 cum
565 572 745 613 omnibus
782 572 860 614 illis
893 573 1052 615 cibariis
1084 573 1257 615 vasculis
1283 571 1290 628 Ι
1316 571 1459 627 raptim
1489 571 1674 622 remotis,
1714 570 1868 612 laciniis

64 628 214 668 eunctis
239 628 322 668 suis
349 629 556 692 renudata,
584 628 758 670 crinibus
784 643 900 683 quam
926 631 1126 671 dissolutis
1152 631 1201 670 ad
1226 629 1390 670 hilarem
1415 627 1649 669 lasciviam
1638 641 1679 667 m
1699 627 1869 681 speciem

62 683 250 735 Veneris,
278 697 377 738 quae
402 684 575 724 marinos
602 685 741 725 fluetus
766 686 892 737 subit,
921 687 1068 740 pudore
1093 687 1325 737 reformata,
1353 684 1552 740 paulispel
1576 684 1695 725 etiam
1721 683 1869 738 glabel-

61 740 140 784 lum
171 741 332 782 feminal
361 754 478 781 rosea
508 741 677 796 palmula
708 742 837 797 potius
870 743 1108 784 obumbrans
1134 744 1180 784 de
1205 742 1400 783 industria
1425 754 1539 796 quam
1561 740 1568 797 Ι
1590 715 1744 794 tegens*
1754 753 1868 780 vere-

58 857 203 894 gesserit
215 859 330 887 Venet.
343 860 375 887 2.
389 859 518 887 Vieent.
570 856 723 896 inefficsa
735 861 773 888 D.
794 859 984 899 t'neffusum
997 861 1124 890 Vicent.
1146 859 1246 897 lapsa
1266 862 1302 888 G.
1326 862 1354 888 1.
1374 867 1411 888 π.
1438 857 1518 886 lam·
1535 860 1571 887 G.
1585 860 1617 887 2.
1638 859 1674 886 Ρ.
1713 854 1870 895 fluenter

59 904 97 933 F.
115 905 144 932 1.
160 905 190 932 3.
212 905 248 932 G.
266 905 294 932 1.
307 905 392 932 2.Ι).
407 907 436 932 et
450 904 556 933 Paris.
580 906 617 932 In
632 908 705 933 cell.
720 902 918 942 estflaente.
968 904 1137 933 undanter
1156 907 1194 934 F.
1215 907 1245 934 3.
1265 906 1302 934 B.
1322 913 1352 940 p.
1371 907 1455 934 lunt.
1478 906 1506 932 1.
1526 905 1557 932 2.
1579 905 1628 932 ed.
1650 911 1696 938 pr.
1714 904 1791 932 Ald.
1807 910 1870 930 un-

59 946 187 976 dantur
198 949 314 978 Venet.
329 951 360 977 2.
375 950 406 978 4.
430 950 508 979 Bas.
526 951 553 979 1.
577 950 705 979 vicent.
733 949 793 984 (in
817 951 910 979 cuius
935 958 1035 986 marg.
1054 958 1076 980 a
1092 959 1133 980 m.
1153 959 1180 979 s.
1205 948 1376 978 undanter
1389 953 1569 978 correctum
1582 948 1668 984 est.)
1692 946 1870 976 nudantur

59 994 166 1023 Paris.
184 995 222 1022 In
236 997 308 1022 cen.
323 998 372 1022 est
386 992 544 1023 undante.
583 993 657 1023 edes
671 996 707 1023 G.
722 997 751 1024 2.
767 994 849 1023 edas
861 997 897 1024 P.
913 994 995 1023 aede
1006 997 1135 1025 Vicent.
1147 997 1263 1024 venet.
1276 997 1308 1023 2.
1346 993 1532 1031 complexis
1545 995 1583 1022 D.
1604 1001 1625 1022 a
1643 1001 1684 1022 m.
1699 1002 1730 1028 p.

150 1038 299 1067 omnibus
318 1037 388 1067 illis
408 1039 635 1068 desiderantur
652 1040 687 1068 in
708 1041 743 1068 G.
766 1042 794 1069 1.
814 1043 845 1069 ,2.
860 1042 895 1069 P.
909 1042 946 1069 B.
962 1041 983 1069 f.
997 1049 1034 1069 π.
1082 1040 1222 1068 cibariis
1237 1039 1387 1068 omnibns
1399 1038 1469 1067 illis
1486 1041 1570 1068 Elui.
1586 1047 1660 1066 cum
1674 1037 1815 1066 cibariis
1834 1041 1871 1066 et

58 1082 232 1112 vase-halis
250 1085 289 1113 D.
302 1092 323 1114 a
340 1092 381 1114 m.
402 1093 432 1119 p.
480 1084 560 1113 istis
577 1087 661 1114 lunt.
677 1086 706 1113 2.
756 1089 919 1114 vasantes
939 1087 1023 1119 quod
1043 1094 1100 1120 pro
1125 1084 1275 1113 vasculis
1294 1086 1329 1114 in
1352 1086 1388 1114 B.
1414 1085 1481 1120 legi
1505 1086 1640 1113 adnotat
1662 1085 1746 1112 Elm.
1773 1085 1867 1118 equi-

57 1131 128 1158 dem
142 1137 206 1158 non
222 1129 336 1164 reperi.
384 1129 455 1157 ειιίε
469 1132 561 1158 abest
580 1137 601 1158 a
615 1131 650 1158 G.
668 1131 696 1158 1.
710 1132 741 1158 2.
755 1132 792 1159 Ρ.
806 1133 845 1160 D.
860 1133 897 1159 Ι..
910 1131 945 1160 Ο.
960 1128 988 1158 ὃ.
1002 1138 1039 1158 π.
1055 1131 1076 1158 f.
1125 1133 1255 1158 semota
1275 1138 1332 1164 pro
1350 1128 1523 1158 remuriam
1535 1131 1574 1158 D.
1595 1130 1680 1163 quod
1698 1136 1720 1157 a
1731 1137 1773 1158 m.
1787 1138 1815 1158 s.
1833 1130 1868 1157 in

56 1181 157 1211 marg.
182 1178 362 1203 correctum
387 1178 446 1203 est.
495 1174 643 1202 crinibus
663 1183 764 1211 quam
783 1177 819 1204 F.
834 1177 864 1204 3.
885 1184 914 1209 p,
934 1178 963 1204 et
984 1175 1029 1203 ita
1044 1176 1174 1204 videtur
1186 1175 1292 1204 fuisse
1305 1175 1340 1203 in
1354 1176 1390 1204 G.
1407 1176 1435 1202 l.
1451 1182 1471 1203 a
1484 1182 1524 1203 m.
1538 1183 1567 1209 ῃ.
1617 1172 1664 1201 ad
1674 1171 1819 1201 hilarem
1832 1173 1867 1201 in

55 1218 233 1248 lasciviam
245 1219 387 1255 speciem
399 1220 439 1248 V.
452 1221 536 1248 lunt.
551 1221 581 1247 2.
596 1217 771 1255 adstarem
786 1222 822 1249 G.
837 1222 866 1248 1.
880 1219 1075 1248 {asscim’am
1090 1222 1125 1248 G.
1141 1221 1170 1247 1.
1197 1218 1298 1247 subiit
1313 1221 1349 1247 G.
1364 1221 1394 1247 2.
1409 1220 1445 1247 Ρ.
1471 1218 1603 1246 subitae
1615 1220 1663 1247 ed.
1677 1228 1724 1253 pr.
1738 1219 1868 1248 Vicent.

53 1266 138 1293 lunt.
151 1266 182 1292 2.
196 1265 310 1293 Venet.
324 1266 356 1292 2.
370 1263 485 1292 subita
498 1273 527 1299 p.
542 1265 628 1293 unde
641 1265 720 1293 oud.
734 1265 902 1294 constitui!
918 1269 1003 1293 recle
1015 1265 1081 1299 legi
1096 1263 1227 1292 subitae
1240 1264 1514 1304 i.e.srequeneer
1526 1264 1575 1299 2't·;
1591 1264 1866 1293 cf.Ge11.xv.11.

54 1312 108 1338 vel
126 1308 274 1337 subhitit.
290 1308 418 1345 pulcra
437 1308 458 1337 f.
507 1308 611 1336 etiam
631 1312 726 1338 abest
741 1316 763 1338 a
779 1309 804 1338 f.
848 1308 1030 1347 glabellum
1040 1309 1181 1348 semina
1200 1307 1255 1336 vel
1271 1310 1306 1337 E.
1321 1311 1352 1337 3.
1365 1317 1402 1337 π.
1425 1307 1606 1345 glabellum
1617 1308 1796 1346 foeminea
1815 1308 1870 1337 vel

55 1356 91 1383 G.
104 1355 136 1382 2.
150 1355 186 1384 P.
199 1355 238 1382 D.
253 1356 290 1382 R.
304 1355 340 1383 L.
358 1353 380 1383 f.
395 1355 429 1382 Ο.
443 1351 472 1382 δ.
488 1362 508 1382 a
521 1361 561 1382 m.
576 1363 603 1382 s.
629 1357 668 1383 (a
680 1362 720 1382 m.
730 1363 759 1389 ρ.
775 1355 904 1383 videtur
918 1353 1214 1393 suissefetm'nal.)
1237 1353 1533 1392 glabellafetm’na
1546 1352 1602 1381 vel
1612 1355 1688 1382 B.e1
1704 1355 1775 1383 edd.
1789 1358 1868 1383 velt.

51 1397 229 1436 glabellum
235 1398 391 1438 feminal
402 1406 503 1426 rosea
515 1400 550 1427 F.
568 1400 597 1428 1.
632 1397 822 1436 glaululum
832 1399 991 1439 feminea
1009 1398 1061 1426 vel
1073 1401 1108 1428 G.
1127 1401 1154 1428 1.
1176 1407 1251 1428 cum
1264 1401 1378 1435 glossa
1396 1399 1619 1427 interlineari:
1645 1401 1776 1426 natura
1795 1407 1867 1427 mu-

53 1443 158 1473 lieris.
181 1442 362 1481 glabellum
373 1444 491 1483 femen
512 1443 567 1471 vel
577 1451 605 1473 r.
620 1443 727 1480 palm.
746 1454 779 1479 φ.
829 1444 947 1473 rosula
967 1455 998 1480 φ.
1014 1441 1043 1473 δ.
1065 1445 1150 1473 unde
1169 1445 1249 1474 Oud.
1264 1444 1403 1473 coniecit
1418 1441 1489 1472 velo
1503 1442 1650 1472 rosulae.
1665 1442 1868 1472 verecundia

53 1487 163 1527 legens
176 1491 212 1518 G.
222 1491 253 1517 2.
279 1497 380 1527 quam
397 1492 530 1527 tegens:
556 1487 746 1517 vverecunda
759 1491 874 1519 Vener.
889 1487 919 1519 4.
933 1490 1039 1519 Paris.
1054 1492 1139 1519 Iunt.
1153 1491 1186 1518 2.

108 1589 152 1627 in
170 1591 336 1642 efficsum
355 1589 459 1628 lama
474 1589 636 1628 crinem.
686 1588 805 1641 [Oud.
822 1603 930 1641 prae-

53 1645 127 1683 fert
150 1646 361 1698 inoffensum
385 1646 539 1685 crinem
563 1645 667 1696 quod
692 1644 842 1684 Lucius
867 1646 944 1684 ve?

52 1701 114 1747 lit,
145 1700 258 1739 Fotis
288 1703 431 1740 crinem
455 1701 662 1753 hucusque
688 1702 825 1740 leniter
851 1704 929 1754 qui-

52 1758 141 1796 dem
172 1758 397 1804 remissum,
433 1758 504 1796 sed
543 1762 673 1796 tamen
710 1760 745 1798 in
777 1772 928 1797 summo

51 1815 197 1853 vertice
228 1814 330 1853 nodo
362 1815 610 1854 constrictum
641 1817 796 1867 penitus
823 1816 930 1854 laxet

53 1874 93 1909 et
127 1871 181 1910 ita
216 1870 400 1910 effundat.
462 1871 544 1910 Sed
569 1876 669 1910 errat
699 1872 748 1910 V.
780 1871 828 1910 I).
867 1873 930 1911 In-

53 1931 199 1982 effusus
232 1928 333 1966 enim
370 1928 570 1979 epitheton
609 1929 661 1966 ita
688 1927 806 1978 plane
837 1929 931 1967 otio·

52 1997 140 2022 sum
159 1987 237 2031 θείς
263 1997 379 2034 quum
401 1985 551 2024 laxare
564 1986 715 2023 crinem
740 1998 828 2023 eum
854 1986 933 2023 iam

53 2040 195 2079 indicet
235 2041 405 2079 vinctum
447 2045 487 2079 et
522 2041 625 2079 nodo
661 2054 756 2079 esse
790 2041 928 2092 religa-

52 2101 143 2135 tum.
210 2096 309 2134 Tum
342 2097 444 2135 nodo
482 2098 656 2136 rescisso
688 2111 800 2136 coma
825 2097 928 2136 Foti-

54 2154 116 2191 dis
145 2166 221 2191 non
247 2155 378 2192 statim
402 2152 626 2199 effunditur,
657 2155 802 2206 quippe
829 2167 930 2205 quae

54 2213 201 2248 tantum
231 2210 378 2249 recidat
408 2223 535 2261 neque
564 2223 657 2248 vero
683 2210 856 2249 resoluta
879 2212 930 2249 sit

7 2283 9 2286 ·
54 2270 96 2304 ut
118 2265 286 2305 fluctuet.
311 2265 427 2305 Unde
451 2267 578 2317 magis
603 2267 787 2317 probatur
811 2266 931 2305 altera

54 2321 169 2361 lectio
193 2324 236 2361 in
261 2326 436 2377 effusam.
484 2322 666 2361 Postulat
690 2324 790 2361 enim
812 2323 929 2362 libido

55 2378 179 2425 Lucii,
204 2378 318 2417 Fotis
339 2381 464 2418 crines
484 2379 652 2425 relaxet,
668 2383 710 2417 ut
729 2380 778 2418 ab
797 2380 844 2418 iis
866 2380 930 2419 ob-

54 2436 254 2474 umbratus
279 2437 391 2487 quasi
418 2440 456 2475 et
475 2436 727 2475 circumfusus
745 2449 826 2474 rem
846 2449 932 2475 cnm

56 2505 106 2531 ea
134 2491 288 2531 habeat.
347 2492 412 2531 De
442 2492 632 2531 lenocinio
666 2491 824 2531 crinium
849 2491 931 2531 ssui·

56 2549 215 2587 ‘nantium
245 2549 293 2587 cs.
320 2549 490 2588 Salmas.
517 2549 568 2587 ad
591 2548 749 2588 Petron.
778 2563 809 2588 c.
839 2553 930 2590 126.

58 2618 94 2656 p.
121 2608 213 2645 255.
239 2604 387 2658 Burni]

110 2663 260 2714 fluente
302 2664 519 2702 undanter.
593 2661 649 2701 Ita
684 2662 929 2701 scribendum

59 2717 187 2756 curavi
217 2719 239 2757 i.
272 2732 304 2757 e.
336 2719 542 2758 mularum
577 2720 708 2758 instar
736 2720 934 2771 fluitante.

58 2774 206 2813 Pluere
247 2776 347 2814 enim
389 2779 429 2813 et
468 2776 629 2814 undare
669 2775 719 2813 de
768 2775 934 2814 crinibus

59 2830 150 2876 dici,
182 2830 285 2870 Oud.
312 2832 451 2870 evincit
479 2831 575 2870 locis
601 2829 686 2869 Tib.
713 2830 777 2869 111.
805 2836 840 2871 4.
867 2835 934 2872 27.

58 2885 193 2926 Manil.
218 2886 246 2925 l.
272 2891 366 2928 833.
391 2887 506 2926 Ovid.
532 2887 627 2926 Met.
647 2886 710 2926 lll.
736 2892 826 2929 148.
844 2887 932 2926 Val.

59 2940 194 2982 Flacc.
218 2942 283 2983 III.
309 2948 402 2985 525.
428 2946 517 2994 ibiq.
543 2943 673 2983 Burm.
700 2944 806 2995 Virg.
832 2943 930 2983 Aen.

59 2997 128 3037 IV.
151 3004 240 3040 1-47.
267 2999 369 3039 Oud.
394 3002 533 3053 probat
554 3002 726 3054 fluenter
750 3001 934 3040 malante

62 3055 166 3105 quod
190 3056 242 3095 ita
265 3057 339 3095 (lici
364 3071 438 3096 non
464 3060 625 3109 poterat.

120 3111 216 3150 Cn.
242 3110 371 3152 XVII.
415 3115 593 3153 crinibus
621 3128 741 3167 qaam
766 3114 935 3154 dissola-

991 1590 1051 1629 tt's.
1125 1588 1304 1641 [Optima
1345 1592 1408 1626 est
1442 1588 1542 1626 haec
1579 1587 1623 1626 F.
1661 1592 1697 1629 3.
1736 1587 1868 1633 lectio,

989 1659 1089 1698 quae
1120 1645 1236 1684 facile
1261 1645 1310 1684 ab
1335 1645 1500 1683 indoctis
1527 1645 1688 1683 librariis
1713 1658 1867 1696 permu-

988 1703 1057 1740 tari
1081 1706 1245 1754 poterat.
1297 1703 1431 1748 Quam
1455 1702 1556 1739 enim
1581 1715 1706 1752 saepe
1731 1702 1781 1740 ad
1799 1715 1867 1754 po-

988 1757 1104 1798 sitiva
1123 1759 1176 1798 ita
1194 1759 1358 1810 ponitur,
1378 1762 1420 1796 ut
1440 1759 1548 1796 vices
1568 1758 1635 1797 illa
1659 1758 1867 1810 superlati-

987 1829 1119 1854 vorum
1150 1816 1385 1855 sustineant.
1418 1814 1468 1852 de
1499 1828 1574 1865 quo
1607 1827 1682 1852 usu
1712 1828 1867 1854 accura-

989 1873 1065 1910 tius
1091 1872 1219 1911 dicam
1249 1872 1300 1910 ad
1336 1871 1431 1909 Met.
1458 1870 1560 1908 Yffl.
1598 1885 1635 1923 p.
1663 1875 1757 1912 505.
1808 1870 1865 1908 Cs.

988 1928 1120 1967 Barth.
1146 1928 1248 1966 Adv.
1274 1926 1459 1966 XXXIII.
1490 1931 1553 1967 12.
1580 1941 1616 1978 p.
1646 1927 1783 1980 1525]

1044 1984 1271 2037 ylabellmn
1292 1984 1477 2036 feminal.
1528 1982 1604 2035 [Ita
1627 1985 1757 2036 recepi
1779 1997 1865 2023 cum

988 2040 1110 2085 Oud.,
1150 2037 1257 2090 quod
1296 2041 1409 2078 unice
1438 2041 1602 2092 probam
1631 2041 1866 2079 sententiam

988 2097 1113 2135 eflicit.
1164 2096 1279 2142 Quae
1302 2110 1394 2135 vero
1421 2098 1538 2135 ceteri
1563 2096 1675 2135 codd.
1701 2098 1866 2141 turbant,

988 2155 1041 2192 ita
1060 2153 1294 2205 explicanda
1315 2166 1409 2192 esse
1435 2166 1600 2199 censeo,
1633 2154 1739 2204 quod
1758 2155 1866 2205 prius

989 2210 1160 2248 sortasse
1184 2211 1368 2262 scriptum
1394 2214 1479 2248 erat
1497 2211 1704 2262 seminale,
1730 2214 1772 2249 ut
1789 2211 1866 2249 vir-

989 2266 1132 2320 9inale
1157 2269 1266 2305 extat
1287 2267 1398 2318 apud·
1416 2265 1588 2306 Phaedri
1613 2267 1690 2306 fab.
1716 2266 1783 2304 lv.
1799 2268 1867 2307 14.

993 2328 1057 2364 14.
1090 2323 1301 2374 ultimaque
1332 2337 1352 2362 e
1385 2322 1510 2361 littera
1539 2323 1690 2375 virgula
1719 2326 1867 2362 tantum

992 2392 1108 2431 quum
1127 2379 1296 2418 indicata
1314 2383 1437 2425 esset,
1463 2380 1606 2418 sactum
1626 2384 1700 2425 est,
1719 2383 1762 2418 ut
1780 2392 1866 2418 cum

992 2436 1221 2488 compendio
1267 2437 1294 2476 l’
1331 2436 1352 2474 i.
1390 2449 1423 2475 e.
1461 2436 1525 2476 vel
1559 2439 1866 2475 commutaretur.

999 2493 1071 2532 Vel
1098 2493 1199 2530 enim
1226 2492 1308 2531 fere
1339 2506 1476 2531 omnes
1503 2493 1615 2531 codd.
1641 2495 1867 2531 constanter

989 2550 1166 2587 retinent.
1226 2549 1359 2601 Atque
1383 2551 1437 2588 ita
1459 2551 1610 2602 passim
1635 2549 1802 2588 describi
1827 2552 1867 2587 et

988 2606 1093 2657 pingi
1117 2605 1314 2644 Venerem
1344 2619 1461 2645 manu
1490 2609 1686 2657 tegentem
1711 2606 1781 2643 vel*
1800 2606 1866 2643 ob-

987 2662 1230 2701 umbrantem
1278 2661 1454 2708 seminal,
1497 2676 1547 2700 ex
1590 2663 1758 2713 imagine
1798 2675 1866 2700 no-

993 2721 1074 2757 tum
1087 2723 1167 2765 est;
1193 2719 1240 2757 es.
1255 2717 1529 2771 Papenbrouk.
1556 2718 1606 2757 N.
1630 2723 1693 2764 10,
1715 2723 1778 2759 13.
1800 2722 1865 2759 23.

993 2773 1124 2814 Burm.
1143 2776 1193 2814 ad
1213 2775 1328 2813 Ovid.
1346 2772 1445 2814 Met.
1459 2774 1503 2814 II.
1520 2779 1614 2816 613.
1642 2788 1742 2825 quos
1761 2774 1866 2814 Oud.

993 2833 1154 2877 excitat,
1186 2833 1246 2871 cui
1282 2832 1385 2870 adde
1420 2831 1577 2870 Mulier.
1637 2831 1792 2871 Handb.
1830 2831 1866 2870 d.

992 2888 1173 2927 Archiiol.
1199 2903 1236 2940 p.
1263 2892 1355 2929 553.
1381 2901 1440 2938 Sq.
1468 2888 1528 2926 ed.
1555 2888 1610 2941 2.]

1045 2945 1284 2998 ylabellmn.
1345 2944 1525 2996 [Glabro
1550 2945 1768 2997 depingitur
1792 2943 1868 2985 Fo-

990 3002 1039 3040 tis
1064 3000 1267 3053 virginale,
1300 3000 1405 3052 quod
1434 3000 1688 3040 delicatorum
1713 3005 1776 3040 est
1801 3002 1868 3040 ho-

991 3059 1148 3105 minum,
1174 3057 1390 3096 detondere
1415 3058 1450 3095 in
1476 3059 1661 3096 membris
1686 3057 1865 3110 capillos.

994 3114 1053 3153 Ita
1077 3115 1322 3166 potissimum
1347 3113 1507 3167 depilati
1534 3119 1641 3155 erant
1659 3117 1769 3167 pueri
1787 3130 1868 3155 cor-

1646 3182 1674 3224 8

1898 567 1958 600 130

1896 753 1956 786 131
