2155 3590
689 131 875 172 LIBER
902 130 952 171 V.
1010 128 1136 171 CAP.
1164 127 1262 170 XX.

1766 126 1845 170 355

65 247 141 292 iter
162 246 207 286 ad
229 245 392 285 salutem
419 245 480 285 diu
502 245 641 298 diuque
663 245 871 298 cogitatam
891 242 1192 284 monstrabimus
1210 239 1291 281 tibi.
1331 237 1575 279 Novaculam
1595 245 1844 292 praeacutam

65 302 225 358 adpulsu
250 301 365 358 etiam
390 301 580 355 palmulae
603 301 784 341 lenientis
810 307 1106 354 exasparatam,
1133 296 1211 338 tori
1234 309 1308 351 qua
1332 301 1443 350 parte
1464 294 1606 334 cubare
1627 295 1840 346 consuesti,

63 408 141 442 iter,
155 408 238 441 quod
249 407 282 435 in
295 407 366 435 suis
380 407 415 435 P.
435 407 598 441 excerptis
617 408 734 434 abesse
754 405 828 434 dicit
840 406 941 442 Elm.‚
962 405 994 433 in
1013 405 1092 434 oud.
1111 402 1284 433 collatione
1296 400 1432 437 legitur,
1451 399 1508 428 ubi
1520 406 1546 427 e.
1562 401 1598 428 G.
1613 402 1643 428 2.
1659 405 1689 429 et
1700 401 1740 429 D.
1754 403 1843 429 extat

61 453 201 489 iterque.
234 450 471 479 mostrabonus
485 453 521 480 G.
532 453 559 479 1.
572 453 611 479 D.
623 458 680 485 pro
691 459 794 479 mores
808 450 1068 478 monstravimus
1082 450 1158 478 Bas.
1175 450 1204 476 1.
1239 444 1441 475 ostendimus
1454 445 1492 473 R.
1507 444 1529 472 f.
1544 452 1585 473 ex
1597 447 1719 480 glossa.
1754 453 1843 472 noca

60 495 170 527 culam
189 498 224 525 G.
247 498 274 525 1.
293 504 320 525 c.
334 498 445 532 glossa
462 495 679 525 interlineari:
703 496 872 522 rasorium
886 493 1031 522 validum
1045 497 1079 522 et
1091 495 1237 521 acutum.
1283 488 1424 527 adpulsu
1437 490 1473 518 F.
1490 490 1517 518 1.
1530 490 1561 517 3.
1576 491 1614 518 R.
1627 491 1663 519 P.
1677 489 1700 518 f.
1713 498 1744 524 p.
1779 498 1842 525 ap-

55 540 156 579 pulsu
169 551 202 575 φ.
222 543 260 570 G.
274 543 305 569 2.
343 540 497 577 appullsu
517 540 554 570 D.
592 539 712 578 apulsa
732 543 768 568 G.
785 542 813 569 1.
833 541 868 568 Ο.
905 537 1090 576 adpulsum
1108 540 1147 567 R.
1166 541 1196 567 et
1210 538 1280 566 edd.
1293 535 1634 570 vett.prae1erVenet.
1648 537 1677 563 4.
1692 539 1721 563 et
1734 535 1841 563 Paris.

59 594 142 621 quae
155 584 339 623 adpulsam
352 588 479 614 hahent.
526 584 684 612 lenientes
698 587 733 613 G.
751 587 778 613 1.
799 592 819 613 a
831 593 871 613 111.
887 592 916 618 p.
947 583 1102 611 lamentis
1115 592 1145 617 p.

1194 580 1327 609 thorum
1341 582 1376 609 G.
1391 581 1420 608 1.
1468 577 1634 606 accubare
1648 589 1680 614 φ.
1694 577 1735 617 δῖ,
1760 580 1842 613 quod

59 632 137 661 oud.
151 634 331 665 comprobat
344 635 373 659 et
387 631 527 659 Orellius
541 630 670 666 recepit.
719 628 924 658 consuevisti
935 631 970 658 G.
984 630 1014 658 2.
1028 629 1064 657 Ρ.
1077 630 1116 657 D.
1130 628 1152 657 f.
1166 624 1194 656 δ.
1222 625 1423 655 consuest'sti
1431 625 1544 654 Venet.
1559 626 1588 654 2.

59 720 140 770 auf
172 717 358 757 welchem
400 717 456 756 du
494 717 591 756 diclt
631 717 755 756 allein
789 721 918 755 retten

57 775 211 813 kanust.
261 772 375 819 Quod
401 773 501 811 enim
525 773 707 818 afferunt,
738 773 845 812 ullus
880 776 918 810 et

56 829 191 882 nullus
203 829 363 880 saepius
377 829 574 874 confundi,
600 829 650 867 ibi
664 833 809 867 tantmu
824 832 915 879 puto

55 887 144 938 poni
174 899 317 937 posse,
353 886 416 923 ubi
453 886 604 936 negatio
635 890 699 923 aut
723 884 916 923 antecedIt

54 945 95 980 ut
118 942 154 979 in
179 956 261 980 nou
287 941 394 981 ullus
423 946 487 980 aut
517 942 699 991 sequitur.
738 940 786 979 cf.
814 939 914 979 sort.

54 997 104 1035 ad
127 996 337 1036 Lucan.V.
366 1002 462 1045 1113
487 999 550 1036 ubi
575 1011 665 1034 vero
690 997 913 1048 simpliciter

53 1054 223 1105 positum
247 1057 326 1097 est,
350 1066 400 1091 ex
418 1053 631 1103 ignorantia
642 1057 787 1091 tantum
802 1052 911 1090 libra-

52 1110 189 1159 riorum
216 1109 449 1160 prossuxisse
475 1108 686 1160 putamus]

111 1166 226 1210 riam,
271 1179 374 1217 quae
413 1165 501 1205 solu
542 1166 709 1204 deducit
744 1166 821 1203 iter
855 1164 912 1202 ad

52 1220 227 1261 salutem.
274 1220 330 1259 lta
355 1234 502 1266 omnes,
528 1225 707 1271 quantum
732 1219 910 1270 equidem

3 1274 6 1278 ’
51 1278 152 1322 scio,
176 1276 325 1328 legunt,
351 1278 421 1314 nisi
447 1277 548 1327 quod
570 1278 604 1314 in
625 1276 818 1314 nonnullis
834 1288 910 1327 que

51 1333 221 1372 additum
251 1337 313 1371 est
342 1333 530 1371 vocabulo
562 1334 656 1377 iter,
687 1336 728 1369 ut
759 1332 909 1369 coniun-

50 1389 158 1427 xisse
171 1389 233 1427 isti
253 1388 450 1426 videantur
468 1390 569 1427 cium
588 1393 626 1426 et
644 1389 731 1431 iter,
752 1392 790 1425 et
803 1386 905 1425 Bert.

50 1458 118 1497 pro
145 1446 313 1485 deducit
333 1444 450 1483 habet
465 1445 670 1495 perducit.
696 1443 797 1482 Oud.
812 1443 911 1482 hauc

51 1499 252 1540 lectionem
276 1500 386 1539 hisce
408 1501 537 1538 verbis
554 1500 742 1538 defendit:
769 1499 909 1546 Quam-

51 1570 165 1609 quam
189 1558 288 1595 enim
313 1558 376 1596 'cia
400 1557 549 1609 passim
580 1557 713 1601 dicitur
734 1559 846 1608 serre
871 1559 911 1593 et

51 1614 216 1658 ducere,
242 1627 314 1651 non
329 1614 502 1665 sequitur
519 1613 623 1659 hinc,
651 1612 752 1651 hand
766 1615 909 1649 rectum

50 1683 142 1708 esse
166 1682 320 1720 quoque
347 1671 407 1708 cia
433 1670 603 1709 deducit
621 1670 705 1714 iter,
732 1668 908 1719 quoniam

49 1739 116 1776 per
140 1727 241 1765 ciam
265 1726 469 1763 instituitur
498 1726 586 1769 iter,
626 1730 667 1763 ut
696 1729 800 1762 recte
831 1725 905 1762 iam

50 1782 268 1822 observavit
301 1780 501 1827 Floridus,
544 1785 583 1819 et
623 1783 699 1820 iter
736 1781 822 1819 ciac
858 1792 907 1817 ex

49 1837 226 1890 Lucretio
249 1838 297 1877 V.
325 1841 442 1878 1123.
472 1837 608 1876 adtulit
641 1837 739 1875 Ehu.
787 1836 906 1873 lnnuo

50 1898 88 1947 et
121 1894 179 1932 sic
221 1898 352 1932 noster
392 1893 486 1931 dixit
527 1893 622 1931 Met.
658 1892 702 1931 ll.
739 1907 775 1944 p.
817 1896 906 1932 121.

49 1951 170 1989 maris
193 1955 232 1989 et
257 1951 342 1989 viae
367 1951 453 1989 iter.
479 1949 578 1987 Hinc
603 1963 625 1986 a
655 1948 755 1986 lctis
783 1949 843 1987 riu
869 1951 908 1986 et

48 2007 124 2045 iter
135 2006 234 2045 bene
248 2010 400 2044 secreta
418 2009 517 2043 sunt.
543 2005 590 2043 cf.
606 2004 651 2043 G.
667 2004 907 2042 Meermanni

50 2061 203 2100 dissert.
251 2062 300 2100 de
337 2062 473 2102 Rebus
518 2061 721 2112 illancipi.
781 2059 906 2106 Quid?

49 2131 173 2156 nonne
209 2117 310 2170 apud
346 2117 482 2155 Horat.
517 2115 563 2155 ll.
595 2121 629 2157 2.
655 2121 720 2157 22.
757 2120 906 2168 ueyutu

49 2179 175 2214 tentat
198 2175 291 2213 lter
316 2175 402 2213 eia.
435 2171 596 2224 Capitol.
623 2175 657 2211 in
684 2172 740 2211 M.
764 2173 905 2210 Anton.

48 2244 79 2269 c.
109 2234 171 2270 14.
208 2231 309 2275 ria,
341 2234 560 2281 postquam
595 2230 705 2267 iter
736 2228 908 2280 iuyresst‘

47 2291 155 2331 sunt,
166 2287 276 2337 perii
279 2291 303 2324 t.
330 2285 431 2338 [Sed
444 2284 540 2323 haec
554 2285 679 2323 omnia
690 2284 904 2323 accuratius

49 2342 305 2380 consideranti
328 2341 557 2380 satisfacere
584 2345 785 2391 nequeunt.
821 2338 905 2377 Pri-

48 2411 150 2437 mmu
187 2399 286 2436 euim
318 2411 433 2448 nego,
471 2397 543 2436 dici
580 2410 748 2448 unquam
784 2409 905 2447 posse

48 2455 113 2494 via
128 2454 279 2494 deduci
291 2455 384 2500 iter,
410 2467 509 2504 quae
533 2453 648 2492 dictio
675 2453 766 2503 quid
790 2453 905 2503 signi-

49 2509 188 2564 ficaret,
196 2510 320 2549 fusius
330 2510 472 2548 vellem
482 2524 552 2548 nos
561 2509 661 2548 Oud.
672 2509 906 2547 edocuisset.

49 2564 201 2618 Etenim
226 2566 352 2618 qualis
382 2567 430 2604 ab
460 2564 562 2604 Oud.
594 2565 791 2604 intellecta
815 2577 907 2603 esse

50 2621 214 2673 vlidetur,
249 2624 333 2661 sine
368 2623 484 2660 dubio
520 2626 582 2660 est
615 2621 906 2660 absurdissima.

50 2670 150 2733 ῌίῃο
173 2679 291 2725 enini,
318 2679 420 2730 quod
447 2680 510 2717 ria
535 2679 650 2718 ducit
671 2692 730 2716 me
754 2678 810 2716 ad
833 2677 906 2716 nli-

80 2734 153 2781 uid
171 2730 366 2781 uicimus,
407 2735 686 2774 consectarium
727 2747 800 2771 non
835 2736 908 2779 est,

50 2779 145 2846 lud
171 2787 326 2844 quoque
349 2791 508 2844 proferri
532 2803 665 2842 posse.
703 2789 908 2836 Quomodo

53 2846 256 2901 yernacule
272 2847 458 2886 verteris?
483 2846 637 2885 Deinde
652 2846 739 2891 loci,
764 2846 829 2884 ubi
844 2846 908 2884 cia

52 2905 91 2956 et
118 2903 198 2957 iter
221 2900 428 2943 'coniuncta
461 2903 716 2947 inveniuntur,
753 2901 908 2940 diversa

52 2958 197 3012 ratione
225 2960 487 2999 necessarium
520 2963 581 2997 est
604 2972 628 2996 a
652 2959 763 2996 nobis
789 2957 908 3008 expli-

53 3017 194 3053 centur.
238 3013 359 3054 Locis
390 3017 507 3062 enim,
544 3028 642 3066 quos
672 3015 908 3065 posteriores

54 3069 209 3121 protulit
236 3069 355 3117 Oud.,
385 3073 464 3111 iter
491 3076 553 3110 est
579 3071 808 3124 profectio,
844 3071 909 3110 τία

54 3137 145 3163 vero
186 3125 314 3173 locuS,
360 3141 436 3179 quo
477 3129 547 3167 iter
586 3126 797 3166 instituitur.
855 3126 912 3164 At

976 715 1074 753 haec
1115 715 1308 753 neminem
1350 711 1556 752 offendunt.
1609 711 1730 763 Apud
1763 710 1840 748 Lu-

975 772 1133 810 cretium
1156 772 1234 809 iter
1260 770 1339 809 viai
1368 769 1430 807 vel
1463 771 1635 813 viarum,
1667 767 1771 818 quod
1794 765 1839 804 ΙΙ.

975 831 1068 868 6⁶27.
1081 827 1230 878 legitur,
1239 826 1362 876 magis
1376 825 1426 864 ad
1440 824 1641 863 formulam
1655 822 1840 873 loquendi

974 883 1121 921 videtur
1156 882 1359 928 recedere,
1395 895 1510 931 quum
1547 881 1598 920 ita
1633 878 1739 918 nulla
1775 879 1840 917 fiat

973 940 1171 990 utriusque
1195 937 1372 976 vocabuli
1397 937 1615 976 diversitas.
1658 935 1839 986 Denique

971 995 1020 1032 ‹le
1046 995 1132 1033 loco
1156 993 1314 1045 Apuleii
1340 1008 1460 1045 supra
1489 995 1564 1032 iam
1589 993 1731 1030 dictum
1756 994 1838 1038 est;

971 1065 1046 1100 quo
1078 1052 1143 1090 ria
1173 1051 1395 1101 oppositum
1426 1053 1488 1087 est
1516 1050 1639 1088 maris
1671 1051 1710 1086 et
1734 1048 1839 1086 viam

971 1111 1193 1145 terrestrem
1223 1105 1428 1156 significat,
1461 1107 1537 1143 iter
1567 1118 1658 1142 vero
1690 1105 1837 1155 profe·

971 1163 1151 1200 ettonem.
1192 1160 1302 1198 Haec
1321 1162 1448 1199 onmia
1466 1163 1641 1211 graviora.
1661 1159 1836 1197 videntur

969 1231 1074 1261 esse,
1084 1230 1198 1267 quam
1207 1230 1307 1267 quac
1315 1220 1392 1254 tam
1401 1217 1522 1254 obiter
1530 1215 1682 1255 abOud.
1693 1215 1836 1253 debue-

968 1274 1038 1311 rint
1057 1274 1220 1311 tractari.
1245 1271 1415 1310 Primum
1435 1272 1614 1322 equidem
1633 1271 1776 1309 haereo
1798 1271 1835 1308 in

968 1342 1063 1366 voce
1072 1329 1286 1373 deducere,
1296 1341 1409 1380 quam
1417 1329 1631 1366 accuratius
1639 1327 1836 1378 explicare

967 1385 1145 1436 equidem
1159 1397 1321 1435 nequeo.
1336 1383 1437 1421 Nam
1451 1397 1536 1422 cum
1550 1384 1636 1422 aliis
1651 1387 1833 1427 statuere,

969 1439 1239 1480 deducerehic
1251 1454 1319 1492 pro
1333 1440 1499 1490 simplici
1508 1440 1657 1479 ducere
1665 1439 1836 1490 positum

969 1510 1076 1542 esse,
1090 1510 1113 1534 a
1125 1510 1223 1535 sana
1236 1497 1381 1535 ratione
1395 1497 1546 1533 omnino
1561 1498 1746 1533 remotum
1760 1498 1833 1532 est.

968 1552 1054 1591 Hoc
1067 1554 1192 1604 ipsum
1207 1553 1466 1591 commovisse
1479 1552 1628 1590 videtur
1643 1550 1834 1589 librarium

968 1610 1053 1648 cod.
1081 1609 1144 1655 13„
1169 1613 1210 1647 ut
1229 1609 1460 1660 perducere
1484 1609 1690 1652 scriberet,
1716 1619 1834 1657 quum

968 1680 1041 1716 ego
1067 1669 1199 1704 contra
1224 1666 1434 1704 adducere
1459 1664 1520 1702 vel
1546 1664 1742 1702 reducere
1767 1675 1833 1700 ex·

965 1727 1150 1774 spectem.
1206 1721 1288 1760 Iter
1319 1721 1419 1759 enim
1449 1720 1539 1758 milii
1571 1734 1644 1758 non
1672 1720 1734 1758 cia
1758 1722 1832 1764 est,

966 1792 1080 1829 quam
1095 1779 1182 1829 quis
1198 1777 1496 1827 ingreilitui·‚se(l
1512 1777 1605 1814 ratio
1620 1775 1764 1825 aliquid
1778 1773 1832 1813 sa-

966 1835 1102 1879 ciendi‚
1119 1838 1306 1872 nostrum:
1334 1832 1475 1877 mutel,
1490 1836 1689 1882 totumque
1705 1830 1831 1868 locum

967 1893 1016 1929 ita
1041 1894 1240 1928 converto:
1268 1890 1379 1928 einen
1402 1889 1500 1941 11⁷qu
1534 1901 1604 1925 cor
1617 1887 1761 1937 Augen
1784 1899 1831 1924 :u

966 1947 1112 1991 leuben,
1142 1945 1313 1984 wele-laer
1343 1944 1468 1983 allein
1494 1945 1558 1982 ein
1581 1943 1723 1981 Mittel
1745 1942 1830 1980 leer-

966 2004 1026 2041 bet'
1035 2002 1155 2055 s'iilert
1168 2017 1213 2053 zu.
1229 2001 1575 2052 deinerlz’ettuuy.
1601 1999 1829 2043 Reducere,

965 2058 1069 2110 quod
1098 2057 1259 2107 saepius
1291 2070 1375 2094 cum
1413 2056 1617 2095 deducere
1653 2055 1688 2092 in
1724 2053 1828 2093 Mss.

964 2113 1164 2153 confusum
1194 2116 1268 2157 est,
1316 2111 1365 2150 cf.
1392 2111 1458 2149 Dr.
1483 2111 1534 2149 ad
1556 2109 1642 2150 Liv.
1668 2109 1734 2148 VI.
1761 2113 1830 2150 26.

964 2170 995 2219 §.
1010 2176 1046 2210 ὅ.
1073 2169 1121 2206 de
1147 2169 1354 2219 desperata
1367 2166 1550 2218 Psyches
1573 2167 1702 2205 salute
1726 2165 1830 2204 bene

964 2228 1016 2265 ita
1047 2226 1188 2264 dictum
1218 2228 1338 2263 esset.
1386 2223 1449 2261 De
1480 2224 1556 2262 iter
1585 2237 1655 2274 pro
1679 2223 1828 2260 ratione

963 2284 1047 2321 riae
1072 2280 1329 2320 instituendae
1355 2279 1400 2318 cf.
1416 2279 1523 2330 Virg.
1541 2278 1641 2318 Aen.
1661 2277 1706 2316 II.
1732 2282 1827 2318 387.

962 2339 1011 2377 al.
1058 2338 1123 2376 Ad
1153 2337 1253 2376 tales
1280 2350 1370 2374 vero
1397 2336 1506 2374 locos
1532 2336 1727 2386 respicere
1750 2347 1826 2372 non

963 2407 1190 2446 possumus,
1223 2393 1286 2431 ubi
1310 2393 1406 2430 inter
1438 2393 1519 2437 cia,
1551 2396 1666 2431 actus
1688 2394 1726 2428 et
1750 2391 1826 2428 iter

964 2455 1140 2490 accurate
1166 2450 1383 2488 distinctum
1410 2452 1487 2486 est:
1517 2447 1567 2485 de
1593 2461 1668 2497 quo
1695 2446 1825 2484 discri-

965 2509 1064 2545 mine
1077 2510 1194 2557 aguni
1208 2504 1340 2544 lexica.
1385 2502 1443 2542 Ea
1456 2504 1648 2541 sententia
1660 2502 1826 2553 loquitur

965 2562 1064 2602 Plin.
1082 2562 1186 2602 His-t.
1208 2561 1298 2600 Nat.
1318 2559 1438 2612 praes.
1464 2559 1563 2598 med.
1600 2559 1826 2598 Praeterea

964 2621 1057 2658 iter
1089 2624 1162 2664 est,
1199 2633 1281 2657 non
1307 2618 1405 2656 trita
1436 2616 1672 2655 auctoribus
1710 2615 1822 2661 cim]

1020 2675 1211 2728 adpulsu.
1239 2672 1472 2726 [Beroaldus
1494 2671 1639 2721 vulgari
1659 2670 1826 2708 lectione

966 2733 1023 2772 ud
1041 2732 1205 2784 pulsum
1230 2731 1419 2782 deceptus
1444 2727 1617 2779 exponit:
1651 2725 1707 2763 lta
1738 2729 1827 2764 cote

966 2792 1237 2841 exasperatam
1267 2800 1338 2825 seu
1368 2788 1519 2823 acutam
1549 2782 1755 2827 redditam,
1786 2784 1827 2819 ut

965 2845 1115 2883 minima
1138 2856 1274 2882 manus
1299 2840 1528 2894 impulsione
1552 2842 1661 2876 secet
1686 2837 1826 2876 vitalia.

964 2901 1047 2940 Sed
1081 2900 1183 2938 Oud.
1219 2900 1293 2937 iam
1330 2896 1489 2942 monuit,
1524 2895 1626 2933 hunc
1665 2906 1828 2932 sensum

967 2969 1208 3008 nequaquam
1243 2967 1294 2992 ex
1328 2953 1388 2991 his
1418 2952 1545 2989 verbis
1575 2950 1663 2989 elici
1690 2963 1827 3001 posse.

968 3011 1070 3059 Quid
1106 3013 1206 3050 enim
1235 3015 1324 3049 tunc
1358 3007 1585 3058 significabit
1619 3005 1827 3045 lenientis?

966 3068 1052 3107 Nec
1092 3068 1231 3107 melius
1273 3063 1454 3104 Floridus
1496 3076 1567 3115 per
1601 3061 1826 3114 palmulam

968 3124 1174 3165 lenientem
1216 3120 1394 3173 intelligit
1440 3121 1584 3166 cotem,
1631 3115 1826 3170 palmulae

1457 3174 1544 3219 23·
