2155 3590
690 148 877 188 LIBER
905 147 981 190 Xl.
1041 148 1167 190 CAP.
1198 148 1342 189 XXX.
1808 149 1917 193 1093

115 275 228 316 quam
261 276 456 302 mensura
483 263 740 303 necessarias
767 262 934 303 collatis.
995 261 1105 312 Nec,
1134 263 1313 303 hercule-s
1345 263 1520 303 laborum
1554 277 1615 303 me.
1639 270 1916 317 summumque

115 319 319 373 quicquam
356 325 487 359 tamen
525 318 736 373 poenituit,
776 319 931 372 quidni,
971 319 1123 359 liberali
1167 320 1277 360 deum
1316 320 1563 374 providentia
1598 319 1674 359 iam
1712 320 1916 374 stipendiis

116 375 336 416 forensibus
372 375 514 414 bellule
553 375 689 414 fotum.
751 374 931 429 Denique
969 383 1055 430 post
1092 377 1173 416 dies
1212 377 1415 416 admodum
1454 376 1638 430 pauculos
1675 377 1770 416 deus
1803 377 1915 417 deum

114 445 348 483 magnorum
378 431 508 484 potior
537 438 577 471 et
607 431 798 471 maiorum
830 446 1005 472 summus
1037 440 1075 472 et
1100 447 1340 473 summorum
1366 433 1563 473 maximus
1589 440 1628 473 et
1653 433 1916 474 maximorum

113 494 306 541 regnator
332 486 482 534 Osiris,
509 501 588 526 non
614 488 713 527 *ὶιι*
738 488 904 528 alie-nam
931 489 1148 542 quampiam
1180 503 1387 543 personam
1412 490 1650 530 reformatus
1688 490 1756 529 sed
1783 503 1916 530 coram

115 558 186 584 suo
223 543 290 583 illo
325 544 553 583 venerando
591 558 651 583 me
689 545 872 598 dignatus
911 545 1114 596 affamine,
1157 559 1226 600 per
1264 546 1432 599 quietem
1477 546 1651 600 recipere.
1690 546 1799 586 visus
1838 553 1913 596 est,

113 691 349 711 mmmm-arum
368 682 504 711 collatis
525 685 562 712 F.
582 686 613 714 3.
634 686 668 713 B.
690 693 718 718 p.
749 687 784 713 lu
805 688 878 714 cen.
904 692 1063 713 mensura
1082 685 1196 720 rebus,
1223 686 1304 719 quod
1327 685 1487 719 posterius
1507 693 1571 714 non
1590 689 1751 720 comparet
1771 686 1803 714 iu
1823 688 1858 715 G.
1878 687 1916 715 P.

111 732 150 758 1).
170 731 203 758 0.
224 731 262 758 R.
283 729 303 758 f.
325 726 353 758 δ’.
401 732 634 767 sumptumque
654 731 780 759 Vicent.
829 738 892 768 que
917 739 978 759 uon
1005 735 1165 765 comparet
1186 731 1219 759 in
1237 728 1266 759 δ.
1316 731 1493 767 quicquam
1517 733 1627 757 tamen
1641 731 1810 767 poenituit
1827 732 1863 760 F.
1883 733 1915 760 3-

115 777 150 803 G.
169 777 205 804 P.
226 776 263 803 D.
284 776 319 803 0.
339 775 360 802 f.
398 777 434 803 In
460 779 533 804 cett.
562 778 674 802 tamen
700 779 801 804 abest.
850 775 930 813 quid
946 776 979 802 in
999 774 1135 803 liberali
1153 778 1189 803 G.
1210 777 1248 804 D.
1297 774 1423 803 domna·
1446 777 1516 804 edd.
1537 779 1612 804 velt.
1639 781 1766 809 praeter
1782 779 1865 805 lunt.
1886 779 1916 805 2.

114 829 214 854 usque
243 821 283 848 ad
309 821 416 855 Colv.;
451 822 550 850 solita
573 821 788 849 aberratione.
849 819 1029 858 dispendiis
1055 822 1089 849 0.
1149 819 1274 846 bellula
1298 822 1345 849 ed.
1374 830 1419 855 pr.
1439 821 1566 849 Viecul.
1586 821 1699 849 vener.
1725 823 1753 849 2².
1792 820 1917 848 cellula

114 866 148 893 F.
171 867 199 894 ³.
222 866 243 894 f.
263 863 292 894 d.
330 864 449 892 vellule
468 868 503 895 G.
525 868 560 895 P.
581 868 618 894 D.
638 868 672 894 0.
715 874 779 902 per
803 864 872 894 dies
895 866 1015 895 Florid.
1043 867 1102 894 Eu.
1127 866 1247 894 vitiose
1273 867 1442 899 repetitum
1464 869 1504 894 ab
1526 867 1670 895 Harless.
1719 874 1915 902 magnorum

114 919 168 944 pro
200 911 365 938 maiorum
395 912 428 940 B.
499 911 610 938 mm'm·
634 919 780 939 nutemus
806 920 833 946 p.
908 909 1029 946 Qffirfs
1054 913 1089 939 G.
1115 912 1153 939 1).
1224 919 1289 938 mm
1314 910 1415 940 alien.
1442 912 1476 940 F.
1506 913 1533 939 1.
1558 913 1588 939 3.
1616 912 1652 939 G.
1680 913 1715 939 P.
1741 911 1858 946 (eliani
1883 912 1917 940 in

114 957 276 991 excerptis
295 958 337 985 ad
356 964 456 990 maro:
477 958 525 985 ed.
545 958 625 986 Colv
628 957 655 992 .]
678 959 717 985 R.
738 957 760 985 f.
779 965 810 991 p.
831 954 860 985 ὁ.
882 958 918 985 Β.
940 958 976 985 In
997 960 1068 984 cett.
1088 964 1153 983 mm
1173 965 1206 982 ιιι
1223 954 1381 986 alienam
1407 955 1553 983 alienum
1574 957 1609 984 F.
1624 958 1654 984 3.
1670 965 1698 990 u.
1747 956 1915 994 quippiam

113 1002 424 1030 Xe11e1.2.luiit.1.
464 1004 562 1030 ..ΑΜ
588 1005 710 1030 lucen.
725 1001 928 1039 quampiam.
971 1009 1086 1029 coram
1106 1009 1166 1028 suo
1187 1000 1295 1030 τ”,ΙΙηΙ-
1310 1003 1339 1029 3.ss
1360 1004 1395 1030 G
1416 1003 1451 1030 P.
1467 1003 1500 1030 0
1516 1003 1553 1030 D.
1574 1002 1916 1030 E1111.S‹·riv.l·10rid.

113 1054 229 1073 ruram
254 1045 311 1073 illo
337 1054 396 1074 sun
424 1047 443 1075 f.
480 1050 516 1076 In
541 1052 613 1076 cell.
638 1046 696 1074 illl)
722 1048 851 1075 omnino
877 1050 980 1075 abest.
1039 1045 1243 1083 reciperer.
1267 1048 1292 1075 1.
1315 1049 1344 1075 3.
1366 1048 1402 1075 (⁷.
1425 1047 1459 1075 Ρ.
1478 1048 1516 1075 1).
1537 1049 1570 1075 0.
1592 1057 1624 1080 ‹r-
1647 1044 1675 1075 δ.
1696 1054 1731 1074 π.
1753 1056 1781 1082 p.
1801 1049 1850 1076 ed.
1871 1056 1916 1081 pr.

114 1092 241 1121 Vicum.
259 1093 410 1120 Verrem)
395 1113 424 1121 -.
444 1095 645 1126 alterumque
659 1092 859 1129 praecipere
877 1097 925 1121 est
945 1093 1097 1120 Beroaldi
1115 1093 1300 1123 inventum.
1328 1096 1358 1120 ut
1379 1093 1412 1120 iu
1432 1093 1517 1120 notis
1537 1093 1645 1127 docet,
1671 1096 1747 1120 tunc
1761 1092 1915 1122 alienum.

112 1143 140 1164 e!
162 1141 279 1166 temere
297 1145 316 1166 a
336 1141 407 1166 cett.
427 1139 507 1166 Edu.
535 1142 714 1172 receptum,
740 1138 859 1172 quihus
884 1139 1036 1172 deceptus
1063 1137 1220 1165 Pricaeus
1246 1138 1471 1170 corrigendum
1495 1137 1548 1165 liic
1572 1137 1703 1166 iubebat
1727 1136 1794 1164 iam
1819 1146 1916 1166 nune.

111 1183 199 1210 Nihil
219 1183 337 1211 minus.

111 1228 306 1256 actionibus.
334 1228 406 1257 Vim
422 1229 519 1256 huius
535 1229 625 1256 verbi
639 1229 845 1256 illustrarunt
863 1230 1002 1257 Gronov.
1018 1229 1152 1257 observ.
1168 1230 1207 1256 ΙΙ.
1226 1230 1278 1256 2'1.

111 1275 240 1302 Rulink.
257 1282 286 1308 p.
301 1275 316 1301 »ί
328 1273 371 1308 L]
397 1275 524 1302 stiihuk.
547 1274 676 1301 retinuit
691 1273 901 1310 praecipere.

112 1395 304 1432 tbetarum
327 1393 469 1431 menda
494 1394 672 1446 Iaryiats,
699 1407 813 1445 quam
839 1394 983 1433 Florid.

113 1450 292 1502 repetivit
339 1463 425 1487 cum
476 1449 556 1487 viro
603 1450 719 1488 docto
767 1451 820 1488 ita
856 1464 984 1488 emen-

112 1506 228 1545 dante
242 1506 291 1545 ad
310 1519 428 1557 marg.
444 1506 505 1544 ed.
520 1505 614 1545 lunt.
631 1510 667 1547 2.
689 1506 810 1553 oud..
835 1511 878 1544 ut
892 1508 982 1545 item

112 1576 318 1615 perperam
343 1562 445 1601 alius
472 1563 648 1615 laryz'ter
674 1563 850 1602 con-exit.
902 1564 984 1602 Sed

113 1620 292 1672 laryitus
328 1619 422 1657 dixit
459 1619 653 1669 Apuleius
696 1633 764 1669 pro
797 1620 985 1671 Iaryiter,

114 1680 153 1714 ut
166 1675 302 1714 A.sran
317 1675 421 1726 apud
434 1675 537 1714 Nou
559 1689 594 1726 p.
611 1680 703 1715 514.
719 1672 843 1714 More.
872 1677 987 1721 Qum

115 1733 307 1772 laert'mas
332 1732 409 1771 lar
416 1733 562 1785 yitus.

168 1802 354 1828 mensura
380 1789 614 1827 necessariis
640 1789 819 1828 collatis.
861 1787 985 1838 [Hanc

111 1859 237 1884 meam
272 1845 582 1896 qualemcunque
613 1845 925 1884 emendationem
950 1845 985 1883 iu

112 1905 342 1954 contextum
367 1902 515 1954 recepi,
555 1915 671 1953 quum
706 1902 831 1940 locum
862 1916 986 1941 corru-

112 1958 333 2010 ptissimum
353 1971 446 1996 esse
466 1963 666 2009 appareat.
695 1958 809 2005 Quod
830 1959 930 1996 enim
950 1960 985 1996 iu

113 2015 270 2067 optimis
300 2014 411 2052 codd.
444 2028 720 2055 mensurarum
758 2014 912 2066 legitur,
950 2016 984 2053 in

112 2071 199 2109 aliis
212 2074 358 2109 tantum
373 2084 555 2110 mensura
572 2072 745 2115 collatis,
760 2071 840 2109 iure
853 2076 986 2123 potest

111 2127 260 2178 colligi.
286 2127 404 2166 rebus
423 2127 726 2166 additamentum
753 2141 848 2166 esse
873 2128 984 2167 libra-

112 2185 265 2229 riorum,
285 2185 348 2234 qui
365 2184 489 2222 locum
505 2183 554 2222 ita
569 2184 755 2235 supplere
770 2185 982 2224 voluerunt.

116 2242 399 2280 Mensem-arum
419 2240 678 2291 corruptelam
700 2245 874 2280 exortam
888 2246 981 2294 puto

111 2311 160 2335 ex
181 2297 411 2347 compendio
425 2296 545 2335 feclsi.
561 2311 594 2336 e.
608 2299 853 2338 necessariis.
891 2299 981 2349 Syl-

114 2354 202 2392 laba
222 2367 312 2391 vero
332 2355 366 2392 is
391 2357 456 2392 aut
475 2366 543 2404 per
565 2354 751 2405 virgulam
775 2355 921 2406 scripta
946 2360 985 2394 et

113 2416 192 2448 turn
229 2410 345 2462 plane
383 2410 531 2448 omissa
569 2415 635 2449 aut
669 2412 718 2449 ob
751 2416 983 2462 sequentem

116 2467 149 2507 C
160 2467 325 2504 litteram
341 2467 373 2505 S
390 2466 505 2516 plane
525 2468 749 2518 absorptum
769 2472 860 2506 erat.
898 2468 982 2506 Ali-

113 2528 169 2561 ter
195 2523 280 2562 loco
306 2522 452 2560 mederi
479 2537 551 2561 uon
578 2523 716 2577 potui]

170 2580 326 2618 bellule.
359 2579 489 2630 [Hanc
513 2580 740 2632 scripturam
766 2594 815 2619 ex
840 2582 982 2621 ceteris

112 2636 268 2687 Apuleii
295 2636 391 2674 loeis
416 2637 563 2673 restitui
590 2636 636 2675 cf.
656 2636 751 2676 Met.
767 2637 817 2676 V.
836 2651 872 2688 p.
888 2642 980 2679 380.

112 2698 281 2731 aetatem
313 2697 461 2744 portat
496 2693 676 2732 bellule
717 2698 756 2731 et
795 2693 892 2734 Met.
930 2694 980 2734 X.

112 2763 147 2800 p.
164 2753 258 2790 707.
282 2750 357 2787 iam
385 2749 565 2789 bellule
589 2750 890 2803 suffarcinatus,
916 2751 979 2789 ubi

112 2806 198 2844 cod.
235 2805 367 2844 Guels.
409 2810 441 2845 1.
480 2807 595 2844 etiam
633 2806 764 2846 nolula
802 2807 980 2858 praefert.

110 2860 185 2901 Est
216 2862 329 2913 igitur
365 2875 471 2901 mera
510 2862 745 2901 librariorum
776 2865 979 2910 aberratio,

112 2931 213 2969 quae
249 2918 286 2956 in
323 2918 396 2956 line
433 2918 515 2957 libri
552 2932 599 2956 eo
635 2918 762 2957 minus
797 2920 981 2966 miranda,

113 2975 218 3024 quod
252 2975 513 3026 negligentius
550 2975 586 3014 in
624 2989 671 3013 eo
703 2989 821 3026 agere
851 2977 982 3015 solent

111 3028 264 3069 librarii.
312 3031 412 3070 Hinc
437 3046 564 3070 errare
587 3031 676 3070 milii
703 3031 891 3078 videntur,
916 3034 979 3084 qui

114 3086 266 3126 bellula
301 3088 337 3126 in
371 3093 505 3128 neutro
536 3088 676 3141 plural.
706 3088 980 3129 adverbialiter

111 3143 320 3193 accipiunt,
344 3144 405 3184 vel
433 3146 580 3186 bellalo
606 3144 842 3198 emendant]

362 1183 571 1211 Promittebat
598 1192 624 1210 s.
651 1184 864 1217 pollicebatur
888 1183 952 1217 ipsi
973 1184 1051 1211 deus
1075 1190 1233 1211 summam
1259 1183 1395 1224 gloriam
1421 1192 1439 1211 e
1464 1190 1657 1211 eauissarum
1680 1192 1706 1211 s.
1735 1183 1919 1211 forensibus

1301 1230 1408 1257 Burni.
1429 1229 1468 1256 ad
1489 1229 1576 1257 Suet.
1599 1228 1693 1256 caes.
1713 1229 1767 1256 23.
1793 1227 1918 1263 [ibique

1103 1394 1201 1434 dens
1226 1395 1344 1435 deum
1369 1409 1612 1448 nnzynorum
1640 1396 1796 1447 potior.
1858 1395 1918 1434 Ex

1044 1451 1237 1502 exemplis
1262 1464 1332 1502 per
1359 1450 1456 1490 Pric.
1489 1451 1618 1490 allatis
1644 1451 1795 1490 videtur
1827 1466 1916 1490 con-

1045 1507 1147 1545 cludi
1189 1521 1331 1558 posse.
1374 1507 1481 1545 illum
1524 1507 1771 1546 distinxisse:
1820 1509 1918 1547 deus

1045 1565 1183 1607 deum,
1210 1578 1451 1616 moymarum.
1473 1566 1629 1615 potior.
1701 1565 1835 1615 Atque
1860 1565 1919 1602 sic

1046 1620 1135 1659 olim
1163 1619 1295 1658 maluit
1321 1620 1558 1671 distinguere
1572 1620 1673 1659 Oud.
1696 1622 1730 1659 in
1746 1620 1916 1659 Miscell.

1045 1676 1214 1714 Observ.
1240 1677 1333 1716 Yol.
1359 1676 1426 1716 lx'.
1464 1676 1509 1716 Τ.
1535 1677 1561 1715 1.
1599 1691 1636 1728 p.
1668 1681 1757 1718 139.
1793 1682 1834 1716 et
1868 1678 1916 1716 ad

1047 1734 1156 1771 Suet.
1195 1732 1317 1783 (alig.
1356 1747 1386 1770 c.
1421 1738 1459 1773 5.
1489 1738 1530 1770 ut
1567 1734 1684 1773 deus
1721 1735 1918 1774 deornm

1046 1790 1170 1828 Ianus
1199 1788 1301 1840 apud
1334 1789 1507 1828 Macrob.
1540 1789 1666 1828 Satur.
1692 1789 1719 1829 Ι.
1747 1794 1782 1831 9.
1816 1791 1917 1829 conf.

1047 1845 1217 1884 Haverk.
1232 1845 1280 1884 ad
1297 1845 1751 1897 Termu.Ap010g.l.11.
1768 1847 1916 1898 Spanb.

1045 1902 1214 1940 Dissert.
1244 1901 1345 1942 Vlll.
1371 1903 1420 1940 de
1439 1902 1630 1940 Numisia.
1654 1901 1700 1942 Τ.
1722 1903 1746 1941 Ι.
1769 1917 1805 1954 p.
1821 1908 1915 1945 465.

1044 1958 1196 1997 Postea
1221 1972 1310 1996 vero
1337 1959 1429 1996 nihil
1449 1960 1483 1997 in
1507 1959 1751 1997 distinctione
1772 1964 1916 1998 mutau-

1046 2016 1136 2054 dum
1163 2029 1256 2053 esse
1282 2019 1387 2054 ratus
1414 2020 1487 2054 est.
1513 2015 1612 2053 Nam
1639 2017 1771 2067 potius
1797 2017 1914 2055 videri

1047 2072 1255 2124 Apuleium
1282 2086 1349 2123 per
1374 2077 1494 2110 totam
1519 2072 1819 2123 descriptionem
1849 2088 1914 2112 us-

1046 2143 1121 2180 que
1146 2129 1196 2167 ad
1220 2134 1420 2181 reynator
1446 2130 1556 2179 quasi
1582 2143 1652 2180 per
1672 2129 1913 2181 periphrasin

1044 2186 1298 2237 expressisse
1329 2185 1383 2231 id,
1418 2186 1520 2236 quod
1558 2186 1791 2236 significaret
1823 2185 1915 2225 alio-

1044 2244 1131 2294 quin
1165 2244 1264 2282 deus
1294 2243 1411 2281 deum
1443 2247 1482 2280 ut
1510 2239 1686 2295 βασιλεὺς
1714 2242 1912 2296 βασιλέων.

1041 2313 1120 2338 rex
1143 2313 1304 2351 resan,
1331 2312 1407 2349 qua
1426 2299 1460 2337 iu
1478 2312 1518 2337 re
1532 2313 1618 2338 cum
1634 2313 1681 2337 eo
1699 2300 1911 2338 consentio.

1043 2356 1106 2394 De
1132 2356 1302 2407 genitivo
1329 2357 1602 2406 comparativis
1627 2356 1754 2394 iuncto
1788 2355 1836 2394 cf.
1865 2356 1913 2394 ad

1041 2411 1138 2452 Met.
1164 2411 1227 2450 lll.
1254 2426 1289 2463 p.
1320 2416 1409 2453 193.
1434 2413 1521 2451 mei
1545 2413 1774 2452 maioribus.

1098 2470 1236 2509 nonin
1252 2470 1425 2508 ahenam
1446 2470 1679 2520 quampiam
1695 2482 1911 2520 personam

1042 2528 1303 2577 reforumlus.
1353 2525 1452 2577 [Hic
1477 2539 1634 2576 quoque
1661 2525 1769 2563 locus
1795 2524 1911 2563 valde

1040 2581 1129 2621 mihi
1155 2586 1368 2632 suspectus
1394 2586 1466 2620 est.
1492 2581 1662 2620 Primum
1682 2582 1782 2620 enim
1797 2581 1910 2619 codd.

1041 2639 1173 2691 optimi
1206 2639 1395 2690 praebent
1425 2638 1618 2684 alienum,
1651 2638 1755 2688 quod
1779 2638 1911 2676 vitium

1040 2695 1349 2745 coniungendum
1370 2694 1519 2732 videtur
1537 2709 1622 2733 cum
1645 2694 1809 2732 lectione
1822 2694 1909 2732 edd.

1041 2753 1274 2805 quippiam,
1301 2765 1402 2802 quae
1427 2751 1611 2803 explIcari
1639 2751 1783 2802 nequit.
1810 2749 1909 2788 Tum

1038 2811 1093 2848 in.
1138 2808 1240 2860 quod
1279 2808 1427 2858 plurimi
1464 2809 1566 2858 iique
1610 2806 1908 2858 locupletissimi

1040 2865 1153 2904 codd.
1180 2866 1372 2909 omittunt,
1398 2877 1468 2914 per
1494 2864 1718 2902 latinitatem
1740 2863 1823 2901 tolli
1845 2876 1908 2900 ne-

1040 2922 1138 2972 quit,
1163 2921 1267 2958 unde
1281 2920 1395 2958 miror
1407 2919 1528 2966 Oud..
1553 2920 1617 2971 qui
1637 2933 1707 2972 per
1730 2933 1907 2971 graecam

1039 2976 1316 3028 synecdochen
1324 2976 1425 3015 banc
1439 2975 1592 3027 ellipsin
1608 2976 1907 3027 praepositionis

1039 3033 1254 3071 defendere
1268 3032 1452 3084 potuerit,
1479 3045 1710 3083 comparans
1725 3031 1907 3083 exempla

1039 3094 1080 3128 ut
1100 3091 1254 3142 faciem
1277 3089 1424 3135 delati,
1453 3089 1631 3128 obtutum
1662 3090 1705 3127 in
1729 3102 1789 3127 me
1813 3102 1906 3128 con-

1038 3160 1163 3191 tersa,
1191 3159 1290 3197 quae
1304 3144 1421 3197 plane
1434 3145 1546 3183 aliter
1567 3144 1798 3196 explicanda
1816 3150 1906 3184 sunt
