2155 3590
646 146 835 187 LIBER
869 147 943 188 ΙΙΙ.

636 341 1074 389 CAPUT

1005 146 1131 188 CAP.
1163 145 1238 186 IX.

1177 340 1280 388 IX.

228 473 317 516 Neo
358 488 490 525 mora,
534 488 621 514 cum
662 474 741 515 ritu
786 473 1018 516 Graeciensi
1059 474 1162 529 ignis
1211 480 1250 514 et
1285 479 1372 513 rota
1415 479 1495 513 tum
1537 484 1651 512 omne
1686 470 1853 526 flagel-

151 577 333 608 Grenensz’s
346 580 368 608 f.
385 577 610 608 Graecensm.
636 581 699 609 Sed
713 584 813 615 proha
825 585 873 609 est
887 581 989 609 forma
1000 579 1214 608 Graea‘ensa‘s
1228 579 1269 608 cf.
1285 580 1367 608 Gell.
1380 579 1464 607 XIX.
1481 579 1531 606 10.
1552 580 1587 606 ut
1605 579 1646 606 ab
1668 574 1851 612 Hispania,

59 622 310 661 Hispaniensis.
358 623 439 652 Cum
453 633 546 653 omne
558 626 594 654 F.
611 627 639 655 1.
653 633 683 660 p.
707 629 743 653 et
756 634 848 653 omne
862 628 898 655 L.
913 623 943 654 δ.
957 626 977 655 f.
992 627 1027 655 P.
1042 627 1076 655 Ο.
1114 623 1332 664 flagitiorum
1343 630 1448 661 genus
1461 624 1496 652 F.
1512 624 1542 651 1.
1556 623 1586 651 3.
1602 630 1632 657 p.
1647 623 1682 650 G.
1696 622 1724 649 D
1738 622 1771 650 Ο.
1787 621 1808 649 f.
1823 618 1853 650 δ.

59 715 116 750 ter
129 725 215 750 eam
227 711 398 751 Florent.
415 716 450 753 3.
478 714 646 765 optimus
667 712 733 751 ille
756 713 849 751 liber
867 727 928 751 se-

59 772 195 820 quatur
217 773 259 808 ut
282 782 320 820 p.
349 773 437 809 183.
469 769 573 808 haud
602 783 685 808 raro
716 771 752 807 in
785 783 832 808 ea
863 770 927 808 ad-

58 825 160 864 iutus
185 838 209 864 a
238 825 409 864 melioris
433 830 547 863 notae
573 825 706 873 codd.;
743 825 790 865 cf.
817 826 925 865 Fest.

55 894 93 932 p.
126 885 216 922 118.
249 885 287 919 et
317 896 352 931 p.
381 885 468 922 199.
502 882 604 920 unde
634 881 734 920 hanc
766 882 925 920 formam

55 942 218 990 apparet
231 938 335 989 apud
350 939 500 989 priscos
514 939 685 989 inprimis
698 940 733 977 in
747 952 820 977 usu
835 939 924 977 fnis-

55 1006 114 1034 se.
172 993 230 1033 lta
265 994 302 1032 in
331 993 541 1033 pandectis
577 996 811 1046 saepissime
844 995 921 1046 legi

55 1051 194 1102 probat
222 1050 399 1089 Brisson.
436 1055 474 1089 et
511 1051 793 1090 Grammaticos
830 1056 922 1091 vett.

55 1120 142 1145 eam
165 1108 364 1145 invenisse
388 1111 557 1146 testatur.
611 1107 753 1146 fronto
780 1108 828 1146 de
853 1108 923 1146 dif-

53 1162 121 1202 ser.
142 1178 179 1215 p.
195 1167 286 1204 352.
314 1163 373 1202 ed.
398 1163 512 1208 Mai„
538 1163 600 1214 qui
627 1165 698 1201 nisi
717 1178 924 1216 peremere

53 1219 230 1270 legisset,
250 1220 377 1258 dicere
397 1234 469 1258 non
485 1220 695 1270 potuisset:
721 1222 923 1271 perimere

53 1276 103 1315 ab
129 1277 340 1328 emptione,
368 1277 486 1328 qnasi
509 1276 596 1313 iure
621 1276 772 1314 tollere.
821 1275 921 1314 Hinc

51 1332 222 1383 improbo
242 1331 368 1370 Doed.
391 1332 486 1382 S5n.
506 1329 567 1368 Ill.
588 1345 625 1382 p.
650 1335 738 1372 186.
764 1336 916 1370 senten-

51 1389 154 1434 tiam,
165 1388 336 1439 quihanc
349 1388 534 1438 originem
548 1388 703 1425 omnino
717 1388 915 1441 denegat]

109 1442 207 1483 Car.
221 1444 288 1483 lX.
321 1459 408 1484 cum
433 1446 514 1483 ritu
537 1443 606 1484 Gr.
628 1445 737 1497 iynis
757 1450 795 1483 et
812 1450 917 1483 rota.

52 1499 269 1554 [Proprium
294 1505 376 1540 erat
398 1501 495 1538 inter
521 1500 694 1539 Graecos
719 1514 917 1539 servorum

49 1557 280 1610 supplicium
316 1561 443 1602 rotae,
485 1570 561 1606 qna
597 1557 758 1608 repositi
802 1559 916 1596 mani-

49 1615 201 1664 busque
247 1613 397 1665 religati
438 1614 620 1652 membris
661 1614 917 1662 tendebantur

48 1671 388 1722 caedebanturque
428 1670 558 1719 virgis.
629 1670 675 1709 cf.
712 1670 914 1721 Aristoph.

48 1726 140 1766 Pac.
150 1731 243 1768 452.
256 1725 358 1766 Plut.
373 1731 466 1767 875.
482 1725 634 1765 lacobs.
650 1726 700 1765 ad
714 1726 814 1766 Ach.
830 1726 914 1766 Tat.

47 1798 83 1836 p.
110 1788 202 1824 875.
228 1787 268 1821 et
292 1797 392 1835 quos
423 1784 564 1822 excitat
590 1781 630 1821 C.
646 1782 689 1821 F.
703 1782 914 1823 Hermann.

46 1841 81 1879 in
102 1841 216 1879 libro:
248 1839 465 1879 Lelcrbuclt
480 1840 520 1878 «l.
533 1853 599 1891 qr.
615 1840 914 1879 Staatsallertlz.

45 1897 78 1948 ᾗ.
106 1901 196 1937 141.
226 1901 287 1937 15.
313 1909 351 1947 p.
378 1900 470 1937 271.
497 1895 625 1942 Quale
650 1896 724 1934 hoc
748 1900 915 1934 tormen—

46 1957 124 1992 tum
145 1953 268 2000 suerit,
295 1966 449 2004 quaque
462 1953 609 1990 ratione
624 1952 915 1991 haecmachina

48 2010 243 2056 instructa,
270 2023 344 2047 non
369 2010 468 2048 satis
493 2010 590 2047 inter
615 2009 753 2047 doctos
778 2023 915 2047 conve-

46 2066 111 2112 nit,
135 2065 210 2104 sed
234 2079 256 2103 e
271 2066 356 2104 loco
371 2064 525 2115 loseph.
546 2065 595 2103 de
608 2064 786 2103 Maccab.
802 2079 833 2103 c.
852 2069 915 2106 13.

45 2135 159 2173 quem
187 2121 325 2160 adtulit
351 2121 540 2160 Scheffer.
565 2121 615 2158 de
640 2134 682 2159 re
705 2121 914 2160 vehiculari

43 2180 77 2217 in
100 2177 237 2216 Palen.
258 2177 396 2229 Suppl.
411 2177 531 2216 Thes.
546 2177 654 2216 Antt.
668 2177 716 2215 Υ.
738 2191 775 2228 p.
794 2181 912 2218 1233.

42 2234 220 2274 machina
244 2233 338 2273 talis>
355 2233 478 2272 fuisse
497 2233 683 2280 videatur,
707 2238 749 2271 nt
767 2247 912 2272 nocens

43 2292 93 2331 ab
122 2305 200 2330 una
222 2293 333 2341 parte
357 2290 542 2341 religatus
566 2290 805 2328 incumberet
829 2291 912 2328 orbi

43 2348 122 2386 lato
135 2360 262 2397 eoque
281 2348 509 2386 circumacto
532 2346 761 2385 tenderetur.
808 2346 910 2384 Nam

42 2404 93 2443 de
123 2417 197 2442 axe
221 2407 367 2441 tantum
392 2404 453 2454 agi
478 2415 602 2454 posse
628 2415 755 2453 neque
779 2403 828 2441 de
852 2417 910 2441 ro-

39 2465 103 2499 tae
132 2460 249 2498 radiis
282 2460 370 2497 inde
400 2460 601 2510 probatur,
634 2459 738 2509 quod
763 2459 797 2496 ei
822 2459 911 2498 inci—

41 2517 184 2556 debant
198 2530 335 2556 earnes
349 2518 520 2567 corporis
536 2515 704 2562 lacerati,
714 2515 819 2566 quod
828 2515 910 2553 orbi

39 2572 163 2612 suerat
175 2573 414 2623 impositum:
434 2573 517 2623 περὶ
535 2569 603 2618 τὰς
620 2565 756 2619 ἄξονας
768 2575 836 2610 τοῦ
850 2570 908 2623 ὀρ-

37 2626 149 2681 γάνου
167 2631 381 2681 περιέρῤεον
400 2631 442 2667 αι’
458 2626 602 2678 σάρκες.
651 2627 761 2666 Male
780 2632 908 2666 tamen

40 2685 289 2730 contendisse
310 2685 458 2723 ridetur
470 2685 602 2723 d'Orv.
624 2683 674 2722 ad
690 2683 906 2724 Charit.111.

40 2746 75 2782 4.
106 2756 143 2794 p.
170 2746 263 2782 477.
294 2746 418 2780 rotam
449 2743 564 2780 etiam
594 2740 761 2779 Romani
792 2742 908 2779 moris

40 2798 175 2837 fuisse.
234 2796 360 2844 Quem
387 2798 487 2836 enim
524 2799 610 2849 ipse
636 2795 747 2835 affert
783 2797 909 2835 locum

38 2853 170 2894 Pacat.
196 2853 390 2905 Panegyr.
416 2858 481 2894 42.
512 2859 546 2894 1.
579 2867 661 2892 non
682 2855 823 2905 potins
847 2855 908 2906 '1⁸9-

37 2924 136 2958 acan,
167 2911 349 2956 laminas,
381 2924 553 2955 erucem,
580 2909 754 2949 culleum
778 2939 786 2948 .
802 2939 810 2948 .
826 2939 834 2948 .
861 2911 907 2948 ta·-

35 2967 176 3013 mebat,
201 2971 363 3019 apparet
377 2967 426 3005 de
438 2971 521 3005 rota
535 2980 608 3004 non
629 2978 762 3016 agere.
798 2965 906 3017 Apu-

35 3020 101 3063 leii
125 3022 198 3062 loci
221 3023 285 3062 hic
308 3027 347 3062 et
371 3024 468 3062 alter
480 3023 530 3062 X.
554 3037 593 3074 p.
609 3025 702 3062 697.
727 3035 907 3073 graecum

36 3091 182 3124 morem
204 3083 383 3118 accurate
402 3079 636 3125 describunt,
663 3078 767 3130 apud
781 3078 906 3117 Sene·

37 3147 122 3173 cam
134 3134 292 3176 Hercul.
307 3135 396 3176 Oet.
414 3140 535 3177 1011.
557 3135 607 3175 de
620 3133 753 3174 Ixione
773 3148 903 3174 sermo

987 718 1048 752 est
1072 713 1176 765 apud
1201 712 1343 751 inferos
1367 715 1476 750 rotae
1495 708 1690 762 implicito.
1738 707 1853 747 Unde

986 771 1126 809 damno
1151 783 1282 808 eorum
1299 768 1543 813 sententiam,
1570 767 1634 817 qui
1655 764 1758 816 apud
1774 764 1851 803 Cic.

987 825 1102 865 Tusc.
1128 826 1177 865 V.
1205 829 1240 866 9.
1266 826 1296 876 ξ.
1323 829 1387 866 21.
1419 837 1488 876 pro
1519 822 1759 874 glossemate
1789 822 1850 859 eii-

984 884 1087 921 cinnt
1099 883 1233 921 verba:
1259 884 1299 920 in
1309 887 1439 921 roiam
1454 879 1518 932 [id
1525 884 1713 932 estyemts
1723 878 1850 932 quotl-

984 940 1078 978 clam
1109 940 1297 978 tormenti
1326 938 1444 989 apud
1476 935 1692 987 Graecos]‚
1735 948 1850 985 quum

981 996 1168 1033 Romanis
1188 995 1262 1033 hoe
1280 994 1512 1045 supplicium
1532 1005 1606 1030 non
1625 991 1723 1030 satis
1741 994 1851 1029 esset

981 1055 1122 1090 notum.
1181 1050 1268 1089 Nec
1290 1051 1417 1088 minus
1442 1053 1579 1095 errant,
1605 1046 1669 1098 qui
1693 1051 1850 1086 auctore

983 1107 1090 1145 Coei.
1115 1107 1285 1157 Rhodig.
1311 1107 1470 1156 Antiqq.
1497 1106 1584 1144 lect.
1609 1104 1657 1143 L.
1682 1104 1731 1143 X.
1759 1118 1790 1142 c.
1813 1108 1849 1144 5.

982 1168 1021 1201 et
1049 1163 1188 1201 Bodin.
1225 1163 1275 1200 de
1305 1161 1474 1214 Republ.
1506 1161 1554 1200 V.
1591 1161 1692 1200 hanc
1726 1163 1850 1199 rotam

983 1219 1260 1257 Graeciensem
1286 1232 1371 1256 cum
1390 1222 1472 1256 rota
1487 1217 1765 1256 Germanorum
1784 1216 1849 1255 vel

980 1289 1011 1313 c.
1038 1274 1169 1313 Barth.
1196 1275 1362 1312 Advers.
1391 1273 1457 1312 lX.
1484 1278 1515 1313 1.
1543 1277 1688 1325 p.410.
1715 1272 1849 1312 Gallo-

979 1331 1213 1369 Francornm
1243 1331 1486 1381 ineptissime
1517 1329 1733 1375 conserunt,
1772 1342 1849 1380 qua

977 1389 1029 1425 rei
1062 1388 1237 1426 contunsi
1267 1388 1411 1425 crebris
1436 1387 1573 1424 ictibus
1597 1386 1704 1424 lenta
1726 1389 1848 1424 morte

978 1448 1015 1482 et
1046 1445 1212 1482 maximo
1245 1445 1410 1482 cruciatu
1439 1446 1613 1494 pereunt.
1672 1442 1848 1481 Glossae

976 1500 1076 1538 enim
1108 1501 1158 1539 ad
1189 1514 1287 1550 quas
1312 1499 1495 1538 Barthius
1528 1502 1714 1550 provocat
1738 1497 1848 1536 aliter

975 1561 1066 1595 sunt
1102 1556 1383 1595 emendandae.
1453 1555 1493 1594 In
1532 1555 1709 1594 Glossar.
1746 1556 1847 1593 enim

976 1613 1109 1665 Cyrin.
1145 1627 1183 1665 p.
1217 1618 1309 1655 640.
1352 1611 1549 1665 τροχάς
1592 1611 1847 1665 yallt'cula

975 1671 1079 1721 lege:
1105 1668 1240 1723 τροχάς
1266 1670 1452 1721 cali-qula
1478 1669 1551 1707 nisi
1577 1669 1614 1707 id
1640 1682 1672 1707 c.
1699 1667 1845 1707 Scheff.

976 1727 1000 1766 l.
1042 1741 1073 1766 c.
1117 1727 1166 1764 de
1212 1726 1380 1779 yalliee's
1428 1726 1664 1776 interpretari
1713 1724 1846 1769 malis,

975 1797 1133 1834 quarum
1164 1784 1309 1821 mentio
1341 1782 1380 1820 lit
1411 1782 1515 1833 apud
1547 1781 1622 1820 Cic.
1655 1780 1773 1820 Phili.
1799 1779 1846 1820 ll.

974 1844 1041 1881 30.
1062 1844 1101 1877 et
1115 1839 1218 1878 Gell.
1235 1838 1335 1877 Xlll.
1352 1843 1416 1879 21.
1433 1838 1700 1877 Coniecturam
1718 1849 1846 1876 meam

972 1897 1110 1948 probat
1133 1895 1327 1946 Hesych.:
1352 1891 1531 1947 τροχάδες
1554 1891 1742 1934 σανδάλιά
1766 1891 1844 1933 ἀπὸ

972 1955 1110 2003 αἰγείου
1136 1955 1320 2004 δέρματος
1350 1955 1390 1989 et
1420 1953 1471 1989 ita
1500 1951 1646 1990 habent
1670 1950 1845 1989 Glossae

974 2023 996 2047 e
1027 2008 1153 2059 gloss.
1183 2009 1288 2047 arab.
1327 2007 1391 2046 lat.
1431 2021 1466 2059 p.
1494 2011 1588 2049 706.
1618 2007 1845 2058 ῃαίίίὀιιῖαε

975 2080 1048 2104 non
1069 2065 1202 2103 addita
1230 2065 1557 2114 interpretatione.
1606 2063 1844 2114 Scripturam

973 2122 1153 2161 calicula
1184 2121 1373 2172 praebent
1403 2120 1516 2158 codd.
1543 2119 1682 2159 lsidor.
1707 2118 1844 2170 Origg.

970 2177 1081 2223 XIX,
1096 2181 1243 2223 34,12.
1267 2192 1306 2229 p.
1321 2180 1414 2218 615.
1439 2176 1551 2215 Lind.
1576 2174 1727 2227 Papiae
1752 2189 1843 2214 vero

971 2233 1109 2285 glossa
1125 2234 1342 2284 gallicula,
1364 2239 1509 2273 cortem
1522 2234 1638 2273 nucis
1652 2232 1842 2285 velqlan-

970 2291 1046 2336 «lis,
1072 2304 1224 2342 corpus
1246 2290 1477 2336 lzummmm,
1503 2290 1566 2328 ubi
1585 2288 1719 2328 Barth.
1734 2289 1842 2327 resti-

968 2350 1076 2385 tuere
1096 2347 1217 2385 voluit
1235 2351 1398 2386 tortura
1419 2346 1594 2385 humana
1608 2345 1777 2384 sortasse
1790 2345 1842 2383 ita

969 2403 1197 2454 corrigenda
1209 2406 1271 2441 est
1284 2402 1519 2442 callt'culmn
1534 2401 1615 2454 [vel
1625 2400 1838 2453 callicula]

969 2464 1113 2500 cortex
1142 2461 1257 2500 nucis
1290 2459 1352 2498 vel
1378 2458 1563 2512 ylandt‘s,
1589 2460 1746 2498 corium
1769 2458 1839 2497 lm-

967 2530 1135 2556 manum.
1189 2515 1348 2555 Callum
1367 2516 1467 2553 enim
1486 2528 1520 2552 s.
1542 2515 1672 2554 callus
1690 2514 1740 2552 de
1760 2526 1838 2552 om-

967 2572 1078 2610 nibus
1097 2573 1214 2611 rebus
1235 2572 1380 2617 dicitnr,
1406 2584 1508 2622 qnae
1532 2571 1748 2609 durioribus
1773 2571 1840 2608 cir-

967 2629 1211 2668 cumvolutae
1252 2632 1344 2666 sunt
1386 2626 1665 2666 membranulis
1707 2630 1749 2665 ut
1789 2626 1840 2664 de

967 2686 1117 2735 prunis,
1148 2686 1198 2723 de
1229 2685 1390 2723 nucibus
1423 2683 1518 2722 Plin.
1546 2682 1648 2722 Hist.
1672 2681 1721 2721 N.
1747 2682 1840 2722 XV.

966 2745 1032 2782 28.
1059 2745 1122 2782 34.
1148 2741 1258 2780 XIV.
1287 2745 1321 2780 1.
1348 2744 1385 2781 3.
1417 2741 1574 2780 corium
1603 2739 1654 2777 de
1683 2738 1839 2777 homine

967 2797 1103 2836 dicitur
1121 2797 1226 2849 apud
1246 2796 1373 2835 Plaut.
1394 2794 1580 2835 Rud.1V.
1599 2799 1636 2836 3.
1652 2798 1719 2835 61.
1766 2795 1838 2833 Se-

966 2867 1051 2893 nec.
1077 2854 1276 2892 Constant.
1303 2853 1478 2903 Sapient.
1502 2856 1563 2892 14.
1623 2850 1712 2890 Hac
1733 2851 1770 2890 in
1795 2865 1838 2890 re

965 2924 1027 2949 me
1052 2910 1274 2950 confirmare
1298 2909 1445 2947 videtur
1470 2906 1676 2960 explicatio
1700 2906 1835 2948 Isidor.

965 2965 989 3005 l.
1015 2981 1048 3006 c.
1073 2966 1277 3008 calt'culae
1307 2965 1474 3018 caligae
1498 2964 1561 3004 vel
1584 2979 1610 3004 a
1634 2963 1745 3004 callo
1766 2978 1836 3016 pe-

965 3024 1062 3063 dum
1090 3024 1256 3064 dictum.
1315 3020 1447 3073 Magis
1478 3024 1605 3059 tamen
1630 3033 1693 3059 me
1717 3020 1837 3059 offen-

964 3079 1038 3125 dit,
1069 3080 1159 3131 quia
1183 3079 1280 3118 liber
1310 3082 1351 3117 et
1373 3076 1514 3116 nobilis
1544 3077 1700 3128 quidam
1718 3076 1836 3115 homo

961 3139 1067 3175 rotae
1098 3136 1317 3181 damnatur,
1349 3134 1454 3186 quod
1477 3133 1647 3173 Athenis
1679 3133 1837 3185 quidem
