2221 3667
318 168 401 214 408

576 169 622 212 L.
655 170 877 214 APULEII
905 171 1305 213 MADAL'RENSIS
1335 171 1878 214 METAMORPHOSEON

230 290 295 324 ³90
320 284 510 325 extremis
536 284 692 326 casibus
716 284 815 327 Iuno
842 285 1020 340 Sospita,
1051 283 1058 340 Ι
1085 297 1220 338 meque
1245 283 1283 324 in
1310 284 1430 326 tantis
1456 285 1670 326 exantlatis
1696 286 1892 328 laboribus
1918 287 2111 328 defessam

194 347 293 394 [175]
318 341 557 382 imminentis
570 342 731 398 periculi
746 350 849 383 metu
864 342 1000 382 libera.
1031 341 1143 394 Quod
1158 341 1278 380 sciam
1292 373 1302 392 ‚
1331 341 1434 382 soles
1455 341 1461 398 Ι
1482 343 1788 397 praegnantibus
1803 344 2112 398 periclitantibus

319 469 466 507 sopitam
479 473 518 502 D.
554 470 751 499 exanclatis·
766 472 801 500 G.
816 472 849 499 P.
866 472 902 498 1).
916 470 953 498 B.
969 478 998 503 p.
1013 468 1034 498 l'.
1049 472 1077 497 et
1092 477 1203 498 omnes
1217 471 1287 499 edd.
1302 473 1378 500 vett.
1403 468 1622 498 anhelatis
1635 471 1671 499 F.
1689 473 1716 499 1.
1731 468 1759 501 δ.
1797 469 1970 512 defensam
1983 472 2112 501 Vicent.

319 513 459 552 defleam
473 518 550 547 Bas.
567 519 611 556 1.,
638 518 722 545 unde
736 517 892 545 Pricaeus
907 513 1076 554 defectam
1091 515 1213 545 frustra
1226 517 1377 545 malebat.
1424 515 1500 543 imm

1505 517 1634 544 iteunlc‘s
1648 517 1760 546 Vener.
1776 518 1806 546 4.

318 642 475 674 τουτους
504 626 592 673 τοὶς
620 624 736 672 θεοὺς
765 626 828 689 usai
856 627 1067 676 τιμᾶσθαι·
1098 622 1186 665 ἄιεν
1245 627 1357 665 suerit
1383 627 1521 666 eadem
1548 626 1679 666 Iunoni
1707 627 1792 674 dea,
1824 627 1964 666 dubius
1990 626 2116 666 adhuc

319 683 391 738 γὰρ
413 688 488 723 ’τῶν
512 699 640 735 γαμων
665 698 708 720 οι
697 680 750 720 (δὲ
777 697 822 720 αν
853 685 895 720 αἱ
915 684 1020 731 τιμαὶ
1043 697 1187 721 τουτων
1242 683 1358 736 sum.]

319 743 524 794 napiyfflm
559 744 606 785 εἰς
641 734 879 789 ἀνθρώπους.
938 739 1001 776 De
1033 739 1187 778 Iunone

1302 740 1477 780 Lucina.
1527 741 1608 792 [De
1633 740 1778 779 lunone
1801 742 1964 782 Lucina
1988 755 2021 780 s.
2037 739 2116 781 Lu-

322 799 500 852 quias.
518 794 769 847 luqaliOud.
785 794 1185 834 conferrivultBarth
1246 798 1350 836 cetia
1384 796 1831 848 (xlait.Cape1!.11.§.
1856 802 1945 838 149.
1971 812 2007 850 p.
2026 799 2115 838 199.

319 852 556 894 AdiersAl.
577 855 637 891 13.
653 850 989 902 [etXXX111.c.5.
1005 865 1041 903 p.
1054 852 1192 904 1513]

322 906 1192 973 CommentnuchsychetGesn.acSch1a-

321 968 400 1005 der.
428 965 475 1004 ad
503 964 710 1002 Musaeum
738 968 830 1004 275.
863 981 892 1002 ω
918 967 998 1004 Ζυν
979 967 1055 1017 γ’(ην
1073 962 1192 1017 Ἠρην

321 1024 432 1062 Serv.
447 1021 496 1058 ad
509 1021 608 1059 Aen
626 1020 692 1059 lV.
712 1025 774 1062 16.
801 1021 860 1059 cui
885 1022 988 1060 adde
1006 1022 1105 1061 Aen.
1122 1022 1190 1062 Π,

321 1082 385 1120 59.
413 1078 561 1116 lunoni
585 1082 680 1116 (mle
707 1091 856 1123 (mines,
883 1080 951 1118 οιιί
977 1080 1109 1118 vincla
1135 1080 1191 1119 iu-

317 1135 436 1189 ῃαῖία
463 1147 586 1173 curae
612 1132 742 1185 Kopp.
768 1134 819 1172 ad
843 1134 958 1174 Mart.
986 1134 1137 1188 Capell.
1163 1135 1192 1174 l.

318 1192 350 1242 ᾗ.
377 1195 441 1231 31.
468 1204 504 1242 p.
532 1194 584 1231 72
610 1203 671 1240 sq.
720 1190 1031 1230 Accuratissime
1062 1192 1113 1230 de
1146 1206 1194 1230 ea

317 1249 399 1300 agit
425 1247 562 1286 Tastin.
583 1247 633 1284 de
653 1260 752 1286 anno
773 1248 897 1286 sccul.
919 1252 958 1286 et
980 1249 1055 1287 lud.
1070 1249 1192 1288 secul.

318 1304 432 1344 Rom.
448 1318 479 1343 c.
488 1303 557 1343 XI.
572 1304 607 1342 in
618 1303 759 1344 Graev.
769 1303 890 1344 Thes.
899 1305 1030 1358 Antiq.
1041 1305 1192 1345 'ltvllL

318 1375 356 1414 p.
373 1364 485 1408 530„
511 1361 575 1412 qui
599 1360 786 1412 plurimos
806 1362 1043 1401 Graecorum
1067 1367 1106 1401 et
1120 1362 1194 1400 La-

317 1419 481 1457 tinorum
495 1419 723 1469 scriptorum
737 1417 847 1456 locos
867 1424 1066 1458 recenset:
1087 1419 1192 1457 Bris-

319 1488 404 1514 son.
431 1474 482 1513 de
506 1476 562 1513 rit.
585 1478 688 1525 nupt.
710 1474 801 1514 ibid.
815 1489 852 1527 p.
871 1479 977 1516 1030
991 1489 1051 1526 sq.
1077 1475 1192 1514 Boet-

319 1533 429 1582 tiger.
456 1532 492 1569 in
520 1531 633 1569 libro:
661 1530 785 1570 Icleen
808 1546 879 1571 zm·
892 1532 1192 1587 Kunstmyllzol.

322 1587 368 1627 T.
394 1587 440 1626 ll.
465 1602 502 1639 p.
529 1591 609 1628 263
635 1600 723 1638 sqq.
755 1602 849 1639 prae
875 1590 1017 1627 ceteris
1042 1604 1081 1641 p.
1101 1593 1194 1629 271.

320 1643 422 1684 Hine
441 1648 575 1695 potest
594 1644 775 1694 intelligi,
801 1658 918 1696 quam
939 1660 1126 1697 perversa
1145 1648 1195 1684 sit

321 1701 388 1739 viri
409 1701 512 1739 docti
526 1700 778 1752 Kulekampii
792 1702 1013 1741 coniectura
1030 1704 1193 1745 Cinxia.

323 1770 438 1809 quam
458 1770 576 1808 marg.
594 1757 657 1797 ed.
676 1770 789 1795 meae
804 1757 948 1797 Florid.
974 1760 1193 1811 adscripsit,

322 1826 556 1866 quamquam
598 1814 649 1851 de
692 1826 739 1852 ea
775 1812 876 1852 bene
919 1820 1090 1861 constat,
1144 1815 1192 1855 cf.

320 1870 453 1922 Kopp.
498 1870 548 1907 ad
591 1869 706 1909 Mart.
750 1870 900 1922 Capell.
944 1871 988 1911 ll.
1032 1874 1062 1924 ᾧ.
1106 1876 1196 1913 149.

320 1940 361 1979 p.
398 1930 479 1967 200
515 1939 576 1977 sq.
624 1925 708 1966 lntt.
745 1927 795 1965 ad
820 1928 967 1968 Arnob.
994 1928 1039 1967 ll.
1073 1943 1103 1967 c.
1132 1933 1184 1970 67

322 1983 434 2022 Tom.
460 1982 506 2023 ll.
530 1997 567 2034 p.
598 1986 688 2024 102.
715 1982 963 2024 Oreitlch.
980 1989 1045 2026 25.
1072 1985 1197 2024 Orell.

321 2040 411 2079 ibid.
437 2053 474 2091 p.
504 2042 595 2080 149.
644 2039 754 2079 Fest.
785 2054 818 2080 S.
838 2055 873 2081 v.
904 2055 941 2093 p.
968 2046 1021 2083 48
1048 2048 1087 2081 et
1112 2042 1198 2081 Intt.

321 2096 373 2136 ad
403 2096 441 2135 h.
467 2096 491 2135 l.
516 2110 557 2148 p.
588 2099 683 2137 391.
708 2096 888 2137 Lindem.
921 2098 1107 2151 Hartung.
1140 2100 1196 2137 in:

323 2153 462 2206 Reliy.
490 2153 530 2192 d.
558 2154 680 2193 Ram.
707 2152 754 2193 T.
774 2153 819 2193 ll.
845 2169 881 2206 p.
898 2160 961 2196 70.
987 2155 1074 2194 Nisi
1101 2155 1199 2194 forte

323 2209 389 2249 ille
408 2210 581 2261 respexit
599 2210 648 2248 ad
664 2209 1040 2261 Carthaginiensium
1073 2226 1199 2257 sacra,

324 2267 387 2317 qui
429 2265 548 2312 filias,
596 2270 805 2317 antequam
848 2269 1049 2320 iungerent
1091 2271 1198 2316 viris,

324 2322 503 2361 deflorari
532 2322 715 2362 volebant
739 2325 774 2361 in
800 2324 987 2364 honorem
1013 2326 1116 2364 illius
1140 2325 1198 2365 Iu-

323 2380 436 2419 nonis
450 2380 657 2427 s.Vestae;
683 2380 908 2431 cs.August.
929 2383 978 2420 de
995 2382 1101 2421 Civit.
1122 2383 1197 2421 Dei

323 2436 393 2475 IV.
428 2441 490 2477 10.
525 2436 602 2477 Cui
632 2438 753 2476 etiam
785 2438 1012 2479 Phoenices
1048 2442 1201 2480 (Ionum.

325 2493 485 2532 dabant
512 2494 566 2532 cle
590 2495 887 2545 prostitutione
907 2497 1106 2549 filiarum,
1132 2511 1199 2535 (ιη-

324 2555 486 2602 tequam
499 2550 717 2601 iztnyerenl
731 2564 796 2589 eas
813 2552 906 2591 ciris
918 2554 981 2590 ubi
1008 2553 1199 2592 cf.Vives.

323 2606 496 2645 adnotat.
553 2604 734 2644 Ceterum
773 2607 822 2644 (le
856 2608 1012 2648 Iunone
1046 2610 1199 2649 cinxia

325 2662 497 2702 Orientis
517 2667 756 2714 compertum
777 2663 868 2701 nihil
890 2665 1030 2704 habeo.
1057 2666 1200 2718 Neque

323 2733 418 2758 vero
450 2733 620 2758 necesse
653 2725 732 2765 est,
765 2725 805 2758 ut
830 2735 914 2759 cuni
942 2722 1122 2761 Oudend.
1149 2723 1199 2761 ad

326 2789 468 2828 graeca
504 2778 651 2828 scripta
686 2777 1041 2817 Alexandrinorum
1078 2780 1200 2831 respi-

326 2835 485 2873 ciamus.
518 2832 611 2871 luno
625 2833 750 2885 Zygia
762 2848 831 2886 pro
845 2848 951 2872 more
971 2849 1043 2873 suo
1058 2850 1200 2887 graece

326 2887 524 2941 expressit
547 2890 757 2941 Apuleius,
783 2903 898 2941 quam
923 2891 1051 2931 Latini
1079 2894 1200 2933 Luci-

325 2961 419 2985 nam
443 2946 726 2998 appellassent.
752 2947 885 2999 Magis
899 2950 1093 2987 assentior
1107 2950 1196 2987 Flo-

324 3002 395 3041 ridi
424 3003 663 3049 sententiae,
701 3005 835 3043 ort'ens
859 3003 922 3042 bic
945 3005 1198 3057 intelligentis

327 3059 376 3096 de
390 3060 567 3098 omnibus
582 3060 752 3112 populis,
762 3061 1198 3112 quipraeterRomanos

326 3112 510 3153 Iunonem
519 3120 760 3164 venerantur,
768 3118 1012 3169 potissimum
1023 3117 1201 3160 Graecis.

329 3172 392 3209 An
413 3172 513 3210 enim
535 3173 639 3223 apud
659 3174 870 3213 orientales
884 3176 1074 3228 coniugiis
1088 3190 1198 3227 prae-

1251 855 1330 892 sice
1355 858 1392 892 te
1416 853 1635 899 Lucinam,
1665 856 1778 906 quod
1804 856 1930 894 lucem
1954 868 2116 893 nascen-

1251 910 1355 949 tibus
1396 910 1545 949 tribues
1587 924 1638 949 ac
1681 911 1895 950 Lucetiam
1937 911 2122 950 convenit

1249 968 1514 1018 nuncupari).
1541 966 1586 1004 cf.
1614 966 1743 1020 Kopp.
1771 967 1820 1006 ad
1835 967 1949 1006 Mart.
1966 966 2117 1018 (Japell.

1250 1022 1323 1061 1.(1.
1350 1023 1491 1061 Donat.
1517 1023 1567 1061 ad
1593 1022 1748 1062 Terent.
1774 1024 1892 1062 Andr.
1921 1023 1964 1062 Π.
1991 1027 2029 1064 2.
2056 1027 2118 1063 15.

1252 1076 1364 1117 Dion.
1391 1078 1478 1117 Hal.
1500 1079 1567 1119 IV.
1587 1084 1624 1120 2.
1652 1080 1820 1131 Boettig.
1848 1079 1999 1131 {lithyia
2031 1094 2061 1118 c.
2085 1085 2121 1119 1.

1251 1134 1437 1186 Hartung.
1463 1137 1499 1174 in
1520 1135 1616 1174 libro
1638 1137 1658 1174 Ι.
1678 1151 1716 1188 p.
1737 1142 1800 1178 68.
1827 1137 1961 1176 Davis.
1977 1137 2026 1176 ad
2041 1135 2119 1176 Cic.

1252 1193 1302 1230 (le
1326 1191 1418 1231 Nat.
1445 1193 1494 1232 l).
1522 1191 1567 1231 11.
1595 1197 1658 1234 27.
1685 1208 1722 1246 p.
1749 1198 1842 1234 317.
1870 1192 2027 1246 Creuz.]

1308 1250 1361 1288 sis
1457 1250 1559 1288 luno
1574 1251 1754 1302 Sospita.
1781 1250 1967 1289 Pricaeus
1986 1249 2120 1288 maluit

1252 1306 1374 1345 adsis.
1401 1305 1546 1344 Notum
1560 1311 1638 1354 est,
1665 1308 1863 1346 adiutores
1883 1308 1982 1345 deos
1995 1319 2120 1358 saepe

1251 1363 1325 1401 dici
1351 1363 1502 1402 adesse.
1530 1363 1609 1401 Sed
1637 1377 1683 1401 eo
1710 1365 1928 1416 composito
1960 1364 2022 1402 hic
2046 1377 2121 1401 non

1253 1433 1352 1470 opus
1379 1423 1452 1457 est.
1501 1419 1568 1458 Ait
1599 1422 1698 1459 enim
1729 1420 1908 1472 Psyche:
1942 1419 2123 1459 Ostende

1251 1480 1290 1514 te
1314 1489 1407 1513 esse
1421 1475 1604 1515 Iunonem
1626 1478 1839 1528 Sospitam,
1864 1477 1955 1515 mihi
1977 1477 2035 1514 sis
2059 1489 2122 1515 so-

1251 1533 1371 1584 spita,
1397 1538 1437 1571 ut
1461 1533 1548 1571 aliis
1575 1547 1668 1572 esse
1694 1534 1815 1573 soles.
1866 1534 1915 1573 Et
1939 1537 2048 1585 patet
2072 1545 2122 1572 ex

1254 1589 1328 1627 hoc
1355 1589 1458 1633 loco,
1485 1595 1589 1628 recte
1610 1606 1631 1630 a
1650 1591 1803 1629 Latinis
1823 1591 1896 1629 (lici
1917 1591 2124 1642 Sospitam

1253 1645 1455 1689 lunonem.
1487 1661 1588 1698 quae
1614 1648 1702 1685 011111
1731 1652 1770 1685 et
1795 1648 2023 1698 praesertim
2046 1646 2122 1684 La-

1254 1703 1405 1741 nuvinis
1437 1704 1637 1742 dicebatur
1669 1706 1837 1756 Sispe'ta.
1889 1704 1936 1743 cf.
1969 1704 2020 1742 de
2049 1702 2125 1741 hac

1253 1761 1361 1798 vocis
1387 1760 1661 1812 orthographia
1687 1774 1786 1812 quos
1803 1761 1959 1800 laudant
1972 1760 2126 1810 Dausq.

1254 1821 1292 1854 et
1317 1817 1385 1856 Dr.
1411 1817 1459 1856 ad
1487 1817 1556 1855 Sil.
1584 1817 1784 1857 {tatxllt
1805 1821 1899 1858 364.
1926 1815 2125 1856 Liv.vm.

1259 1878 1320 1914 14.
1336 1873 1507 1912 Fabi-ott.
1518 1873 1634 1913 lnscr.
1651 1888 1684 1925 p.
1695 1878 1786 1915 698.
1803 1873 1871 1927 [es.
1880 1874 1965 1913 Liv.
1975 1872 2126 1912 XXIV.

1259 1935 1321 1970 10.
1347 1929 1516 1969 ΧΧΧΙΙ.
1532 1935 1595 1972 30.
1618 1931 1725 1970 Fest.
1747 1946 1779 1971 S.
1795 1945 1827 1969 v.
1854 1945 1891 1983 p.
1912 1934 2007 1972 262.
2034 1931 2126 1969 Sis-

1252 1988 1404 2039 pitem,
1430 1987 1658 2026 lunonem
1679 2003 1800 2041 quam,
1817 1989 1942 2041 rulyo
1965 1987 2127 2038 Sospi-

1257 2049 1344 2082 tcm.
1387 2044 1620 2095 appellant,
1663 2047 1822 2097 antiqui
1858 2044 2127 2097 usurpabant,

1259 2114 1348 2139 cum
1373 2114 1419 2139 ea
1448 2114 1526 2139 vox
1541 2114 1593 2139 stc
1605 2115 1764 2153 {Ji-acco
1780 2102 1967 2140 rideatur
1980 2105 2124 2145 sumta,

1261 2157 1375 2209 quod
1399 2162 1457 2196 est
1484 2153 1613 2204 σώζειν
1645 2158 1776 2209 ibique
1808 2162 1885 2196 not.
1934 2156 2063 2196 Ursini
2089 2160 2129 2195 et

1258 2213 1343 2252 lntt.
1370 2227 1405 2264 p.
1433 2218 1524 2254 713.
1551 2213 1730 2253 Lindem.
1757 2219 1796 2252 et
1815 2214 2004 2254 VMDD.
2028 2226 2129 2264 quos

1258 2269 1369 2307 affert
1401 2269 1534 2309 Creuz.
1567 2272 1615 2309 ad
1649 2271 1725 2309 Cic.
1759 2272 1810 2309 (le
1839 2270 1888 2310 N.
1920 2270 1969 2310 D.
2002 2269 2029 2309 Ι.
2062 2273 2130 2311 30.

1257 2341 1293 2379 p.
1314 2331 1403 2367 132.
1430 2326 1614 2366 lunonem
1640 2328 1737 2366 inter
1760 2328 1987 2367 Lanuvinos
2010 2327 2130 2379 potis-

1256 2385 1396 2421 simum
1423 2384 1566 2423 cultam
1593 2398 1687 2422 esse
1715 2389 1843 2422 notum
1871 2389 1941 2423 est.
1975 2384 2023 2423 cf.
2044 2383 2127 2424 lntt.

1259 2440 1308 2478 ad
1333 2441 1502 2491 Appian.
1530 2441 1579 2479 (le
1609 2440 1658 2480 B.
1685 2440 1724 2480 C.
1752 2441 1800 2480 Y.
1828 2445 1894 2482 24.
1941 2441 2129 2492 Hartung.

1260 2498 1351 2537 Hel.
1379 2499 1458 2537 der
1484 2499 1605 2537 Ji'b'm.
1633 2496 1746 2536 Toni.
1774 2496 1818 2536 Π.
1847 2512 1881 2549 p.
1909 2498 1992 2550 64]

1314 2554 1416 2593 sales
1443 2554 1772 2607 praeqnanlae'bus
1798 2554 2131 2607 per1'clitantibus

1256 2613 1368 2652 ultro
1375 2611 1592 2649 subvenire.
1603 2610 1762 2648 was-sei
1779 2624 1893 2662 quum
1905 2611 2133 2663 displiceret

2204 151 2214 277 l

2205 417 2210 471 ε’

2207 1700 2212 1774 ἐ

2208 1837 2212 1858 ἰ

2208 1868 2212 1883 .

1258 2667 1467 2707 earundem
1510 2668 1819 2705 terminationum
1861 2669 2052 2707 nautibus
2093 2671 2134 2706 et
2208 2679 2210 2719 j

1260 2724 1435 2765 trudibus
1452 2725 1626 2776 repetitio
1643 2738 1742 2775 quae
1757 2726 1957 2762 insuavem
1971 2724 2131 2762 auribus

1259 2795 1397 2820 sonum
1426 2780 1639 2824 efficerent,
1659 2782 1964 2833 praeynatibus
1987 2780 2132 2818 substi-

1259 2840 1341 2877 tuit.
1391 2837 1524 2889 [Quae
1548 2838 1742 2876 sententia
1766 2837 1856 2875 mihi
1882 2838 2040 2888 quidem
2066 2849 2129 2875 ve·

1259 2894 1431 2933 risiinilis
1451 2895 1602 2932 videtur
1616 2907 1723 2933 esse.
1754 2893 1790 2931 N
1795 2908 1841 2931 on
1855 2894 1985 2932 solum
1999 2892 2130 2932 Plaut.

1256 2951 1371 2990 Truc.
1392 2950 1416 2989 Ι.
1437 2955 1476 2992 2.
1495 2956 1561 2997 95,
1586 2951 1659 2989 sed
1683 2951 1796 2988 etiam
1824 2950 1968 2989 Fronto
2001 2949 2127 3002 Epist.

1256 3008 1307 3046 ad
1328 3007 1442 3046 Caes.
1468 3007 1534 3046 lv.
1557 3011 1592 3048 6.
1613 3021 1651 3058 p.
1666 3009 1758 3048 104.
1779 3007 1839 3046 cil.
1855 3007 1969 3046 Rom.
1990 3007 2130 3046 eadem

1259 3064 1382 3103 forma
1417 3078 1513 3103 usus
1539 3068 1618 3102 est:
1655 3077 1745 3103 ειιηι.
1770 3065 1954 3104 maeleim
1980 3078 2131 3117 caepas
2204 3103 2207 3115 y

1259 3126 1298 3161 et
1333 3135 1494 3161 maenas
1536 3121 1650 3159 bene
1687 3122 1985 3172 praeynacis
2025 3121 2130 3160 alios
2204 3116 2206 3153 Ῐ

1258 3179 1443 3217 vorantis
1456 3178 1642 3218 viderem.
1669 3176 1750 3216 Sed
1764 3182 1857 3228 puto
1872 3177 2129 3219 accuratiores
