2155 3590
631 186 821 227 LIBER
857 187 954 227 Vll.

1015 187 1144 227 CAP.
1176 186 1249 226 XI.
1763 189 1840 231 561

46 296 204 353 apponit
225 297 385 348 scitule,
413 298 482 338 sed
506 298 715 354 praecipue
740 299 890 354 poculis
915 299 1067 341 crebris
1092 298 1383 354 grandibusque
1407 299 1586 353 singulos
1611 301 1841 355 ingurgitat.

46 435 158 465 saccale
169 444 282 466 omnes
294 438 365 466 edd.
378 440 455 466 vett.
469 441 598 472 praeter
609 440 693 467 Iunt.
706 440 737 467 2.
752 439 856 468 (Tulin.
869 439 966 467 Vulc.
982 441 995 467 1
1004 461 1011 468 .
1025 439 1166 468 Scriver.
1179 441 1216 468 In
1228 446 1301 468 mea
1313 439 1363 468 ed.
1376 438 1505 468 Vicent.
1519 442 1698 468 correctum
1710 443 1758 468 est
1778 440 1847 468 sei-

47 480 124 511 mle.
148 480 300 510 satullat
310 483 404 511 Vulc.
418 484 450 511 2.
475 482 601 510 satulle
615 484 706 512 colv.
733 482 835 512 situle
848 485 884 512 G.
898 486 929 512 2.
943 485 981 512 D.
1025 483 1159 521 poculis
1173 486 1209 513 G.
1223 486 1255 513 2.
1298 482 1509 522 grandisque
1528 486 1565 512 G.
1589 486 1618 513 1.
1644 483 1728 518 (non
1739 492 1846 522 gran-

45 525 159 565 dique,
184 530 220 556 ut
232 527 267 555 in
278 528 443 563 excerptis
456 531 526 557 erat
538 528 638 563 oud.)

46 642 87 676 et
108 637 407 677 concinnare
432 638 599 677 (licitur.
620 637 695 676 Cic.
710 638 745 676 in
761 637 868 676 Orat.
879 643 914 679 6.

46 692 77 741 ξ.
104 697 175 733 21:
213 693 290 732 Est
318 698 450 732 mitem
482 695 651 746 quidam
680 695 916 734 interiectus

45 750 151 789 inter
175 750 254 788 lioc
277 750 432 789 medius
456 755 494 789 et
520 751 637 802 quasi
659 755 915 802 temperatus,

45 820 121 845 nec
145 807 330 846 acumine
348 807 626 857 posteriorum
650 820 724 845 nec
739 807 916 859 fulmine

45 866 160 901 utens
183 863 451 913 superiorum,
475 868 520 902 ut
545 865 688 902 cinnus
712 863 921 901 amborum

48 917 170 968 {hane
194 919 294 955 enim
320 917 527 957 lectionem
552 933 639 957 cum
663 918 751 957 aliis
763 918 918 970 probo}

45 972 264 1024 Utrumque
277 975 377 1013 bene
390 979 524 1026 potest
536 976 728 1025 coniungi.
757 973 921 1026 Propria

46 1029 160 1069 huius
191 1032 299 1069 vocis
329 1031 557 1081 significatio
590 1032 712 1069 estin
738 1044 920 1069 acervum

45 1090 214 1132 struere,
251 1099 486 1138 componere
511 1101 534 1125 a
559 1089 703 1127 cinnus
733 1086 922 1133 cumulus,

47 1143 154 1193 quod
176 1143 409 1182 vocabulum
434 1145 547 1182 etiam
571 1147 762 1182 testantur
787 1142 924 1182 Gloss.

45 1197 202 1238 Philox.
233 1213 272 1251 p.
298 1203 363 1240 38.
402 1201 544 1239 cinnus
579 1202 719 1250 νεῦμα,
750 1199 816 1238 ubi
848 1198 923 1236 sor-

46 1260 157 1294 tasse
181 1259 281 1306 νῆμα
306 1256 514 1306 legendum
540 1259 626 1302 est,
657 1269 681 1293 a
706 1255 825 1293 verbo
849 1253 918 1294 νέω

47 1312 255 1350 cumulare
277 1315 343 1350 aut
375 1315 499 1364 χῶμα,
524 1315 564 1350 et
593 1312 683 1362 quia
711 1325 789 1355 res,
821 1323 923 1360 quae

45 1368 303 1413 cumulantur,
339 1370 455 1406 etiam
490 1371 586 1406 iuter
610 1380 655 1406 se
696 1368 920 1412 miscentur,

45 1424 235 1475 signifieat
267 1425 436 1474 potionis
473 1437 599 1475 genus
636 1436 687 1460 ex
716 1423 850 1461 multis
880 1422 921 1459 li-

47 1480 233 1530 quoribus
257 1480 488 1526 consectum,
514 1484 596 1518 tum
621 1492 857 1531 componere
882 1482 922 1517 et

46 1535 254 1575 artificiose
290 1536 436 1587 aliquid
472 1536 661 1575 conficere
697 1535 747 1575 cf.
783 1535 921 1574 Gloss.

45 1590 202 1631 Philox.
226 1605 263 1643 p.
288 1597 354 1633 45.
381 1594 643 1638 concinnare,
667 1594 921 1644 στερροποιεϊ,

47 1650 108 1688 ἐπὶ
136 1644 331 1700 συμφώνῳ
367 1647 591 1701 συγκαττύει
635 1650 700 1688 καὶ
730 1650 931 1700 <inhonesti

48 1706 113 1744 καὶ
141 1702 407 1753 συσκευάζεται
438 1706 575 1745 GIOSS.
607 1704 739 1756 Cyrill.
764 1718 803 1757 p.
830 1708 924 1745 617.

47 1758 267 1813 συγκαττύω
309 1763 513 1802 concinno
555 1766 594 1800 et
636 1762 773 1801 Gloss.
809 1760 925 1800 Vulc.

47 1832 86 1870 p.
102 1822 166 1859 28.
193 1819 396 1857 concinno
421 1815 654 1871 σι’ναρμὸζω.
674 1817 794 1870 Apud
808 1816 925 1855 Plau-

47 1878 128 1913 tum
159 1874 242 1912 fere
267 1887 426 1927 semper
451 1876 721 1914 concinnare:
757 1873 926 1920 efficere,

48 1930 198 1976 faeere,
227 1931 395 1971 reddere
421 1935 460 1969 et
482 1944 621 1983 parare
646 1930 855 1981 significat,
885 1933 929 1968 ut

48 1987 164 2026 Asin.
187 1986 217 2026 I·.
242 1991 280 2027 3.
306 1991 370 2028 64.
410 1987 582 2038 Amphit.
608 1986 636 2025 I.
662 1991 700 2027 3.
726 1991 792 2026 31.
816 1986 863 2025 Il.
890 1990 926 2026 2.

52 2047 145 2083 104.
177 2041 286 2094 Capt.
312 2042 377 2082 ΠΙ.
403 2048 440 2083 4.
466 2047 530 2084 69.
557 2042 624 2081 IV.
651 2047 689 2083 2.
716 2047 782 2084 39.
815 2041 928 2080 Truc.

50 2098 119 2138 IV.
141 2102 178 2139 3.
200 2103 264 2139 19.
287 2098 438 2138 Rud.1.
459 2104 497 2140 2.
517 2103 555 2139 8.
581 2099 704 2137 Stich.
723 2098 770 2137 ΙΙ.
794 2103 828 2138 1.
852 2102 930 2143 13„

51 2158 92 2193 et
127 2156 180 2193 ita
215 2156 464 2194 concinnare
488 2169 529 2194 se
559 2155 681 2194 levem
711 2156 792 2195 suis
824 2153 928 2193 Trin.

50 2210 116 2250 Ill.
143 2215 179 2252 2.
200 2215 266 2251 58.
325 2209 488 2262 Propria
513 2223 587 2249 sua
611 2211 856 2250 cumulandi
879 2210 931 2247 si-

51 2266 297 2318 gnificatione
332 2267 476 2305 dictum
511 2266 604 2304 mihi
639 2267 790 2305 videtur
826 2266 931 2318 apud

49 2322 180 2362 Plaut.
216 2323 324 2362 Men.
360 2322 387 2361 I.
423 2327 457 2363 1.
489 2327 554 2364 26.
592 2328 727 2362 tantas
761 2324 931 2362 struices

53 2380 324 2420 concinnat
335 2381 575 2431 patinarias
589 2379 636 2417 ef.
652 2379 703 2417 du
718 2378 837 2430 Cang.
852 2392 930 2416 s.v.

53 2437 306 2475 concinnare
342 2439 381 2474 et
416 2437 703 2475 concinnatim
738 2449 858 2474 voces
895 2435 932 2473 in

54 2492 326 2532 luminaribus
361 2493 382 2530 i.
409 2506 442 2530 e.
480 2493 584 2530 fiscis
622 2491 831 2530 Ecclesiae
865 2505 934 2543 po-

53 2548 246 2587 tissimum
265 2552 477 2599 usurpatae
491 2551 580 2586 cett.
606 2547 715 2586 Idem
735 2548 840 2598 quod
852 2562 933 2599 συγ-

52 2601 204 2644 nanim
239 2605 431 2644 conficere
467 2604 660 2655 signifieat
702 2605 807 2655 apud
844 2617 934 2642 euu-

53 2660 146 2699 dem
169 2661 379 2700 Menaech.
400 2660 464 2700 III.
488 2665 524 2702 2.
547 2665 585 2702 2.
606 2661 769 2713 pallam
795 2661 934 2712 lepide

54 2718 403 2757 concinnatam
427 2721 608 2771 referam
633 2718 718 2756 tibi.
746 2717 794 2755 V.
818 2721 852 2756 1.
868 2720 933 2757 38.

57 2766 176 2812 elidit
194 2774 281 2812 alia
294 2774 452 2819 mulier,
472 2779 519 2813 ut
537 2773 934 2812 concinnandum

56 2828 208 2868 [larem.
255 2828 407 2868 Eadem
427 2831 575 2869 ratione
596 2828 822 2880 ‹lixitApul.
838 2828 933 2866 Met.

54 2883 145 2923 Vll.
167 2897 205 2935 p.
225 2890 319 2927 497.
380 2887 439 2926 Et·
461 2886 641 2925 cadaver
667 2885 832 2938 quidem
856 2885 935 2924 dis-

55 2940 171 2979 iectis
188 2942 377 2992 partibus
390 2943 553 2982 tandem
572 2946 699 2981 totum
717 2946 936 2993 repertum,

59 3009 264 3048 aegreque
277 3012 299 3036 c
309 3012 333 3037 o
341 3013 367 3037 n
376 3013 398 3038 c
407 3001 422 3037 i
428 3014 454 3038 n
463 3014 489 3037 n
498 3013 522 3038 a.
532 3003 548 3036 t·
556 3014 582 3037 u
590 3012 627 3036 m
639 2998 791 3037 ibidem
805 3002 939 3036 terrae

60 3051 225 3091 dedere.
261 3052 442 3093 Ceterum
473 3055 577 3105 apud
604 3053 815 3105 Apuleium
840 3053 941 3091 haec

59 3120 139 3145 vox
169 3107 252 3146 sere
280 3123 436 3162 semper
467 3111 789 3159 significationem
819 3110 941 3148 habet

58 3164 263 3213 parandi,
305 3167 535 3208 instruendi
583 3166 632 3205 cs.
670 3166 735 3206 Ill.
773 3179 810 3217 p.
847 3169 937 3206 197.

974 653 1171 691 αηῃονωη
1190 641 1307 679 istum
1331 640 1407 679 tibi
1432 641 1755 680 concinnasse
1778 638 1845 678 vl.

973 708 1010 745 p.
1043 699 1136 735 428.
1173 710 1295 735 scena
1330 697 1389 735 sic
1426 697 1724 735 concinnata
1760 694 1845 733 Ul.

973 755 1114 801 p.486.
1130 753 1316 804 querelas
1329 752 1559 792 huiusmodi
1583 767 1606 791 c
1617 765 1673 790 on
1683 753 1853 791 cinnat

974 807 1078 845 VIII.
1110 821 1150 859 p.
1175 812 1270 848 539.
1303 809 1417 861 quod
1443 809 1739 860 fraudulentas
1769 821 1850 846 anz-

980 863 1105 916 bayes
1130 865 1172 902 in
1195 878 1322 904 meum
1355 865 1675 903 concinnavit
1698 865 1853 904 exitum

977 917 1028 956 X.
1042 933 1080 970 p.
1097 924 1190 960 701.
1219 921 1290 972 qui
1309 934 1441 972 panes
1465 925 1503 959 et
1525 921 1714 959 mellita
1742 933 1852 959 con-

979 977 1216 1015 cinnabat
1244 977 1397 1016 edulia.
1456 976 1498 1015 In
1530 977 1671 1015 ceteris
1695 974 1856 1027 Apuleii

979 1030 1086 1069 libris
1124 1036 1278 1083 praeter
1307 1032 1645 1084 Meta-morphosin
1682 1032 1756 1071 hoc
1786 1046 1856 1069 vo-

982 1088 1164 1126 cabulum
1193 1102 1269 1126 non
1298 1090 1498 1139 reperitur.
1557 1088 1665 1126 Idem
1691 1089 1856 1127 vocabu-

981 1143 1058 1182 lum
1075 1144 1178 1195 apud
1191 1144 1406 1183 Arnobium
1419 1146 1559 1196 legitur
1571 1144 1615 1183 Π.
1633 1149 1695 1185 18.
1733 1145 1858 1184 Nunc

981 1214 1077 1238 cero
1100 1202 1222 1251 inops
1245 1202 1328 1240 vita
1353 1206 1391 1240 et
1421 1201 1640 1241 multarum
1664 1202 1858 1253 indiyens

981 1270 1132 1301 rerum,
1161 1259 1343 1307 fortuita.
1374 1258 1630 1308 conspiciens
1655 1258 1857 1309 quaedam

983 1313 1239 1351 commodule
1257 1314 1492 1364 provenire,
1531 1314 1626 1352 daim
1661 1314 1857 1357 imitatur,

980 1369 1196 1418 experitur
1228 1374 1266 1406 et
1296 1373 1442 1413 tentat,
1474 1370 1572 1408 dum
1597 1370 1767 1414 labitur,
1798 1383 1857 1407 re-

976 1427 1136 1476 format
1159 1428 1198 1462 ct
1214 1425 1398 1463 immutat
1422 1427 1479 1473 (et
1498 1430 1656 1476 propter
1674 1426 1750 1463 loci
1770 1439 1857 1463 con-

979 1479 1200 1518 cinnitatem
1225 1480 1447 1518 addendum
1473 1480 1537 1518 vel
1562 1486 1601 1520 et
1622 1485 1713 1519 ante
1733 1486 1861 1520 tentat

980 1537 1211 1574 eiiciendum
1242 1550 1337 1574 esse
1367 1537 1479 1587 puto)
1510 1551 1564 1576 ex
1593 1538 1766 1577 assidua
1800 1551 1859 1576 rc-

975 1592 1251 1644 prebens-ione
1280 1607 1439 1644 parvas
1473 1595 1552 1632 sibi
1589 1599 1627 1632 ct
1658 1595 1860 1633 concin—

983 1649 1122 1688 navit
1151 1650 1303 1688 artium
1335 1651 1404 1699 (ita
1435 1663 1486 1687 ex
1510 1650 1596 1689 cod.
1622 1654 1661 1688 et
1686 1650 1774 1688 edd.
1798 1663 1865 1687 ve-

984 1706 1112 1755 stigiis
1144 1705 1330 1753 emendo3
1373 1705 1494 1744 0ud.:
1522 1708 1693 1758 parat-[t
1721 1707 1798 1745 sibi.
1828 1712 1866 1745 et

985 1762 1284 1810 concinnavit.)
1310 1763 1546 1801 scientiolas
1562 1764 1724 1808 artium,
1751 1768 1790 1801 et
1807 1763 1866 1802 acl

986 1831 1119 1856 rerum
1164 1818 1273 1866 (eod.
1312 1822 1458 1867 unum)
1491 1820 1645 1858 exitum
1675 1819 1866 1871 tempori-

986 1873 1060 1912 bus
1084 1875 1350 1913 coemendata
1372 1875 1588 1926 perduxit.
1638 1874 1692 1913 Ut
1710 1889 1866 1928 parvas

985 1929 1222 1969 scientiolas
1248 1930 1460 1976 Arnobius,
1501 1931 1556 1968 ita
1589 1930 1692 1970 Plin.
1730 1931 1779 1970 H.
1814 1931 1865 1970 N.

987 1984 1058 2023 XI.
1083 1989 1234 2029 37449.
1261 1987 1371 2024 dixit:
1405 1986 1594 2025 Omnium
1618 1988 1785 2026 cerebro
1810 1989 1867 2026 in-

987 2046 1082 2080 sunt
1094 2043 1313 2082 ossicula
1327 2056 1448 2094 parv
1461 2058 1487 2082 (ι
1503 2043 1604 2082 Gell.
1620 2043 1687 2081 VI.
1705 2049 1738 2084 1.
1754 2046 1784 2094 Q.
1803 2049 1865 2084 10.

987 2102 1034 2136 ut
1057 2099 1295 2137 tenuissimis
1319 2100 1566 2151 minutisque
1593 2101 1777 2140 ossiculis
1802 2114 1868 2140 ca-

983 2158 1066 2205 put
1107 2155 1403 2206 compinyeret.
1475 2154 1552 2194 Cic.
1595 2157 1632 2194 in
1682 2160 1776 2194 orat.
1819 2157 1866 2194 ad

991 2208 1130 2255 Quirit.
1161 2214 1197 2250 8.
1230 2225 1389 2263 parva
1414 2213 1647 2252 navicula
1672 2214 1869 2252 traiectus

988 2267 1033 2304 in
1054 2265 1259 2318 AfrIcam.
1308 2266 1363 2305 ld.
1385 2267 1435 2305 de
1455 2267 1546 2307 Nat.
1561 2268 1612 2307 D.
1627 2268 1674 2308 ll.
1687 2273 1754 2309 48.
1805 2269 1870 2308 Ita

991 2336 1082 2360 cum
1119 2324 1366 2374 pisciculi
1401 2326 1552 2375 parvi
1591 2327 1634 2364 in
1671 2327 1870 2365 concham

991 2378 1170 2417 hiantem
1183 2380 1470 2420 innatat-erint.
1487 2380 1557 2420 Asc
1569 2395 1704 2421 verum
1717 2384 1870 2422 exitum

992 2435 1185 2485 significat
1219 2436 1271 2491 ati
1306 2449 1394 2474 eam
1430 2437 1730 2487 perfectionem,
1768 2451 1870 2489 quae

991 2490 1081 2530 sola
1104 2492 1229 2542 proba
1253 2496 1328 2538 est,
1355 2505 1457 2542 quae
1481 2493 1652 2546 sufficit]

1049 2548 1205 2587 scitule.
1266 2547 1397 2594 Quum
1433 2563 1572 2588 omnes
1605 2554 1761 2588 veteres
1792 2551 1871 2588 edi-

990 2603 1120 2642 tiones
1144 2605 1276 2644 satulc
1293 2605 1494 2651 haberent,
1520 2605 1704 2645 Beroald.
1725 2608 1872 2657 primus

994 2663 1096 2706 erat,
1127 2661 1192 2711 qui
1223 2674 1246 2698 e
1275 2661 1499 2700 coniectura
1529 2662 1687 2712 protulit
1715 2664 1871 2707 scitule,

993 2729 1110 2766 quam
1147 2717 1461 2756 emendationem
1499 2732 1636 2756 omnes
1673 2719 1785 2757 codd.
1816 2720 1874 2756 fir-

991 2776 1110 2812 mant.
1137 2772 1356 2812 Gulielmus
1375 2773 1638 2813 Verisim.111.
1656 2779 1732 2821 13..
1758 2788 1874 2826 quem

996 2828 1156 2867 Colvius
1186 2833 1349 2868 secutus
1381 2834 1462 2875 est,
1498 2830 1684 2880 praetulit
1713 2832 1874 2877 satulle,

996 2885 1101 2935 quod
1117 2884 1279 2923 Colvius
1291 2886 1471 2936 probavit
1485 2899 1534 2923 ex
1549 2886 1687 2925 Gloss.
1701 2888 1758 2938 (p.
1773 2890 1874 2937 342)

996 2942 1170 2981 satullus
1194 2955 1278 2980 sum
1304 2940 1543 2994 κεκόρεσμαι,
1568 2942 1733 2981 Varron.
1759 2943 1810 2982 R,
1825 2944 1874 2984 R.

997 2996 1042 3034 11.
1070 3001 1106 3037 2.
1165 2998 1263 3036 Hoc
1288 2999 1396 3036 idem
1418 2999 1586 3050 faciunt
1608 3013 1742 3045 manc,
1768 3005 1876 3039 ante-

1000 3067 1121 3105 quam
1150 3058 1298 3093 „nares
1326 3054 1370 3092 in
1397 3054 1598 3106 pabulum
1628 3061 1795 3102 exeant,
1831 3062 1876 3096 ut

999 3109 1102 3160 ayni
1137 3109 1313 3149 satulli
1345 3112 1450 3162 siant
1487 3110 1612 3157 lacte,
1650 3111 1740 3150 eod.
1772 3113 1874 3165 apud

998 3164 1102 3203 Non.
1127 3179 1164 3217 p.
1190 3169 1282 3206 171.
1313 3168 1396 3218 περὶ
1422 3164 1617 3218 αἰρέσεωντ
1661 3168 1807 3221 Neque
1833 3170 1877 3207 in

1505 3233 1560 3273 36
