2155 3590
651 170 835 210 LIBER
866 171 916 210 X.
976 169 1106 210 CAP.
1134 170 1230 209 XV.
1758 169 1839 210 913

59 281 239 337 petituri,
273 281 416 322 clausis
447 294 501 322 ex
530 295 638 323 more
668 282 840 333 foribus,
873 296 942 336 per
967 282 1172 336 quamdam
1195 280 1387 321 modicam
1412 294 1622 322 cavernam
1646 280 1841 321 rimantur

57 352 119 379 me
142 337 286 392 passim
311 337 500 392 expositis
526 339 648 392 epulis
672 338 953 379 inhaerentem.
1010 337 1097 379 Nec
1121 337 1201 378 ulla
1225 351 1320 377 cura
1343 337 1421 377 iam
1453 337 1583 377 damni
1607 336 1668 377 sui
1691 336 1839 388 habita,

57 394 189 435 mirati
211 400 481 434 monstruosas
507 395 609 434 asini
633 394 792 435 delicias
815 395 900 435 risu
923 394 1097 434 maximo
1122 393 1413 447 dirumpuntur,
1445 400 1664 446 vocatoque
1693 407 1771 433 uno
1802 399 1843 433 et

57 450 182 491 altero
206 463 252 491 ao
276 450 364 490 dein
388 450 562 504 pluribus
588 465 812 502 conservus,
840 451 1110 491 demonstrant
1132 449 1331 489 infandam
1356 456 1574 490 memoratu
1603 449 1753 490 hebetis
1782 449 1842 490 iu-

56 506 178 547 menti
209 507 354 561 gulam.
413 506 566 547 Tantus
594 507 762 561 denique
793 520 838 547 ac
869 513 949 546 tam
979 506 1152 546 liberalis
1184 505 1397 545 cachinnus
1429 512 1591 545 cunctos
1621 505 1840 557 invaserat,

63 561 71 615 Ι
91 569 135 603 ut
157 563 206 603 ad
230 575 347 603 aures
371 576 521 616 quoque
546 563 833 617 praetereuntis
857 563 1083 616 perveniret
1106 560 1268 602 domini.

51 711 205 750 potituri
215 714 252 741 G.
268 714 296 742 1.
334 721 352 739 ο
371 715 411 741 ab
431 714 542 741 eadem
559 720 658 742 manu
677 714 854 742 emendato.
901 711 1119 741 cavernulam
1134 714 1171 741 L.
1191 713 1287 741 Vulc.
1300 712 1413 740 U'ow.
1426 710 1515 740 Prie.
1540 711 1603 739 Sed
1624 714 1696 740 cett.
1710 712 1799 740 codd.
1813 716 1844 741 et

59 758 128 787 edd.
143 765 323 785 cavernam
334 779 342 793 ,
367 759 449 791 quod
462 758 514 786 hic
528 759 773 792 praeferendum
786 763 851 795 est,
876 759 1038 786 exhibent.
1062 759 1149 785 Idem
1170 759 1279 791 probat
1294 759 1392 785 Mero.
1407 757 1448 784 ad
1460 758 1539 784 Non.
1555 764 1585 790 p.
1599 757 1673 784 698.
1689 758 1738 784 ed.
1752 757 1843 792 Lips.

57 806 200 831 nostrum
213 804 322 831 locum
335 803 451 831 citans.
499 803 620 830 miraei
630 812 692 831 non
707 806 865 837 comparet
878 803 911 831 in
926 801 947 831 f.
994 804 1204 829 monstrosas
1217 803 1284 830 cod.
1299 803 1464 830 Petrarch.
1476 802 1560 829 Iunt.
1575 802 1604 829 1.
1620 802 1650 830 ⁴2.
1664 802 1739 829 ΑΜ.
1753 802 1843 830 cf.ad

58 850 135 876 Met.
148 848 188 877 V.
207 856 238 882 p.
259 849 334 876 350.
380 850 590 875 monstrosas
609 856 665 882 pro
684 856 770 877 more
790 849 826 876 G.
849 849 876 876 1.
923 846 1006 875 rt'ae‘u
1025 848 1063 875 D.
1110 849 1297 883 vocatoque
1316 854 1380 874 uno
1398 845 1440 873 ab
1459 845 1572 873 allero
1591 845 1614 875 f.
1656 848 1845 883 vocataque

57 892 161 919 etiam
179 891 290 920 altero
309 900 339 927 p.
381 896 502 920 vocato
522 900 651 930 unoque
669 895 704 920 et
722 892 833 920 altero
851 895 934 922 Iunt.
949 894 978 920 2.
1003 894 1041 921 In
1059 893 1129 921 edd.
1148 895 1223 920 ante
1243 892 1334 920 Colv.
1354 895 1445 920 ceth:
1471 893 1658 927 vocatoque
1676 893 1711 918 et
1722 890 1846 918 allero.

58 935 133 964 dein
146 938 181 966 F.
195 939 225 967 3.
241 946 270 972 p.
285 942 315 966 et
328 939 397 966 edd.
411 940 485 966 anie
499 939 588 966 Colv.
613 936 652 964 de
665 936 860 974 fmpIurz'bus
874 939 910 966 G.
926 939 954 966 1.
982 936 1012 964 ῆι
1023 937 1069 974 in,
1095 937 1177 971 quod
1192 944 1246 971 pro
1259 934 1333 964 dein
1347 945 1388 965 ex
1401 937 1474 965 suis
1486 937 1649 970 excerptis
1669 938 1705 964 G.
1718 938 1749 965 2.
1765 939 1793 964 et
1808 937 1845 964 P.

58 983 139 1011 Oud.
154 984 300 1017 protulit.
327 987 410 1011 certe
423 984 456 1011 in
471 985 505 1012 G.
521 985 549 1012 2.
565 991 628 1011 non
641 984 775 1018 legitur,
799 983 858 1011 sed
871 980 948 1010 z'nd’.
984 982 1017 1009 1¹11
1031 985 1078 1010 est
1094 982 1127 1010 in
1140 983 1179 1009 Ι).
1214 980 1356 1018 denique
1369 983 1404 1010 B.
1452 979 1701 1008 demonstravit
1719 983 1754 1009 G.
1773 982 1799 1010 1.
1813 982 1845 1009 2.

57 1028 93 1056 0.
108 1029 145 1056 11.
158 1029 197 1056 D.
244 1027 336 1055 asim·
352 1035 407 1062 pro
425 1027 567 1055 iumenti
583 1025 612 1056 ὃ.
632 1036 650 1056 e
668 1030 787 1063 glossa.
833 1029 937 1064 atque
957 1029 993 1056 G.
1007 1028 1037 1055 1.
1051 1028 1087 1055 Ο.
1139 1029 1207 1053 tam
1226 1034 1290 1055 non
1309 1030 1357 1055 est
1371 1027 1404 1054 in
1418 1034 1449 1060 p.
1496 1024 1648 1054 liberalis
1661 1023 1847 1053 cachinnus

57 1073 95 1101 F.
111 1073 139 1101 ·1.
154 1074 183 1100 3.
198 1073 233 1101 B.
248 1076 277 1101 et
291 1074 360 1101 edd.
375 1080 484 1101 omnes
498 1077 624 1107 praeter
637 1073 725 1102 Colv.
739 1074 833 1102 Vulc.
847 1074 956 1101 XVow.
970 1072 1054 1101 Prie.
1065 1093 1072 1107 ,
1099 1072 1153 1106 qui
1171 1072 1308 1099 coniecit
1326 1072 1424 1099 etiam
1441 1070 1606 1098 iocularis
1618 1073 1671 1100 vel
1684 1069 1847 1099 socundus

57 1124 224 1151 perperam
237 1122 267 1146 et
280 1118 378 1146 nimis
391 1124 411 1146 a
423 1121 486 1147 Ms.
499 1119 627 1147 abiens.
649 1120 686 1146 In
699 1118 742 1146 iis
754 1118 825 1146 edd.
839 1120 888 1146 est
906 1116 990 1144 liber
1002 1114 1187 1144 cachinnus
1197 1137 1204 1151 ,
1229 1118 1310 1150 quod
1331 1117 1427 1144 eliani
1445 1117 1616 1145 RuhnKen.
1637 1120 1750 1145 contra
1767 1117 1846 1144 Oud.

57 1163 268 1197 sententiam,
294 1163 349 1196 qui
360 1162 428 1190 ioci
438 1165 569 1198 probat,
591 1163 749 1191 exhibuit.
773 1161 857 1190 liber
868 1161 951 1190 iocis
965 1159 1060 1190 cach.
1073 1163 1109 1190 P.
1136 1161 1253 1196 (etiam
1266 1161 1299 1189 in
1313 1162 1474 1195 excerptis
1493 1162 1535 1189 ad
1552 1168 1654 1196 marg.
1673 1162 1722 1190 ed.
1737 1161 1847 1196 cols.)

58 1205 158 1234 liberi
173 1207 241 1234 ioci
256 1205 352 1236 caela.
372 1209 409 1236 R.
430 1207 450 1237 f.
471 1215 531 1236 nec
549 1215 625 1235 vero
641 1208 677 1236 in
698 1209 734 1236 G.
756 1209 785 1236 1.
798 1211 827 1236 et
841 1208 891 1244 2.‚
917 1211 951 1235 ut
970 1207 1112 1235 enotavit
1132 1207 1228 1241 Oud.;
1253 1207 1308 1240 qui
1325 1213 1398 1240 cum
1417 1208 1452 1235 0.
1473 1203 1502 1235 δ.
1522 1206 1602 1234 Coll.
1619 1207 1715 1235 voss.
1728 1208 1845 1234 liabent

59 1250 143 1279 liber
155 1253 222 1280 ioci
231 1250 427 1280 cachinnus.
475 1250 658 1280 cachinnus
671 1254 708 1280 G.
723 1253 752 1281 1.
795 1252 1017 1288 praeveniret
1028 1254 1113 1280 male
1128 1260 1156 1285 p.
1205 1250 1251 1278 ad
1269 1251 1541 1286 praepositionem
1559 1258 1624 1279 non
1637 1252 1784 1286 agnoscit
1799 1248 1828 1279 δ.
1838 1272 1847 1284 ,

58 1303 154 1330 quam
167 1297 301 1331 ellipsin
314 1298 392 1325 Oud.
405 1299 517 1331 probat
530 1305 573 1325 ex
584 1299 662 1324 Met·
676 1298 701 1325 1.
716 1305 746 1331 p.
759 1298 813 1324 24.
833 1296 1031 1333 proximam
1055 1295 1189 1324 civita
1198 1298 1273 1323 tcm
1291 1294 1530 1332 perveneritis.
1571 1295 1850 1332 praetereundis

59 1342 95 1369 G.
111 1343 140 1370 1.
159 1345 303 1378 praeter
315 1344 452 1370 cunctos
465 1349 521 1376 pro
530 1342 785 1378 praetereuntis
798 1338 828 1370 ὃ.

60 1476 161 1507 mas,
184 1462 327 1501 nimios
341 1462 464 1514 prior
483 1461 586 1501 lmra
602 1475 770 1513 vapores
782 1458 923 1501 Halat.

61 1517 222 1557 Tertull.
235 1518 286 1556 de
304 1517 424 1557 Ieiun.
444 1521 544 1559 169:
571 1519 700 1570 Apud
725 1518 925 1570 quasdam

60 1587 154 1613 cero
190 1575 374 1613 colonias
410 1579 627 1627 praeterea
669 1587 806 1613 annuo
840 1575 925 1614 ritu

60 1628 334 1670 saccis‘celuti
358 1635 396 1669 et
419 1631 552 1669 cinere
572 1631 780 1682 conspersi
799 1630 925 1669 idolis

61 1688 143 1726 suis
194 1684 388 1726 incidiam
439 1685 665 1738 supplicem
718 1686 925 1726 obiiciunt.

62 1743 227 1782 Balnea
246 1747 285 1781 et
296 1742 562 1782 tabernacula
579 1743 621 1780 in
639 1756 787 1781 nonam
801 1755 926 1794 usqne

63 1798 296 1839 cluduntur.
330 1797 406 1837 Cic.
420 1798 471 1837 ad
483 1799 599 1837 Attic.
613 1797 717 1837 XIII.
733 1801 797 1838 52.
822 1798 925 1836 Mar-

62 1854 142 1895 tial.
169 1853 298 1894 1518.

119 1924 346 1951 cavernam.
393 1909 556 1963 [Rarius
586 1910 663 1948 hoc
690 1909 925 1949 vocabulum

64 1980 134 2018 pro
158 1967 270 2005 ‘rimis
292 1970 508 2019 usurpatur.
557 1967 605 2006 cf.
632 1966 734 2005 Gen.
754 1965 844 2005 XV.
863 1970 927 2008 16.

67 2023 237 2061 dimissis
261 2023 303 2061 in
328 2036 562 2062 cavernas
586 2023 746 2061 arboris
771 2023 926 2075 cli-clitis.

64 2077 178 2117 Hunc
201 2091 347 2116 morem
374 2092 441 2130 per
470 2078 588 2116 rimas
608 2080 793 2117 ostiorum
822 2092 927 2116 scru-

64 2134 169 2173 tandi
219 2133 346 2174 fusius
393 2138 601 2185 pertractat
647 2134 830 2185 sagittar.
877 2134 928 2173 de

66 2189 144 2229 Ian.
175 2193 267 2229 vett.
305 2205 338 2230 c.
363 2194 427 2231 24.
468 2194 530 2231 13.
561 2191 597 2229 in
629 2190 772 2230 Graev.
804 2190 927 2229 Thes.

65 2247 228 2298 Antiqq.
252 2245 380 2286 T.V1.
403 2260 440 2298 p.
467 2247 584 2299 491.]

124 2303 284 2343 hebetis.
333 2302 372 2354 [i.
399 2316 432 2342 e.
470 2303 599 2341 obtusi
632 2305 750 2353 atque
784 2302 929 2354 stupidi

67 2358 118 2398 cf.
141 2358 275 2398 Barth.
298 2358 703 2401 Advers.XX111.10.
727 2373 765 2411 p.
790 2363 928 2405 1133„

68 2416 132 2467 qui
156 2415 258 2454 hunc
282 2414 408 2454 locum
431 2413 610 2468 excitat]

124 2472 306 2511 liberalis
330 2472 564 2512 cachinnus.
611 2470 713 2511 Oud.
742 2484 822 2510 vox
844 2471 929 2510 ioci

68 2541 144 2566 non
180 2528 356 2579 improba
384 2528 553 2573 videtur,
587 2528 690 2567 unde
720 2527 930 2569 excludere

68 2596 155 2623 eam
179 2595 264 2623 non
301 2583 403 2632 vult3
436 2584 524 2624 coll.
559 2583 658 2625 Met.
692 2582 739 2623 ΙΙ.
774 2597 811 2635 p.
840 2587 931 2624 138.

69 2639 261 2680 liberales·
284 2641 369 2680 ioci
398 2646 438 2680 et
459 2641 682 2681 cachinnus
704 2640 801 2680 hinc
823 2640 933 2679 iude.

68 2693 169 2735 Plin.
194 2693 390 2748 panegyr.
415 2701 481 2738 49.
506 2696 537 2747 §.
562 2701 599 2738 8.
631 2696 808 2749 bcniqna
835 2697 932 2735 invi·

70 2754 174 2792 tatio
187 2758 224 2792 et
242 2753 474 2793 liberales
498 2754 610 2793 iaci.
649 2752 708 2791 IIli
724 2757 852 2791 tamen
871 2751 933 2790 hic

67 2809 194 2847 minus
220 2809 258 2847 ei
280 2809 454 2849 videntur
478 2809 693 2854 convenire,
718 2809 807 2859 quia
830 2808 935 2848 adsit

69 2864 268 2911 dominus,
298 2867 407 2904 cuius
437 2865 659 2917 dignitatem
690 2867 744 2904 ita
778 2863 934 2903 laedant

70 2921 273 2971 epulones.
320 2920 460 2961 Placet
490 2923 600 2973 igitur
629 2921 732 2961 liber
759 2922 842 2960 ioci
865 2934 931 2960 ca·

71 2976 243 3017 chinnus
265 2991 335 3029 pro
367 2978 494 3017 effuso
526 2979 561 3016 in
593 2979 702 3016 iocos
731 2977 930 3023 cachinno,

71 3032 158 3071 sive
192 3046 262 3085 per
296 3033 405 3075 iocos
443 3034 564 3073 libere
596 3043 780 3085 vagante3
816 3045 932 3083 quem

70 3089 297 3139 genitivum,
323 3103 438 3140 quum
464 3105 487 3129 a
511 3091 674 3130 librariis
692 3104 766 3129 non
785 3087 933 3127 intelle-

71 3148 156 3184 ctus
182 3145 250 3191 sit,
280 3148 510 3198 corruptioni
540 3160 674 3186 ansam
705 3146 935 3199 praebuisse

981 1461 1191 1500 existimat.
1212 1460 1275 1498 De
1287 1460 1363 1500 hac
1378 1459 1662 1500 constructione
1675 1460 1850 1500 conferre

981 1517 1088 1556 iubet
1111 1516 1419 1568 Plin.Panegyr.
1445 1531 1477 1556 c.
1492 1520 1557 1558 36.
1583 1517 1612 1567 §.
1629 1522 1665 1557 5.
1689 1518 1754 1555 ubi
1774 1517 1850 1555 vid.

981 1573 1113 1613 Arntz.
1123 1574 1291 1612 liberum
1305 1572 1682 1612 discriminis.0vid.
1691 1573 1851 1613 Heroid.

981 1629 1009 1669 Ι.
1036 1634 1100 1671 80.
1129 1630 1208 1678 (ubi
1235 1630 1323 1667 vide
1348 1629 1479 1667 Burm.
1507 1636 1546 1667 et
1570 1629 1725 1668 Ruhnk.
1746 1630 1849 1669 Dici.

983 1687 1087 1739 p.8.)
1107 1686 1177 1724 Sil.
1192 1685 1275 1724 Ital.
1297 1684 1342 1724 II.
1358 1690 1422 1726 44.
1450 1685 1573 1724 liber
1599 1688 1745 1738 campi.
1772 1686 1851 1724 Vel

983 1744 1112 1794 ipsum
1134 1741 1344 1792 Apuleium
1370 1742 1520 1780 dixisse
1552 1741 1653 1780 liber
1678 1744 1853 1782 omnium

982 1798 1126 1837 Florid.
1140 1811 1177 1848 p.
1188 1802 1254 1838 47.
1280 1796 1381 1849 [Intt.
1397 1797 1446 1834 ad
1457 1797 1561 1848 Virg.
1577 1798 1675 1837 Aen.
1689 1797 1740 1837 X.
1760 1803 1850 1839 154.

987 1855 1039 1893 At
1062 1853 1188 1892 minus
1212 1854 1342 1904 placet
1367 1852 1468 1891 Oud.
1494 1854 1706 1899 sententia,
1733 1867 1850 1905 quum

980 1924 1057 1948 non
1081 1909 1332 1960 intelligatur,
1357 1909 1448 1960 quid
1472 1909 1544 1947 sibi
1572 1909 1665 1948 velit
1688 1911 1850 1950 cachin-

983 1981 1058 2006 nus
1077 1966 1179 2005 liber
1204 1966 1302 2012 ioci,
1329 1967 1391 2004 ein
1409 1965 1628 2006 Geliichter
1638 1967 1852 2021 fiirjeclen

986 2023 1135 2062 Scherz
1155 2023 1253 2074 [νεῖ.
1301 2021 1403 2059 Nam
1434 2035 1507 2059 non
1539 2021 1589 2059 (le
1620 2023 1716 2060 iocis
1740 2023 1850 2074 Apu-

985 2078 1085 2117 leius
1109 2078 1173 2116 hic
1197 2078 1293 2129 agit,
1319 2078 1391 2116 sed
1407 2077 1454 2115 de
1471 2078 1550 2116 risu
1564 2082 1642 2117 tam
1659 2079 1848 2117 immenso

985 2139 1104 2186 atque
1130 2133 1296 2181 liberali,
1321 2138 1362 2172 ut
1384 2133 1434 2172 ad
1459 2134 1601 2172 domini
1626 2148 1742 2174 aures
1766 2148 1851 2187 per-

984 2191 1142 2230 veniret.
1191 2190 1316 2229 Liber
1345 2190 1428 2230 ioci
1457 2190 1550 2228 nihil
1582 2194 1645 2228 est
1673 2192 1746 2229 nisi
1771 2204 1851 2229 cor·

983 2248 1108 2299 ruptio
1122 2248 1228 2285 vocis
1243 2246 1434 2292 liberalis,
1459 2246 1522 2284 vel
1536 2247 1852 2298 interpretamen-

983 2307 1064 2342 tum
1086 2304 1196 2342 vocis
1219 2302 1455 2342 cachinnus.
1501 2302 1722 2341 Dictionem
1748 2304 1851 2342 liber

984 2360 1068 2399 ioci
1093 2359 1314 2399 cachinnus
1349 2357 1452 2397 Oud.
1483 2371 1534 2397 ex
1563 2359 1650 2397 loco
1681 2359 1777 2398 Met.
1803 2358 1850 2399 ll.

983 2429 1022 2467 p.
1042 2420 1133 2456 140.
1159 2416 1263 2454 inter
1285 2414 1386 2454 haec
1411 2416 1633 2455 concivium
1658 2420 1783 2455 totum
1807 2416 1849 2454 in

987 2472 1270 2511 licentiosos
1317 2470 1585 2511 cachinnos
1626 2472 1849 2524 effunditur·

986 2527 1177 2574 defendit,
1202 2540 1303 2578 quae
1326 2531 1455 2565 tamen
1479 2528 1673 2565 sententia
1696 2528 1848 2565 omnino

987 2584 1081 2622 nihil
1104 2584 1258 2634 probat,
1289 2582 1364 2621 sed
1387 2582 1490 2620 idem
1515 2583 1709 2633 exprimit,
1741 2582 1850 2634 quod

988 2640 1065 2679 hoc
1089 2638 1176 2678 loco
1202 2639 1391 2679 liberalis
1415 2638 1667 2692 cachinnus]

1046 2696 1212 2735 domini.
1260 2693 1438 2746 [Lucian.
1450 2708 1493 2734 c.
1513 2699 1580 2736 47.
1603 2708 1640 2746 p.
1662 2698 1753 2747 615.
1779 2692 1848 2746 5703

990 2752 1029 2791 δὲ
1053 2750 1119 2791 τὸν
1142 2749 1220 2804 βίον
1244 2749 1340 2803 εἶχον
1363 2754 1400 2790 ἐν
1423 2747 1536 2801 ἡδονῇ
1561 2752 1626 2790 καὶ
1648 2750 1766 2802 τρυφῇ
1784 2766 1847 2789 και

987 2805 1032 2848 τὸ
1067 2805 1179 2859 σῶμά
1211 2822 1284 2857 μου
1319 2805 1358 2845 ἐκ
1392 2806 1457 2857 τῆς
1491 2805 1678 2857 συνήθους
1710 2807 1850 2859 τροᾳῆς

988 2861 1103 2903 πάλιν
1126 2861 1216 2902 καλ
1202 2879 1243 2903 ov
1266 2860 1421 2914 ἐφεὶόιει
1444 2878 1508 2901 και
1532 2861 1572 2902 τὸ
1599 2865 1716 2913 δέρμα
1740 2862 1850 2902 ἐταν-

985 2918 1113 2969 θούσῃ
1136 2919 1182 2969 ’τῇ
1202 2920 1296 2971 τριχὶ
1318 2916 1553 2970 ἀπέστιλβεν·
1578 2921 1616 2957 οἱ
1631 2919 1671 2957 δὲ
1689 2915 1848 2970 γειναιό-

986 2991 1096 3019 τατοι
1117 2990 1185 3026 με)
1188 2991 1232 3014 αι
1256 2978 1298 3014 τέ
1317 2989 1364 3024 με
1388 2989 1452 3013 και
1475 2977 1589 3014 πίονα
1609 2972 1766 3025 ὁρῶντε,
1783 2976 1849 3014 καὶ

987 3029 1037 3071 τὰ
1049 3028 1219 3093 κριθίδια
1229 3028 1278 3082 μὴ
1293 3027 1546 3080 δαπαιώμενα
1561 3028 1648 3069 ἀλλ’
1665 3033 1702 3070 ἐν
1721 3029 1847 3080 ταύτῷ

989 3090 1111 3139 μέτιιῳ
1146 3081 1240 3126 ὄντα
1274 3090 1323 3133 εἰς
1357 3081 1538 3125 ὑπόιοιαν
1572 3084 1740 3139 ἔρχονται
1773 3090 1848 3127 τῶν

989 3140 1238 3196 τολμημάτων
1261 3143 1334 3182 τῶν
1358 3141 1471 3193 ἐμῶν,
1495 3143 1559 3181 καὶ
1581 3143 1697 3194 noos).
1700 3140 1835 3189 stowe:
1818 3173 1848 3190 ,

1420 3207 1474 3250 58
