2155 3590
673 102 855 142 LIBER
885 102 958 143 IX.
1018 99 1145 141 CAP.
1171 101 1266 141 XV.

1765 97 1849 142 787

69 220 220 259 sitatem
244 216 285 256 in
309 229 401 255 suos
426 228 555 255 mores
581 216 850 269 ampliaverat.
882 212 984 255 Nam
1012 221 1051 255 et
1074 213 1230 254 assiduo
1256 213 1369 267 plane
1395 216 1674 252 commeantem
1699 210 1738 250 in
1764 209 1848 250 eius

70 273 283 315 cubiculum
314 272 516 325 quemdam
548 272 762 312 sentiebam
793 272 994 321 iuvenem,
1029 271 1138 310 cuius
1168 276 1208 310 et
1237 269 1375 308 faciem
1405 268 1539 308 videre
1571 266 1771 321 cupiebam
1797 281 1847 306 ex

68 343 216 371 summo
236 328 383 369 studio:
412 329 445 368 si
464 335 595 369 tamen
612 328 874 369 velamentum
899 327 1036 382 capitis
1056 327 1275 367 libertatem
1300 324 1504 364 tribuisset
1524 325 1621 364 meis
1642 323 1849 378 aliquando

65 467 218 497 sitiebam
231 477 287 503 pro
301 467 481 496 sentiebam
496 469 530 496 Ο.
545 476 565 497 a
577 476 617 497 m.
631 476 661 503 p.
708 468 858 496 iuvenem
871 467 1072 496 desideratur
1084 466 1118 496 in
1131 467 1165 495 0.

61 517 136 543 ante
148 514 240 544 Colv.
263 515 301 542 In
310 517 382 543 cett.
397 512 559 551 alioquin.

65 636 105 674 p.
144 627 232 664 112.
271 623 510 669 Frotscher„
554 624 617 674 qui
659 622 791 674 plures
826 623 929 661 viros

67 679 203 718 doctos
217 680 336 719 addit.
360 679 400 718 In
422 680 533 719 codd.
551 681 733 718 varietate
752 680 851 718 haee
865 679 930 716 lex

66 749 222 787 semper
234 737 402 775 tenenda
415 741 493 781 est.
520 749 634 787 quam
650 736 764 774 Gron.
785 735 834 773 ad
853 735 890 773 h.
906 735 930 773 l.

65 794 260 844 proponit:
288 791 380 830 Cum
398 793 537 830 librarii
556 805 712 843 semper
730 792 929 844 proniores

67 848 206 887 suerint
225 849 272 887 ad
288 848 510 887 inculcanda
526 861 640 899 quam
655 849 703 886 ad
719 847 931 886 omittenda

65 906 308 954 pronomina,
332 905 531 957 plerisque
557 905 670 945 locis.
696 906 758 942 ubi
784 905 819 941 in
845 902 931 941 aliis

66 961 181 999 codd.
206 963 452 1012 reperiantur,
477 961 512 998 in
539 961 625 998 aliis
651 960 931 1005 desiderentur,

65 1016 133 1054 illa
162 1017 281 1055 deleri
312 1018 450 1056 malim.
504 1016 657 1054 Deinde
686 1016 787 1055 Oud.
820 1016 931 1054 unius

66 1073 150 1111 cod.
187 1074 414 1112 auctoritate
451 1075 559 1111 nisus
590 1085 794 1123 perperam
826 1072 933 1110 delet

66 1129 172 1181 prius
201 1131 361 1167 verbum
393 1130 570 1175 iubebat,
609 1130 717 1167 cuius
753 1128 929 1179 repetitio

66 1186 101 1222 ei
114 1186 387 1237 impedimento
402 1189 499 1230 erat,
526 1198 758 1235 quamquam
772 1184 931 1234 saepius

65 1242 118 1279 ita
154 1246 307 1280 veteres
347 1241 498 1280 locutos
535 1254 628 1279 esse
660 1241 826 1292 probant
858 1240 931 1278 loci

65 1297 150 1336 Liv.
175 1297 359 1335 XXVIII.
390 1303 422 1337 1.
448 1296 478 1346 ᾧ.
505 1302 540 1337 5.
566 1297 740 1336 tribunis
763 1295 932 1334 militam

64 1355 277 1405 imperar-
288 1354 335 1399 it,
355 1359 401 1392 ut
413 1355 595 1392 sarcinas
609 1354 650 1391 in
665 1366 783 1392 unum
799 1352 931 1391 locum

66 1411 216 1450 com‘ici
254 1410 434 1455 iubeant,
477 1410 640 1448 militem
682 1422 770 1447 cum
811 1408 931 1446 armis

64 1467 256 1519 valloque
289 1465 426 1505 redire
461 1467 503 1504 in
546 1465 729 1509 orclines3
773 1465 931 1514 sactum

67 1523 181 1575 quod
203 1523 417 1574 imperavit
445 1526 485 1560 et
513 1522 727 1560 accuratius
752 1520 801 1558 Y.
828 1524 864 1559 4.
892 1523 929 1560 9.

66 1584 138 1618 aut
160 1591 242 1617 non
265 1579 417 1630 suscipi
443 1578 586 1618 bellam
613 1578 838 1629 oportuit
861 1580 933 1616 aut

65 1636 157 1688 [seri
176 1648 260 1686 pro
290 1634 495 1687 diffidiare
516 1634 667 1686 populi
693 1634 870 1672 Romam?
895 1637 933 1670 et

62 1691 211 1744 perfici
247 1705 367 1742 quam.
393 1691 568 1742 primam
605 1704 628 1727 o
640 1705 670 1742 p
687 1704 710 1728 o
725 1703 745 1727 r
759 1693 835 1727 tec
882 1688 931 1727 cf.

67 1747 185 1786 Gron.
210 1750 249 1784 et
273 1745 341 1786 Dr.
360 1747 410 1785 ad
430 1746 512 1785 Liv.
533 1746 558 1784 I.
580 1751 615 1787 3.
636 1746 667 1795 δ.
682 1749 718 1786 9.
744 1750 782 1782 et
802 1758 931 1795 quam-

66 1816 182 1854 quam
204 1802 361 1841 molesti
386 1802 531 1853 aliquid
557 1803 693 1847 habet,
719 1806 846 1840 tamen
872 1802 930 1840 in—

67 1860 184 1899 bebat
196 1859 486 1910 exstirpandum
508 1863 675 1898 nonest.
701 1858 932 1909 praesertim

66 1929 183 1967 quum
209 1916 327 1954 ceteri
351 1916 463 1954 codd.
489 1928 626 1954 onmes
650 1914 864 1965 tueantur.]

84 1993 88 1996 >
123 1985 215 2012 suos
238 1985 373 2010 mores.
423 1972 639 2009 Dicendum
665 1971 790 2008 suerat
814 1969 934 2009 illius.

66 2027 158 2066 Non
184 2027 284 2065 enim
309 2041 436 2066 mores
458 2029 644 2066 saevitiae
663 2027 737 2065 sed
754 2026 932 2065 mulieris

67 2083 316 2135 intelligendi.
378 2083 508 2129 Quare
544 2085 577 2121 si
612 2084 676 2121 vel
712 2096 809 2120 uuus
846 2082 930 2120 cod.

67 2140 285 2184 addiceret,
316 2139 418 2178 Oud.
443 2140 689 2178 scribendum
719 2152 812 2176 esse
842 2138 934 2176 divi-

67 2197 190 2243 navit,
218 2210 317 2248 qua,
341 2200 383 2234 ut
407 2196 480 2234 sul)
506 2196 772 2248 ampliaverat
796 2195 933 2233 intelli-

69 2256 222 2304 geretur
263 2252 519 2290 nominativus
567 2265 761 2303 personae
808 2251 932 2301 ipsius

68 2309 255 2347 mulieris.
294 2308 345 2346 Et
363 2310 420 2346 sic
441 2308 572 2353 video,
598 2309 673 2347 iam
694 2311 783 2346 ante
805 2321 892 2345 eum
912 2322 935 2346 a

69 2364 228 2404 Florido
258 2368 298 2402 et
325 2368 468 2415 postea
497 2366 546 2403 ab
577 2364 780 2403 Hal-lessio
811 2365 846 2402 in
873 2364 934 2402 ed.

69 2421 228 2460 Altenb.
265 2420 409 2458 editum
445 2434 548 2459 esse.
608 2420 680 2473 [At
712 2420 934 2458 mutandum

67 2491 162 2516 suos
184 2491 258 2515 nou
285 2481 365 2523 est,
391 2477 480 2527 quia
503 2478 555 2516 ita
579 2477 738 2528 saepius
764 2490 832 2527 pro
853 2477 936 2515 eins

68 2534 224 2584 ponitur
248 2532 294 2571 cf.
311 2532 410 2572 Cui-t.
427 2532 469 2570 11.
488 2537 548 2573 16.
578 2534 683 2572 Erat
697 2533 830 2571 Durio
845 2533 936 2571 mite

71 2604 122 2629 ac
163 2590 378 2629 tractabile.
421 2590 645 2642 ἰῃῃεηίιιηι,
692 2590 769 2628 nisi
809 2603 935 2628 suam

72 2650 262 2686 naturam
288 2645 528 2697 plerumque
555 2648 730 2697 fortuna
755 2659 935 2684 corrum-

68 2706 196 2754 peret.
212 2701 297 2739 Intt.
307 2701 356 2739 ad
365 2701 470 2750 vti-g.
480 2702 577 2739 Aen.
589 2701 654 2739 lv.
665 2705 756 2742 (333.
773 2701 873 2739 Cort.
886 2701 935 2739 ad

76 2756 152 2795 Cic.
164 2756 273 2796 Fam.
286 2756 355 2795 XI.
375 2762 436 2797 11.
453 2762 487 2797 2.
513 2757 580 2795 Dr.
602 2757 651 2796 ad
666 2757 735 2795 Sil.
751 2756 837 2796 XII.
852 2758 934 2810 33.]

131 2813 345 2852 sentiebam
363 2815 552 2853 iuvenem.
603 2812 857 2866 [Suspectam
872 2813 937 2851 ha·

75 2868 169 2906 bent
181 2867 278 2907 Prie.
290 2873 330 2907 et
343 2869 444 2908 Oud.
458 2883 595 2907 vocem
609 2871 797 2915 iuvenem,
824 2883 939 2920 quam

77 2937 150 2962 non
174 2925 351 2975 agnoscit
374 2925 501 2964 Oxon.
529 2924 622 2964 Cod.
650 2924 725 2971 Qui
751 2926 862 2971 enim,
887 2927 939 2964 in-

77 2980 222 3031 quiunt,
247 2994 485 3033 cognoscere
499 2983 631 3033 quibat
645 2995 737 3020 esse
751 2982 940 3028 iuvenem,

78 3048 165 3073 cum
211 3036 299 3092 ipse
344 3037 480 3082 addat,
527 3052 567 3078 se
610 3037 734 3077 oculis
768 3037 940 3077 velatum

79 3090 219 3143 suisse3
244 3105 369 3147 neque
395 3096 494 3134 enim
514 3108 535 3133 e
553 3108 665 3149 seqq.
686 3095 785 3133 scire
804 3095 942 3149 potuit,

1214 461 1397 502 aliquando
1412 464 1448 492 F.
1463 464 1494 492 3.
1508 464 1545 492 G.
1562 463 1589 492 1.
1604 464 1641 492 Ο.
1652 470 1681 499 p.
1696 462 1719 492 f.
1733 465 1763 492 et
1777 463 1847 492 edd.

989 634 1104 672 quum
1133 621 1196 658 hic
1228 619 1338 658 suerit
1368 617 1485 664 alius,
1517 630 1634 669 quam
1663 615 1852 655 Philesie-

988 682 1136 723 merus,
1174 678 1257 715 eius
1294 676 1480 726 deinceps
1522 673 1684 712 adulter.
1753 670 1854 711 Hinc

988 735 1134 787 iynave
1153 732 1336 770 emendat
1355 731 1456 770 Oud.
1481 731 1504 768 i.
1519 743 1552 769 e.
1576 729 1688 768 tarde
1706 733 1746 767 et
1764 743 1854 767 sus-

988 790 1122 841 pensis
1137 789 1322 841 pedibus3
1348 788 1435 826 coll.
1461 800 1592 838 seqq.:
1620 786 1755 824 odiosi
1772 800 1853 824 ma-

987 848 1059 885 riti
1083 848 1142 886 tui
1165 844 1427 897 supercilium
1450 843 1653 895 inqnaviler
1681 841 1853 893 perhor-

989 904 1126 947 rescit,
1158 902 1306 940 amort's
1330 900 1522 952 lanynidi
1552 898 1723 937 desidia.
1772 896 1856 935 Sed

991 972 1105 1009 quam
1130 959 1286 1008 egregie
1307 958 1446 994 erravit
1459 954 1560 993 Oud.
1577 968 1662 993 cum
1676 952 1854 999 Pricaeo,

990 1017 1249 1064 proponente,
1280 1012 1541 1050 velamentum
1569 1010 1633 1049 hie
1657 1010 1752 1049 asini
1778 1024 1853 1048 non

990 1070 1153 1109 adulteri
1179 1083 1272 1107 esse
1298 1067 1599 1119 intelligendum.
1637 1066 1856 1105 provocare

989 1131 1155 1178 possent
1177 1126 1228 1164 ad
1253 1125 1377 1163 locum
1393 1138 1427 1175 p.
1445 1128 1536 1164 614.
1562 1124 1721 1162 velata
1742 1123 1857 1175 facie

987 1183 1206 1235 propellor
1236 1181 1293 1220 acl
1323 1182 1491 1220 incurva
1522 1180 1656 1231 spatia
1679 1179 1856 1232 flexuosi

991 1239 1158 1277 canalis.
1186 1242 1225 1275 et
1242 1250 1277 1287 p.
1295 1238 1386 1277 6215.
1407 1241 1571 1275 itteram
1593 1235 1857 1274 luminibus

992 1295 1207 1334 obtectis.
1234 1297 1273 1330 et
1304 1306 1339 1343 p.
1367 1296 1461 1333 636.
1485 1292 1669 1331 rec-elatis
1701 1290 1855 1330 lamini-

991 1354 1078 1395 bas.
1116 1354 1156 1387 at
1190 1352 1302 1400 puto.
1341 1348 1414 1386 hoc
1446 1347 1703 1386 velamentum
1734 1347 1856 1385 asinis

989 1405 1232 1444 machinariis
1247 1419 1320 1442 non
1335 1418 1491 1455 semper
1499 1404 1706 1442 obductum
1722 1403 1857 1450 fuisse,

988 1463 1061 1501 sed
1099 1462 1162 1513 qui
1196 1461 1363 1500 nondum
1393 1460 1545 1498 adsueti
1584 1463 1693 1498 erant
1728 1459 1858 1497 molae

988 1518 1246 1570 torquendae,
1279 1530 1326 1555 ne
1358 1518 1392 1554 in
1419 1515 1599 1555 circulum
1623 1515 1750 1554 eundo
1774 1528 1858 1553 ver-

990 1577 1105 1627 tigine
1131 1576 1418 1626 corriperentur.
1467 1573 1565 1611 Dein
1598 1573 1632 1610 si
1662 1576 1768 1611 tanto
1795 1585 1857 1609 ve-

990 1632 1158 1670 lamento
1190 1634 1306 1681 caput
1336 1630 1432 1668 asini
1465 1629 1672 1668 obductum
1706 1627 1859 1675 fuisset,

990 1687 1185 1740 quomodo
1217 1686 1369 1725 omnino
1400 1686 1490 1736 quid
1520 1688 1701 1724 tractaret
1724 1685 1860 1723 mulier

989 1745 1057 1783 illa
1069 1743 1293 1796 perspicere
1306 1743 1523 1794 potuisset?
1538 1741 1730 1792 quomodo
1744 1755 1859 1780 anum

990 1801 1096 1839 illam
1116 1800 1356 1838 meretrice-m
1376 1798 1638 1850 cognoscere?
1662 1797 1857 1849 quomodo

992 1857 1161 1896 eandem
1179 1856 1374 1895 homiuem
1393 1856 1559 1895 assiduo
1579 1859 1860 1893 commeantem
1894 1893 1897 1899 .

991 1915 1025 1951 in
1062 1912 1253 1951 moechae
1288 1911 1505 1951 cubiculum
1540 1909 1858 1962 deprehendere?
1992 1950 1995 1954 ,

992 1969 1103 2008 Haec
1126 1968 1318 2007 sufficiunt
1348 1968 1634 2014 demonstrare,
1663 1966 1858 2005 velamen·
1912 1970 1917 1975 ’
1948 1966 1950 1972 ’
1978 1965 1983 1971 ”

988 2030 1068 2065 tum
1094 2026 1231 2076 capitis
1256 2025 1306 2062 de
1331 2024 1506 2062 adultero
1531 2037 1623 2062 esse
1642 2022 1858 2074 intelligen-

990 2083 1098 2127 dum,
1130 2081 1234 2132 quod
1263 2094 1488 2132 perversum
1513 2093 1638 2131 genus
1661 2078 1858 2117 hominum

992 2152 1039 2177 ne
1064 2141 1366 2189 agnoscerentur
1385 2136 1522 2175 faciem
1543 2138 1731 2187 obtegere
1754 2135 1858 2174 sole-

990 2196 1101 2242 bant3
1127 2194 1174 2232 cf.
1201 2207 1302 2244 quae
1327 2193 1403 2231 dixi
1430 2193 1479 2231 ad
1504 2192 1600 2231 Met.
1614 2192 1643 2231 Ι.
1657 2205 1696 2243 p.
1713 2195 1777 2232 32.
1794 2191 1854 2230 ed.

991 2265 1123 2297 meae,
1142 2250 1238 2288 Met.
1253 2264 1291 2302 p.
1307 2254 1400 2291 630.
1417 2249 1614 2301 perducit
1626 2249 1683 2288 acl
1697 2249 1857 2288 domum

987 2308 1239 2360 probeque
1263 2307 1431 2358 capite
1457 2310 1728 2345 contectum
1752 2319 1859 2344 ama-

994 2369 1117 2403 torem
1141 2369 1347 2403 strennum
1372 2364 1498 2414 insert
1522 2361 1705 2414 adusque
1730 2361 1858 2399 domi-

993 2435 1069 2459 nae
1094 2419 1334 2460 cubiculum.
1384 2418 1445 2457 Ex
1463 2422 1544 2456 tota
1562 2417 1674 2468 igitur
1687 2418 1858 2467 corporis

995 2477 1116 2514 forma
1139 2480 1256 2526 atque
1286 2475 1348 2513 iilo
1374 2486 1613 2525 cognoscere
1643 2473 1861 2511 adulterum

993 2546 1086 2571 esse
1100 2533 1276 2570 iuvenem
1290 2531 1437 2569 Lucius
1450 2533 1614 2582 poterat,
1627 2542 1860 2581 quamquam

993 2591 1077 2627 cius
1104 2589 1241 2626 faciem
1265 2602 1339 2626 non
1367 2587 1533 2633 videbat,
1557 2599 1713 2637 semper
1737 2586 1860 2637 probe

994 2649 1219 2684 contectam.
1251 2643 1329 2682 Iam
1344 2644 1531 2695 particula
1545 2647 1583 2682 et
1598 2645 1688 2680 ante
1704 2642 1859 2692 faciem

994 2706 1164 2740 ceterum
1189 2700 1351 2740 adulteri
1370 2713 1511 2752 corpus
1531 2698 1677 2737 vidisse
1695 2697 1860 2735 Lucium

994 2758 1253 2802 demonstrat,
1304 2769 1404 2807 quae
1439 2757 1473 2794 si
1514 2755 1773 2794 celamentum
1809 2753 1859 2791 ad

995 2816 1148 2854 asinum
1173 2812 1346 2858 refertur,
1382 2813 1521 2851 iustam
1558 2810 1860 2861 explicationem

997 2884 1071 2908 non
1097 2869 1291 2920 admittit]

1053 2926 1147 2964 meis
1182 2925 1414 2976 aliquando
1456 2922 1680 2964 lmninibas.
1753 2920 1861 2973 [Hac

999 2994 1113 3033 quam
1155 2981 1271 3019 modo
1308 2980 1519 3032 vituperari
1559 2991 1745 3030 perversa
1778 2991 1861 3015 ver-

997 3039 1133 3076 borum
1163 3036 1421 3088 explicatione
1455 3035 1595 3074 factum
1626 3047 1719 3073 esse
1753 3037 1861 3085 puto,

998 3098 1040 3136 ut
1070 3093 1170 3135 Oud.
1207 3093 1410 3136 lectionem
1446 3091 1556 3148 codd.
1595 3090 1862 3132 nonnullorum

1492 3156 1579 3203 50*
