2155 3590
585 705 1169 759 LIBER
1269 704 1386 758 11.

689 932 1130 980 CAPUT
1234 932 1276 979 I.

198 1064 251 1107 Ut
280 1065 444 1119 primum
476 1072 590 1106 nocte
617 1065 792 1106 discussa
818 1064 888 1106 Sol
913 1079 1039 1123 QXRS
1065 1065 1166 1105 diem
1191 1065 1304 1113 fecit,
1339 1073 1379 1106 et
1402 1080 1540 1107 somno
1565 1064 1682 1107 simul
1704 1079 1882 1109 emersus

86 1128 125 1161 rt
159 1121 323 1172 lectulo,
362 1121 506 1161 anxius
542 1121 713 1175 alioquin
745 1128 785 1161 et
814 1121 929 1161 nimis
966 1121 1127 1174 cupidus
1159 1122 1422 1175 cognoscendi
1453 1135 1552 1176 quae
1582 1135 1675 1163 rara
1705 1122 1882 1176 miraque

85 1184 194 1229 sii-gg
231 1184 494 1232 reputansque
525 1191 585 1218 me
616 1177 743 1218 media
766 1177 998 1218 Thessaliae
1023 1177 1109 1216 loca
1136 1184 1287 1228 tenere,
1322 1192 1397 1238 quo
1423 1178 1520 1219 artis
1545 1179 1722 1233 magicae
1747 1179 1882 1220 nativa

84 1234 307 1274 cantamina
337 1233 456 1274 totius
482 1233 587 1274 orbis
614 1247 788 1273 consono
814 1247 882 1274 ore
909 1233 1172 1283 celebrentur,
1200 1232 1447 1287 fabulamque
1471 1235 1579 1275 illam
1602 1234 1739 1289 optimi
1762 1235 1881 1276 comi-

85 1290 134 1329 tis
169 1290 435 1330 Aristomenis
473 1290 519 1329 de
555 1289 634 1329 situ
670 1289 841 1329 civitatis
878 1289 992 1329 huius
1023 1296 1228 1336 exortam,
1271 1303 1484 1343 suspensus
1515 1291 1689 1345 alioquin
1719 1299 1759 1333 et
1786 1299 1880 1333 voto

82 1345 199 1386 simul
228 1353 268 1386 ct
297 1345 425 1386 studio
456 1346 612 1386 curiose
643 1346 800 1399 singula
831 1345 1143 1385 considerabam.
1203 1345 1291 1386 Nec
1322 1346 1396 1386 fuit
1419 1346 1460 1386 in
1484 1347 1552 1386 illa
1576 1347 1751 1398 civitate,
1779 1349 1881 1402 quod

82 1402 300 1456 adspiciens
322 1400 386 1466 [id
413 1415 500 1443 esse
526 1402 726 1442 crederem
752 1402 853 1455 quod
880 1409 1005 1451 esset,
1033 1402 1101 1442 sed
1128 1403 1259 1442 omnia
1285 1416 1447 1456 prorsus
1474 1403 1589 1443 ferali
1614 1418 1814 1445 murmure
1838 1405 1879 1445 in

82 1457 198 1498 ah'am
228 1458 399 1513 effigiem
430 1458 644 1506 translata3
684 1465 728 1498 ut
752 1465 791 1498 et
816 1458 962 1512 lapides
988 1471 1085 1512 quos
1111 1458 1348 1500 offenderem
1375 1459 1421 1499 dc
1446 1459 1602 1500 homine
1627 1461 1810 1511 duratos,
1843 1468 1884 1501 et

171 1595 218 1626 At
229 1606 285 1636 pr.
299 1596 328 1628 ὃ.
381 1605 517 1627 eversus
530 1600 644 1628 Venet.
659 1601 688 1628 4.

743 1597 905 1636 alioquin.
931 1599 1049 1628 Omnia
1060 1607 1164 1633 usque
1177 1601 1218 1628 ad
1231 1601 1369 1628 alterum
1383 1597 1548 1638 alioquin,
1563 1600 1643 1629 vitio
1656 1601 1785 1630 librarii
1798 1600 1830 1630 in
1845 1602 1883 1630 Β.

81 1646 210 1674 absunt.
253 1642 386 1682 altoque·
398 1646 484 1673 lunt.
498 1646 530 1673 2.
549 1645 626 1673 Ald.
678 1647 711 1671 et
726 1648 803 1673 ante
815 1643 913 1671 nimis
927 1647 1017 1673 abest
1032 1647 1072 1673 ab
1087 1645 1121 1674 Ο.
1171 1652 1258 1681 quae
1272 1647 1356 1671 rata
1370 1646 1405 1673 G.
1459 1644 1577 1673 native
1596 1645 1617 1674 f.
1666 1643 1884 1674 celebrantur

80 1690 151 1718 edd.
177 1693 259 1726 post.
285 1690 376 1719 Colv.
402 1689 424 1718 f.
449 1686 478 1719 δ.
528 1687 725 1728 fabulaque
742 1687 805 1716 illa
823 1690 862 1717 D.
921 1689 1132 1717 are‘slocemis
1150 1691 1187 1718 D.
1209 1698 1229 1719 a
1247 1697 1287 1719 m.
1309 1698 1338 1724 p.
1386 1688 1486 1718 Indus
1505 1690 1599 1718 m'm't.
1615 1690 1636 1719 f.
1695 1693 1825 1719 exorta
1842 1692 1882 1721 D.

80 1737 205 1762 cuncta
222 1742 279 1770 pro
297 1733 431 1771 singula
451 1743 480 1769 p.
500 1736 537 1763 Ι..
584 1735 718 1763 curiose
739 1736 852 1763 exulat
871 1741 891 1763 a
909 1743 938 1769 p,
988 1732 1111 1772 lepidas
1129 1736 1244 1765 venui.
1260 1737 1289 1764 4.
1311 1732 1521 1772 offenderam
1540 1733 1569 1765 ὃ.
1617 1734 1721 1765 duros
1740 1738 1776 1766 0.
1795 1741 1827 1766 et
1843 1743 1882 1766 π.

80 1778 137 1815 [cs.
151 1781 229 1810 Met.
240 1781 281 1809 V.
295 1788 324 1816 p.
338 1779 431 1816 339]
445 1780 479 1808 in
492 1778 589 1809 idem.
604 1781 629 1809 0
642 1778 760 1808 ididem
773 1781 808 1808 0.

135 1889 235 1929 Cn.
254 1889 282 1929 Ι.
311 1891 377 1930 sol
396 1904 534 1931 novus.
558 1890 661 1930 oud.
687 1891 763 1930 hoc
781 1891 951 1942 explicat

79 1948 144 1987 sol
169 1960 381 1987 renascens
410 1946 496 1986 coll.
521 1945 636 1988 Misc.
663 1948 762 1987 Obs.
788 1947 878 1986 vol.
904 1947 949 1986 11.

79 2003 125 2042 T.
139 2002 167 2042 I.
191 2016 230 2055 p.
246 2007 310 2045 96.
338 2002 449 2043 Cerd.
469 2004 519 2042 ad
531 2004 636 2055 Virg.
652 2004 794 2055 Georg.
809 2003 835 2044 l.
857 2008 949 2045 288.

81 2059 279 2098 Claudian.
299 2060 335 2099 in
351 2059 544 2099 Fescenn.
560 2059 609 2099 Ο.
625 2065 661 2101 2.
676 2060 812 2112 [Gron.
827 2060 949 2100 Diatr.

81 2130 113 2154 c.
124 2119 188 2158 36.
196 2128 234 2167 p.
244 2119 337 2157 234.
352 2116 502 2154 Auson.
516 2116 615 2154 Ros.
628 2117 708 2169 12.]
723 2117 814 2156 Alio
829 2130 951 2156 sensu

81 2172 132 2210 de
148 2172 272 2224 primo
296 2173 385 2211 anni
410 2171 474 2210 die
497 2173 662 2223 ponitur,
686 2178 727 2211 ut
746 2173 849 2211 idom
867 2185 945 2211 me-

80 2232 223 2275 morat3
248 2228 296 2267 cf.
309 2227 439 2266 Burm.
455 2234 494 2268 et
507 2229 617 2267 Serv.
631 2229 680 2268 ad
696 2230 794 2268 Aen.
810 2229 894 2268 Vll.
910 2234 945 2270 7.

78 2284 229 2324 Auson.
255 2285 306 2323 de
324 2283 419 2324 Urb.
437 2290 497 2326 14.
525 2285 591 2338 [ef.
611 2285 753 2324 Μαι-111.
778 2286 827 2324 ad
848 2286 946 2324 Stat.

79 2341 175 2380 Silv.
189 2340 256 2379 IV.
284 2343 318 2379 1.
348 2345 409 2382 19.
436 2355 472 2392 p.
487 2345 579 2383 304.
605 2342 666 2380 ed.
693 2342 855 2395 Dresd.j

135 2411 218 2450 quo
238 2399 340 2437 artis
351 2399 553 2450 mayicae.
581 2397 686 2450 [Non
701 2398 830 2438 solum
843 2399 947 2450 apud

77 2458 235 2492 veteres
259 2453 473 2493 Thessalia
497 2459 580 2494 arte
604 2455 756 2506 magica
775 2460 814 2494 et
832 2468 947 2493 vene-

77 2510 175 2549 ficiis
204 2515 287 2549 erat
310 2510 590 2557 famosissima,
624 2511 671 2549 cf.
704 2525 806 2562 quae
835 2511 950 2550 affert

76 2566 355 2607 Wachsmuth.
380 2567 541 2606 Hellen.
569 2568 742 2608 Altcrtlt.
765 2567 831 2606 lv.
858 2573 946 2609 109.

76 2623 165 2662 adn.
179 2627 244 2665 60.
269 2623 354 2662 lntt.
379 2623 429 2662 ad
453 2623 547 2662 Hor.
570 2623 695 2675 Epod.
711 2624 758 2663 V.
780 2629 845 2666 45.
870 2624 948 2663 011.

77 2678 105 2717 1.
137 2683 202 2721 27.
233 2683 298 2721 21.
336 2679 513 2731 Propert.
534 2679 561 2718 l.
595 2686 631 2721 5.
666 2684 702 2721 6.
733 2680 867 2720 Munk.
897 2682 947 2719 ad

77 2734 183 2788 Hyg.
197 2735 222 2775 s.
234 2735 386 2775 XXVI.
408 2741 472 2778 26.
488 2749 523 2787 p.
542 2741 607 2778 75.
622 2736 724 2775 cort.
739 2737 789 2776 ad
800 2737 948 2777 Lucan.

76 2791 144 2830 VI.
169 2796 264 2834 438.
289 2797 383 2833 441.
416 2792 604 2833 Schmidt.
628 2793 680 2831 ad
702 2792 796 2832 Hor.
822 2792 949 2846 Epist.

77 2845 123 2887 Π.
150 2851 186 2889 2.
212 2852 305 2890 209.
331 2849 404 2889 sed
427 2849 624 2901 hodieque
647 2849 748 2888 haec
771 2851 951 2890 cantami—

78 2917 128 2943 na
168 2905 272 2956 apud
309 2905 533 2945 Thessalos
576 2904 724 2955 valent3
773 2906 822 2946 cs.
861 2908 947 2948 Zei-

78 2964 180 3013 twny
202 2964 240 3014 f.
264 2962 306 3001 d.
326 2963 430 3015 oley.
459 2963 575 3003 Welt.
602 2966 720 3004 1829.
744 2962 839 3002 Nro.
860 2967 948 3005 168.

78 3017 346 3062 „Thessalica
370 3019 442 3058 leat
465 3019 573 3058 noch
603 3019 716 3059 lzeut
737 3034 791 3059 zu
815 3021 950 3073 Taye

80 3074 187 3113 scine
198 3072 499 3121 Zauberinnen3
524 3076 625 3115 hart
638 3090 732 3115 man
753 3076 821 3116 die
834 3077 949 3117 Bau·

80 3142 163 3175 ern,
183 3143 228 3169 so
246 3131 411 3171 konnen
424 3132 534 3172 ‹liese
555 3132 713 3172 Weiber
729 3134 802 3172 mit
816 3133 951 3185 Hizlfe

1010 1892 1115 1930 efnes
1140 1892 1299 1944 Rinyes
1320 1891 1512 1932 Pallaste
1536 1893 1714 1932 erbauen
1737 1907 1780 1941 u.
1801 1894 1882 1933 nie-

1011 1948 1247 1993 derreissen,
1274 1948 1342 1987 die
1361 1948 1505 1988 Sterne
1528 1962 1606 1988 von
1631 1949 1742 1989 ihrer
1756 1949 1883 1990 Stelle

1009 2004 1167 2043 rizo-ken
1185 2018 1224 2043 u.
1242 2018 1270 2043 s.
1290 2019 1338 2044 w.
1386 2005 1700 2058 Eifersv'iclttiye
1719 2005 1883 2046 Frauen

1009 2060 1157 2099 suc-hen
1189 2060 1321 2099 durch
1352 2062 1409 2100 sie
1439 2061 1527 2100 ihre
1555 2062 1881 2114 mzbestt'indz'yen

1011 2117 1186 2155 Miinner
1222 2119 1294 2156 mit
1323 2117 1458 2170 Hiilfe
1492 2131 1571 2156 von
1598 2118 1881 2158 Zaubertriin-

1004 2174 1081 2212 lten
1112 2187 1150 2212 u.
1176 2173 1309 2225 deryl.
1333 2188 1379 2214 :a
1400 2174 1565 2226 fesseln,
1591 2174 1690 2214 beim
1709 2174 1882 2214 Scheine

1006 2230 1077 2269 des
1111 2229 1287 2269 Mendes
1310 2229 1504 2270 murmeln
1534 2232 1591 2270 sie.
1621 2232 1882 2272 unverstc'ind-

1006 2286 1114 2325 Iiclee
1147 2287 1301 2332 H'orte,
1325 2290 1479 2340 werfen
1506 2287 1621 2333 Salz,
1652 2288 1781 2334 Melal,
1811 2301 1881 2341 qe-

1005 2343 1216 2382 troclmete
1268 2343 1603 2383 Lorbeerbldtter
1657 2348 1741 2397 aus
1786 2345 1881 2397 ym—

1006 2399 1137 2438 lzemle
1186 2399 1347 2439 Kohlen
1389 2401 1477 2439 und
1516 2401 1672 2441 wirken
1713 2413 1757 2440 so
1800 2401 1881 2441 den

1008 2455 1224 2508 Zauber.“]

1062 2526 1262 2552 ‘'nm-mure
1310 2512 1517 2565 [Blurmur
1559 2513 1610 2552 de
1652 2514 1777 2552 sacris
1813 2526 1877 2552 nor

1006 2569 1150 2607 cturnis
1175 2574 1215 2609 et
1238 2570 1519 2608 cantaminibus
1545 2569 1689 2608 dietum
1708 2568 1881 2621 explicat

1008 2624 1109 2664 Cort.
1146 2626 1198 2664 ad
1231 2625 1380 2666 Lucan.
1400 2625 1466 2664 lv.
1499 2630 1594 2667 448.
1626 2626 1714 2665 val.
1747 2626 1780 2666 F
1784 2626 1877 2667 laco.

1006 2681 1090 2721 ΥΠ.
1127 2687 1221 2726 464.
1253 2682 1415 2734 Rupert.
1452 2683 1490 2721 in
1521 2683 1624 2722 Add.
1665 2682 1717 2721 ad
1745 2681 1878 2722 Iuven.

1006 2737 1073 2777 Vl.
1099 2738 1193 2781 539.
1240 2737 1361 2778 Plura
1384 2739 1493 2777 dabit
1515 2737 1646 2790 Kopp.
1670 2737 1878 2791 Palaeogr.

1007 2795 1087 2834 crit.
1131 2795 1242 2835 Tom.
1274 2795 1339 2834 111.
1382 2795 1469 2834 Lib.
1503 2793 1549 2834 ll.
1587 2809 1619 2833 c.
1652 2800 1688 2835 7.
1725 2795 1756 2845 ξ.
1782 2799 1878 2838 497.

1007 2862 1044 2903 p.
1072 2856 1164 2895 589.
1190 2852 1307 2904 Apul.
1333 2852 1451 2903 Apol.
1477 2865 1513 2903 p.
1528 2852 1640 2904 504]

1064 2909 1481 2961 lapides-——dnratoa
1513 2908 1578 2947 De
1607 2908 1669 2948 his
1693 2908 1878 2948 transfor-

1006 2965 1244 3003 mationibus
1285 2964 1384 3004 Elm.
1435 2969 1635 3015 comparat
1676 2965 1779 3018 Aug.
1827 2965 1880 3004 de

1007 3020 1248 3060 eiwxvlll.
1282 3025 1344 3062 18.
1377 3021 1428 3059 de
1458 3021 1560 3072 Spir.
1591 3026 1631 3060 et
1661 3022 1736 3061 An.
1768 3026 1879 3065 (226.

1005 3078 1059 3116 ad
1095 3078 1233 3130 Simpl.
1274 3077 1437 3125 Quaest.
1469 3077 1492 3116 1.
1514 3076 1560 3116 II.
1592 3091 1624 3116 c.
1646 3082 1684 3119 3.
1716 3077 1879 3125 Quaest.

1006 3134 1097 3173 Yet.
1130 3138 1170 3172 et
1200 3133 1301 3172 Nov.
1335 3134 1445 3174 Test.
1461 3137 1525 3175 27.
1550 3133 1702 3178 Boden.
1728 3134 1778 3173 de
1800 3148 1879 3174 ma-

1904 1417 1946 1448 49
