2221 3667
323 159 404 203 424

577 159 626 205 L.
650 161 870 204 APULEII
897 160 1297 203 MADAURENSIS
1322 160 1866 204 METAMORPHOSEON

916 377 1355 427 CAPUT
1457 381 1525 428 X.

435 511 509 554 His
536 513 649 554 editis
674 513 824 553 involat
848 524 932 551 eam
958 518 1188 565 vestemque
1213 512 1456 566 plurifariam
1483 513 1683 563 dilorieat,
1712 513 1928 568 capilloque
1953 514 2116 555 discisso

321 575 363 610 et
394 570 519 625 capite
553 576 813 624 conquassato
839 568 1018 621 graviter
1041 568 1203 622 affligit,
1238 577 1278 609 et
1308 577 1468 625 accepto
1494 571 1689 610 frumento
1716 578 1754 610 et
1778 570 1923 611 hordeo
1949 578 1988 610 et
2012 571 2117 610 milio

411 697 464 726 ln's
478 697 577 726 dietis
592 700 625 727 0.
640 696 668 726 δ.
695 698 759 725 Cur
772 697 978 725 stewechius
991 694 1044 726 his
1058 696 1177 725 edictis
1192 699 1363 733 legendum
1379 707 1452 728 esse
1467 701 1620 734 crederet.
1633 707 1784 728 caussam
1800 701 1880 728 dixit
1896 701 1934 728 ad
1944 701 2118 735 vegenssr.

322 744 376 773 10.
401 745 536 772 Frustra
551 748 655 771 tamen
669 746 696 770 et
712 746 866 776 perpetuo
880 743 1083 771 librariorum
1097 750 1214 772 errore.
1241 744 1280 772 cf.
1295 746 1334 773 ati
1350 745 1422 773 Liv.
1437 746 1520 773 XXI.
1536 747 1587 773 62.
1608 746 1639 778 S.
1655 746 1683 774 7.
1709 745 1750 774 cs.
1771 748 1847 774 Mel.
1866 747 1889 774 1.
1909 753 1938 779 p.
1960 746 2012 774 49.
2039 743 2119 772 His

321 787 465 823 editis,
491 791 617 816 remoto
628 786 825 824 gratubulo,
841 788 894 815 ubi
909 788 985 816 item
996 789 1104 816 Bemb.
1121 789 1189 816 cod.
1202 791 1287 817 male
1301 791 1396 818 hahet
1411 788 1528 817 edictis
1542 795 1570 818 et
1584 790 1728 824 saepius.
1745 790 1802 823 [cf.
1813 795 1980 824 praeterea
1995 792 2063 820 [nti.
2079 791 2119 818 ad

320 828 984 872 Liv.11.50.§.10.111.5.§.9.11.52.§.5.]
1010 831 1151 860 Invadit
1164 833 1197 860 in
1212 841 1286 861 eam
1297 857 1305 869 ‚
1320 836 1401 869 quod
1415 836 1528 864 noam.
1542 836 1631 867 legit.
1648 835 1699 863 hic
1714 839 1760 862 est
1776 836 1807 863 in
1823 837 1911 863 nullo
1927 844 1985 863 nec
1998 835 2119 870 scripio

319 887 379 907 neo
394 880 478 907 edito
492 879 573 912 quod
588 878 702 906 sciam.
726 876 868 905 [uvolae
880 877 914 904 in
927 878 999 905 eius
1013 881 1135 905 restem
1150 887 1250 916 quam
1264 882 1357 908 nabet
1372 881 1446 909 ΓΛ.
1462 884 1542 908 teste
1556 882 1702 908 Elmenh.
1713 902 1720 914 ,
1739 881 1794 908 sed
1809 880 1841 908 in
1855 881 2028 908 conatione
2040 881 2123 908 Lin-

321 924 470 956 denbrog.
480 924 613 955 legitur:
639 921 707 950 His
720 921 819 950 editis
831 922 965 950 involat
976 923 1047 951 eins
1063 927 1202 958 vestem,
1220 933 1336 961 quam,
1352 925 1593 960 praepositione
1606 924 1638 951 t'u
1653 926 1790 955 omissa.
1812 932 1894 959 «quae
1907 926 2018 954 eadum
2032 925 2123 953 desi-

319 969 449 997 deratur
463 969 493 996 in
508 969 544 996 F.
556 969 623 996 1.3.
639 969 801 1003 G.1).p.0.
812 965 914 997 ‹5.f.n.
929 970 1056 998 Vicent.
1068 972 1152 998 lunt.
1169 971 1197 998 1.
1212 972 1242 999 2.
1257 972 1330 999 Ala.
1355 972 1432 999 lude
1446 977 1465 999 a
1478 971 1635 998 Beroaluo
1651 970 1844 1004 praepositio
1858 971 1927 998 eud.
1941 977 2123 1004 occupasse

320 1014 456 1042 videtur.
487 1011 694 1051 capillosque
708 1015 745 1042 D.
784 1012 934 1042 discusso
949 1014 969 1042 f.
992 1014 1175 1054 frumento
1189 1024 1252 1044 non
1266 1016 1467 1050 conspicitur
1481 1016 1512 1043 in
1528 1017 1561 1043 G.
1578 1016 1612 1042 P.
1629 1016 1665 1044 D.
1699 1014 1799 1042 ordeo
1813 1016 1904 1044 codd.
1919 1020 1946 1043 et
1962 1016 2031 1044 edd.
2045 1018 2122 1044 vett.

377 1122 463 1162 Car.
489 1121 541 1162 X.
590 1124 745 1163 invola!
776 1139 872 1164 eam.
922 1125 1051 1177 [Haec
1078 1125 1193 1165 lectio

317 1181 430 1220 unice
455 1180 659 1231 probatur,
689 1182 797 1220 cuius
823 1181 1027 1233 glossema
1051 1187 1112 1221 est
1137 1184 1193 1222 in-

317 1238 436 1276 vadit
460 1238 501 1276 ln
528 1251 628 1277 eam.
675 1236 852 1284 Quantas
884 1238 1088 1278 molestias
1121 1239 1195 1278 hoe

318 1291 552 1332 vocabulum
571 1295 844 1345 interpretibus
865 1295 1120 1342 facessiverit,
1146 1309 1195 1334 ex

315 1349 690 1403 perversaF.1.cod.
700 1351 1006 1404 lectionepotest
1020 1352 1194 1404 intelligi,

320 1421 421 1458 quae
434 1411 637 1458 utrumque
657 1409 812 1447 mirifice
831 1410 1035 1448 coniunxit.
1062 1410 1195 1447 Libra-

319 1465 407 1511 riis‚
433 1464 498 1514 qui
522 1464 854 1516 praepositionem
880 1467 922 1504 in
947 1465 1193 1505 intruserunt.

320 1521 492 1558 fortasse
512 1520 710 1559 Ciceronis
730 1535 828 1560 usus
848 1526 938 1560 ante
956 1523 1093 1562 oculos
1114 1536 1196 1560 ver-

320 1578 498 1623 sabatur,
532 1578 602 1628 qui,
628 1582 811 1628 quantum
836 1580 937 1625 scio,
976 1580 1118 1631 ubique
1145 1581 1196 1617 ita

319 1634 395 1672 hoc
429 1634 667 1672 vocabulum
705 1636 907 1679 construit,
941 1640 978 1673 et
1015 1636 1080 1674 ille
1118 1636 1196 1674 Te-

318 1691 427 1728 rentii
457 1688 567 1728 locus
599 1690 774 1730 Eunuch.
795 1692 844 1730 V.
878 1697 913 1733 2.
945 1697 1009 1734 20.
1044 1695 1113 1733 rix
1138 1706 1196 1731 me

321 1749 527 1792 coul1'11e0,
566 1749 664 1799 quin
699 1748 870 1787 involem
906 1751 949 1787 in
986 1750 1194 1801 capillum.

320 1804 367 1842 cf.
383 1804 586 1841 Afranium
612 1804 647 1842 in
663 1803 843 1855 Privigno
864 1806 970 1857 apud
982 1805 1086 1845 Non.
1112 1820 1143 1844 s,
1159 1819 1193 1844 v.

315 1862 466 1913 frissil:
495 1860 768 1899 Occasionem
794 1863 942 1901 cartha
967 1863 1111 1902 mulier
1135 1864 1193 1900 in—

322 1918 442 1955 volat.
470 1916 517 1955 In
533 1917 696 1963 collum,
722 1918 787 1955 ubi
806 1920 936 1970 potius
956 1924 1050 1970 post
1077 1933 1193 1958 occu-

317 1974 468 2012 sionem
492 1973 605 2024 signo
632 1974 953 2025 interpunctionis
984 1976 1114 2027 posito
1143 1976 1194 2013 le—

318 2029 456 2079 gerim:
474 2035 596 2070 caula
611 2031 764 2069 mulier.
792 2030 865 2070 Est
880 2032 943 2082 qui
957 2037 1051 2071 cala
1067 2046 1194 2070 emen-

317 2087 402 2132 det,
436 2086 541 2136 quod
566 2091 724 2139 propter
747 2091 911 2126 metrum
937 2087 1024 2126 ferri
1051 2089 1193 2139 nequit.

318 2144 373 2181 At
398 2146 557 2194 saep'us
589 2143 808 2194 simplicem
838 2146 1104 2183 accusativum
1136 2147 1192 2184 ’ἰη-

318 2199 455 2238 volare
468 2199 664 2242 adsciscit.
691 2200 728 2238 id
744 2201 848 2250 quod
863 2201 998 2240 Hcins.
1020 2216 1194 2253 compro—

316 2257 385 2294 bat
410 2256 459 2293 ad
486 2254 599 2294 Ovid.
631 2256 727 2294 Met.
755 2256 856 2295 Xlll.
884 2262 976 2298 561.
1011 2257 1116 2297 Cort.
1143 2259 1193 2297 ad

315 2311 414 2351 Luc.
429 2311 497 2358 VI,
519 2316 613 2353 588.
640 2312 791 2351 Eadem
811 2315 957 2352 ratione
978 2316 1065 2366 ipse
1090 2316 1193 2366 Apu—

318 2369 419 2407 leius
457 2367 553 2407 dixit
589 2369 685 2407 Met.
724 2369 767 2408 ll.
807 2384 843 2421 p.
884 2374 973 2411 170.
1013 2372 1194 2411 latrones

317 2426 475 2465 involo.-
501 2426 565 2463 ubi
591 2425 731 2464 eadem
752 2427 965 2477 scripturae
985 2428 1193 2467 diversitas·

317 2483 563 2533 conspicitur.
579 2481 734 2520 Deinde
748 2497 818 2534 per
831 2485 1062 2523 sententiam
1081 2484 1194 2523 lectio

318 2538 629 2584 commendatur,
668 2552 784 2590 quum
822 2554 1014 2579 summam
1053 2542 1196 2580 indicet

316 2596 486 2634 Veneris
513 2595 817 2641 festinationem,
850 2611 951 2648 quac
982 2611 1077 2649 prae
1102 2599 1194 2636 indi-

319 2653 502 2704 gnatione
542 2653 739 2705 impotens
783 2653 951 2692 furenter
994 2653 1193 2706 Psychem

318 2709 568 2761 adgreditur]

376 2765 619 2819 capilloque
655 2766 824 2806 discisso
863 2771 901 2806 ct
932 2769 1070 2820 eapite
1101 2783 1194 2808 cou-

323 2826 526 2874 quassatO.
565 2821 706 2861 Cetera
729 2822 829 2862 haec
853 2827 957 2862 recte
982 2824 1101 2862 videri
1128 2825 1194 2863 ha-

318 2878 462 2924 bitura,
492 2880 527 2917 si
557 2879 807 2918 rescribatur:
846 2881 1084 2932 capilloque
1115 2882 1194 2921 dis-

322 2948 453 2981 cusso,
491 2937 688 2974 sententia
719 2940 781 2975 est
806 2937 1035 2983 Stewechii,
1075 2951 1193 2988 quum

322 3003 422 3040 quae
446 2996 661 3044 sequantur
686 2997 726 3032 et
755 2995 894 3046 cupite
919 3000 1194 3047 conquassato

319 3047 456 3097 prioris
480 3050 831 3100 interpretationem
857 3051 1089 3090 contineant.
1114 3050 1194 3090 Ob-

321 3116 506 3143 servasse
520 3107 620 3144 enim
635 3119 681 3144 se
696 3106 805 3152 dicit,
830 3107 1094 3146 coniunctivas
1109 3120 1193 3159 par-

320 3158 460 3198 ticulas
498 3166 535 3200 et
572 3166 610 3200 et
646 3176 726 3215 que
761 3177 885 3215 saepe
915 3164 1018 3203 idem
1047 3163 1192 3210 valere,

1253 1126 1357 1177 quod
1383 1126 1429 1164 id
1453 1131 1520 1165 esl.
1557 1125 1669 1164 Hunc
1684 1140 1794 1164 usum
1816 1130 1853 1164 et
1873 1125 1960 1178 ipse
1974 1126 2123 1166 Stewe-

1252 1182 1363 1221 chius
1389 1187 1427 1220 et
1441 1181 1542 1221 Oud.
1570 1183 1718 1234 aliquot
1742 1183 1934 1235 exemplis
1951 1196 2124 1234 compro·

1252 1241 1406 1285 barunt,
1438 1239 1488 1277 (le
1513 1253 1588 1291 quo
1615 1253 1688 1290 ego
1716 1239 1838 1278 fusius
1871 1240 1944 1278 iam
1972 1239 2048 1277 dixi
2074 1239 2122 1277 ad

1253 1296 1348 1335 Met.
1365 1295 1389 1334 l.
1407 1310 1442 1347 p.
1463 1301 1524 1336 14.
1551 1297 1794 1335 ienlaeulmn
1811 1296 2123 1336 ambulatorium

1248 1358 1459 1405 prataque
1468 1354 1680 1404 praeterit.
1696 1352 1776 1390 sod
1792 1357 1896 1390 recte
1911 1353 1984 1390 iam
1993 1356 2124 1390 monet

1253 1408 1376 1454 oud„
1403 1409 1478 1447 duo
1494 1410 1588 1446 iuter
1601 1422 1646 1446 se
1662 1410 1815 1447 diversa
1836 1409 1898 1446 hic
1917 1409 2123 1459 designari,

1255 1466 1527 1504 lacerationem
1548 1466 1703 1504 crinium
1726 1471 1763 1504 et
1783 1467 1918 1516 cupitis
1934 1478 2124 1516 conquas-

1253 1524 1457 1561 sationem.
1488 1523 1668 1561 Das-cisso
1682 1524 1780 1560 enim
1798 1521 1926 1561 valere
1942 1523 2124 1567 lacerato,

1254 1580 1439 1617 distracto
1462 1583 1499 1616 et
1520 1578 1657 1617 evulso
1671 1579 1758 1617 coll.
1776 1578 1916 1618 Tibull.
1934 1579 1961 1618 l.
1980 1583 2043 1618 11.
2059 1582 2123 1618 53.

1256 1635 1385 1687 [Hunc
1417 1648 1581 1680 morem,
1614 1636 1778 1686 capillos
1810 1635 2044 1674 dilacerandi
2075 1635 2124 1682 ei,

1254 1694 1313 1730 cui
1338 1693 1485 1731 incensi
1510 1706 1664 1737 sumus,
1690 1693 1762 1730 ium
1784 1692 1889 1743 prius
1907 1692 1957 1730 ad
1978 1706 2014 1743 p.
2030 1695 2125 1732 396.

1254 1750 1471 1788 accuratius
1498 1749 1675 1799 exposui.
1715 1750 1801 1794 Qua
1817 1749 1865 1787 ‹le
1880 1749 2124 1788 caussaSte-

1253 1805 1428 1844 wecliius
1460 1807 1596 1844 vitiosa
1631 1806 1715 1843 cml.
1751 1805 1773 1844 f.
1808 1806 1973 1844 lectione
2000 1805 2125 1858 decipi

1254 1876 1327 1900 non
1349 1862 1536 1901 debellat.
1569 1876 1801 1913 quamquam
1817 1863 1918 1907 scio,
1945 1862 2127 1901 nillilhae

1253 1918 1484 1956 confusione
1503 1920 1537 1956 in
1552 1918 1654 1957 Mss.
1675 1932 1768 1955 esse
1787 1918 2038 1969 frequentius,
2070 1918 2127 1956 lta

1253 1976 1435 2013 damnant
1473 1975 1576 2026 apud
1613 1974 1760 2013 Lucan.
1795 1975 1820 2014 l.
1861 1979 1951 2016 119.
1989 1988 2125 2014 omnes

1252 2033 1483 2082 interpretes
1516 2032 1721 2070 lectionem
1753 2032 1891 2071 sslurIe
1921 2038 1991 2072 tua
2030 2033 2126 2071 ‹lis-

1254 2101 1390 2128 cussa
1418 2089 1572 2140 sides,
1604 2088 1690 2139 quia
1723 2089 1883 2134 seditio,
1917 2090 2125 2128 coniuratio

1254 2146 1405 2184 dicenti
1413 2146 1572 2189 dicatur,
1581 2147 1750 2195 itemque
1763 2158 1938 2191 somnus,
1949 2148 1988 2184 et
2001 2145 2126 2196 quies,

1253 2201 1324 2239 sed
1342 2201 1495 2247 foedus,
1516 2202 1693 2246 amicitia,
1713 2201 1812 2240 fides
1825 2203 1974 2242 scindi.
2010 2201 2126 2253 Equi—

1253 2258 1342 2296 ‹lcm
1357 2263 1484 2296 tamen
1499 2259 1725 2309 putaverim,
1741 2259 1918 2298 discussa
1928 2259 2014 2312 fide
2026 2259 2128 2296 bene

1251 2315 1443 2367 appellari
1458 2328 1563 2360 eam,
1591 2328 1692 2366 quae
1707 2316 1845 2352 eodem
1868 2315 1962 2353 libro
1981 2329 2016 2353 v.
2035 2319 2125 2355 182.

1254 2386 1450 2411 concussa
1482 2373 1708 2410 nominatur.
1747 2371 1984 2423 Metaphora
2026 2373 2126 2410 enim
2178 2405 2182 2409 .

1252 2432 1416 2479 utroque
1433 2427 1516 2466 loeo
1532 2427 1802 2466 diversissima
1815 2429 1961 2467 ratione
1974 2430 2125 2481 petitur.

1255 2485 1383 2531 Quum
1395 2485 1517 2538 fidem.
1530 2486 1718 2524 scindere
1738 2485 1918 2531 dicimus.
1937 2484 1986 2523 de
1999 2485 2127 2523 vincu-

1256 2542 1302 2579 lis
1330 2541 1457 2593 imago
1479 2541 1696 2583 deducitur.
1724 2555 1824 2592 quae
1845 2546 2069 2592 rumpuntur
2089 2548 2128 2579 et

1254 2598 1498 2639 divelluntur.
1521 2598 1772 2650 quumfidem
1792 2597 2005 2643 discutere,
2026 2598 2076 2636 de
2090 2599 2125 2635 vi

1254 2656 1351 2700 eius,
1366 2656 1429 2707 qui
1444 2654 1599 2693 humum
1613 2667 1696 2690 eam
1713 2655 1933 2704 prosternit.
1948 2655 2127 2706 dissipat,

1252 2711 1354 2750 uude
1365 2713 1455 2763 erigi
1465 2715 1687 2761 nequeatea
1697 2711 1968 2749 etconsociari.
1984 2710 2128 2750 {tama-

1255 2769 1465 2813 nimmia,
1480 2766 1690 2819 sponsalia,
1705 2767 1910 2807 ‹IiScutere
1924 2767 1959 2805 in
1975 2781 2049 2805 usu
2064 2771 2127 2805 est

1253 2825 1358 2876 apud
1379 2823 1426 2862 Is*
1429 2828 1490 2864 tos
1516 2838 1585 2875 pro
1607 2823 1846 2869 distrahere,
1868 2823 2124 2876 dissolvere]

1306 2885 1528 2934 frumento,
1562 2881 1818 2919 Frumentum
1845 2893 1961 2931 quum
1988 2880 2128 2919 librarii

1252 2952 1326 2976 non
1360 2937 1640 2988 intelligerent,
1684 2935 1775 2987 quid
1813 2936 1875 2974 hic
1906 2937 1980 2975 sibi
2017 2936 2124 2982 velit,

1253 2996 1289 3033 in
1317 2994 1510 3033 nonnullis
1536 2993 1650 3032 codd.
1664 2995 1705 3030 ut
1720 2990 1770 3030 G.
1785 2991 1827 3030 P.
1843 2992 1894 3031 l).
1909 2993 2127 3044 expellitur,

1252 3052 1426 3104 probatis
1452 3050 1670 3094 YVowerim
1697 3050 1758 3099 qui
1785 3054 1989 3100 praeterea
2012 3051 2127 3102 parti-

1253 3108 1381 3147 culam
1407 3112 1446 3146 εἰ
1468 3106 1704 3149 eiicivolust,
1731 3110 1833 3143 certe
1847 3107 1956 3145 uncis
1970 3107 2127 3145 circum-

1252 3164 1377 3204 clusit.
1426 3162 1603 3202 Eandem
1626 3163 1861 3201 sententiam
1886 3164 2127 3215 posteriores
