2155 3590
0 1405 2 1407 »
47 1376 146 1417 Tab.
171 1376 235 1417 111.
271 1381 312 1415 et

47 858 116 914 L.
151 857 468 915 APULEII
503 851 1073 912 MADAURENSIS
1106 840 1860 904 METAMORPHOSEON

812 968 1039 1022 LIBRI.

49 1140 132 1194 L.

49 1207 154 1259 quod
172 1222 195 1247 a
215 1207 333 1253 nullo,
352 1208 416 1257 qui
429 1206 639 1258 Apuleium
656 1206 810 1250 excitet,
834 1205 925 1243 seri-

46 1268 157 1318 ptore
176 1265 332 1315 antiquo
351 1263 582 1316 praefigatur
598 1275 763 1313 usquam
783 1261 924 1299 nomini

47 1325 87 1363 et
111 1335 136 1360 a
159 1334 313 1360 nummo
338 1321 439 1359 absit
457 1319 693 1358 contorniato
713 1319 749 1356 in
768 1316 924 1356 Motell.

193 1151 371 1204 [Dubitat
384 1149 487 1189 Oud.
501 1148 553 1188 de
570 1149 645 1188 hoe
663 1149 925 1201 praenomine,

341 1376 446 1429 apud
470 1375 726 1427 Havercamp.
759 1375 795 1412 in
820 1386 922 1412 num.

46 1438 218 1474 contoru.
242 1447 282 1486 p.
299 1437 378 1474 152
404 1431 562 1485 [Cuper.
586 1433 622 1470 in
642 1431 755 1471 Hom.
776 1429 923 1483 Apoth.

46 1505 88 1544 p.
117 1491 192 1544 19]
230 1491 348 1537 alios,
384 1503 457 1528 nec
492 1490 617 1528 minus
653 1489 702 1527 ab
746 1487 924 1526 omnibus

47 1549 201 1587 omnino
243 1547 423 1586 librorum
465 1545 787 1598 philosophorum
822 1543 924 1582 Mss.

47 1606 256 1650 omittatur,
282 1606 316 1643 si
341 1604 390 1644 ab
410 1617 486 1642 uno
506 1599 606 1643 Cod.
626 1601 671 1640 F.
696 1601 922 1647 recesseris,

47 1662 84 1701 in
122 1674 198 1712 quo
233 1659 359 1699 semel
400 1663 490 1699 ante
531 1659 667 1698 librum
709 1659 759 1697 de
795 1658 925 1709 dogm.

47 1717 200 1758 Platon.
226 1721 414 1757 exaretur.
451 1716 551 1756 Hinc
574 1715 612 1754 id
637 1715 864 1754 eiiciandum
889 1717 929 1751 et

50 1775 203 1814 Istteius
226 1787 259 1813 s,
286 1774 412 1814 [meis
436 1773 611 1826 Apuleii,
643 1773 787 1824 quippe
812 1783 927 1822 quem

49 1845 72 1870 e
108 1831 259 1870 Graeco
292 1830 402 1869 Lucii
432 1829 633 1869 Patrensis
672 1832 804 1867 noster
840 1841 927 1865 con-

50 1888 226 1932 verterit,
286 1886 495 1939 legendum
560 1898 654 1924 esse
718 1885 927 1924 arbitratur.

50 1944 165 1991 Quae
193 1957 286 1983 vero
315 1943 442 1983 attulit
463 1942 569 1983 Oud.
598 1947 824 1993 argmnenta
855 1954 928 1980 non

49 2002 144 2041 tanti
175 2001 353 2039 videntur
377 2013 471 2039 esse
495 1999 695 2044 momenti,
725 2002 765 2037 ut
791 2010 928 2036 nomen

51 2059 101 2098 ab
136 2058 313 2097 omnibus
344 2056 602 2109 Metamorph.
640 2054 761 2094 Codd.
798 2067 929 2093 serva-

50 2119 131 2154 tum
154 2114 305 2158 exalet,
336 2115 396 2153 cui
420 2114 551 2152 obstat
573 2116 794 2164 praeterea,
826 2110 929 2162 quod

53 2170 147 2210 Cod.
173 2170 220 2209 F.
247 2171 415 2222 optimus
440 2182 673 2221 quamquam
698 2168 823 2207 semel
849 2171 930 2205 tan-

51 2233 146 2274 tum,
168 2229 205 2266 in
226 2227 321 2266 libro
338 2230 467 2266 tamen
486 2225 723 2278 philosopho
742 2224 780 2263 id
794 2225 932 2262 retinet

53 2288 94 2323 et
104 2284 214 2324 Lucii
233 2296 469 2336 praenomen
496 2282 665 2322 familiae
678 2280 930 2333 Apuleiorum

54 2355 128 2380 non
159 2342 212 2380 ita
241 2343 324 2379 erat
354 2339 588 2390 infrequens.
614 2338 662 2377 cf.
688 2337 802 2376 Fabr.
828 2336 932 2375 Bibl.

53 2397 141 2437 Lat.
166 2395 228 2436 III.
253 2411 291 2449 p.
313 2400 378 2438 28.
412 2395 488 2435 Cic.
514 2394 652 2434 Divin.⁴
668 2395 702 2433 in
730 2392 872 2432 Caecil.
899 2406 930 2431 e.

58 2458 122 2495 15.
141 2455 174 2505 §-
189 2458 260 2501 473
286 2457 324 2492 et
337 2454 396 2492 eui
416 2467 490 2491 non
510 2453 752 2491 innotuerunt
764 2449 810 2488 L.
826 2450 933 2502 Apu-

55 2510 120 2550 leii
133 2510 338 2555 Saturnini,
363 2510 536 2548 tribunus
555 2508 685 2562 plebis
704 2511 742 2546 et
755 2519 933 2559 proprae-

55 2567 136 2606 tor?
161 2566 211 2606 cf.
243 2565 319 2605 Cic.
345 2580 413 2618 pro
438 2564 574 2605 Plane.
602 2569 638 2606 8.
669 2565 699 2616 6.
730 2567 779 2604 19
805 2567 845 2601 et
868 2564 934 2602 41.

57 2625 90 2676 §.
108 2626 199 2664 100.
213 2622 365 2675 Ineptiit
382 2635 474 2660 vero
488 2621 663 2661 Marinus
676 2619 936 2659 Beciebemus

56 2679 291 2719 Scodrensis
305 2680 340 2717 in
361 2678 514 2717 Centur.
528 2677 653 2730 Epist.
668 2674 790 2717 Lvn.
810 2689 833 2714 e
850 2676 934 2714 suis

56 2735 160 2775 Mss.
184 2740 227 2776 ut
249 2736 302 2775 ait
319 2735 470 2775 addens
491 2735 571 2788 Ap.
587 2733 796 2777 Herculis,
823 2732 936 2783 quasi

58 2807 84 2833 a
107 2792 230 2844 gloria
251 2796 369 2843 atque
393 2791 522 2830 studio
546 2791 698 2842 magiae
727 2792 860 2828 auctor
883 2789 937 2827 ita

60 2848 284 2902 appellatus
298 2852 425 2894 esset,
451 2848 537 2886 loco
549 2846 648 2885 Met.
661 2845 748 2884 Lib.
762 2843 807 2884 II.
831 2858 866 2898 p.
881 2848 933 2885 85

60 2919 142 2952 „en
177 2905 378 2945 Hercules
409 2904 597 2944 Lucins“
638 2903 738 2942 satis
774 2900 934 2940 ridicule

62 2962 229 3002 adscito:
259 2961 323 3000 ubi
347 2962 438 3013 poni
464 2959 689 2999 Hercules!
715 2971 784 3010 pro
815 2962 934 3003 certe,

57 3021 255 3072 profecto
286 3017 373 3056 luce
408 3017 548 3056 clarius
584 3019 665 3062 est,
701 3026 936 3066 quamquam

62 3088 149 3114 eum
195 3073 298 3114 Oud.
339 3088 414 3114 non
455 3073 714 3126 probaverim,
761 3071 937 3110 librarios

987 1158 1036 1183 ex
1068 1158 1114 1183 eo
1152 1142 1238 1181 loeo
1281 1141 1514 1185 credidisse,
1550 1142 1681 1178 nostro
1718 1134 1862 1176 auctori

986 1202 1109 1240 l'uisse
1137 1199 1271 1239 Lucio
1302 1210 1556 1250 praenomen,
1591 1196 1693 1234 sieut
1723 1205 1774 1232 ex
1798 1205 1861 1230 eo-

986 1259 1075 1296 dem
1100 1255 1293 1296 Hereulis
1324 1255 1359 1292 ei
1385 1253 1649 1293 adfluxissent.
1709 1248 1863 1289 Eodem

985 1328 1057 1353 nee
1088 1314 1213 1352 minus
1245 1310 1404 1349 ridendo
1430 1322 1556 1348 errore
1581 1309 1771 1359 deeeptus
1802 1308 1864 1344 est

985 1368 1267 1410 Sabbatherius
1280 1366 1334 1419 [in
1348 1366 1450 1405 Dict.
1466 1379 1562 1418 pour
1583 1363 1865 1414 l’Intelligeneo

984 1428 1058 1466 des
1082 1426 1254 1465 Auteurs
1279 1422 1464 1475 classiq]
1497 1423 1561 1472 qui
1587 1435 1636 1459 ex
1660 1419 1747 1459 loeo
1772 1417 1864 1457 Ful·

985 1488 1087 1535 gent.
1124 1481 1294 1533 Mythol.
1331 1481 1396 1518 lib.
1426 1478 1488 1518 III.
1530 1492 1563 1517 e.
1589 1475 1655 1516 VI.
1699 1490 1736 1529 p.
1770 1477 1864 1516 718.

985 1543 1094 1580 Stav.
1115 1539 1230 1586 „Sed
1251 1539 1349 1591 quia
1368 1536 1470 1575 llaec
1488 1534 1738 1575 satur-antius
1753 1530 1864 1584 Apu·

986 1599 1087 1638 leius
1123 1595 1374 1636 enarraverit
1383 1599 1406 1614 “
1455 1591 1664 1632 saturantii
1706 1601 1867 1641 praeno·

985 1657 1089 1695 mine
1114 1652 1325 1705 Apuleium
1350 1649 1599 1694 condonavit,
1625 1658 1742 1698 quum
1760 1649 1867 1684 satu-

987 1712 1146 1752 mutius
1158 1724 1227 1762 pro
1243 1709 1424 1762 plenius,
1440 1706 1603 1746 uberius
1618 1704 1760 1742 dietum
1774 1712 1868 1740 esse

988 1767 1205 1807 Munkerus
1229 1765 1280 1805 ad
1305 1765 1343 1804 h.
1359 1764 1383 1803 l.
1403 1762 1693 1803 accuratissime
1712 1758 1867 1797 demon-

988 1824 1177 1865 straverit.
1220 1821 1324 1869 Quid
1348 1834 1440 1859 vero
1467 1819 1516 1858 de
1542 1817 1689 1857 Barthii
1713 1818 1868 1853 senten-

990 1884 1042 1921 tia
1066 1881 1232 1921 Advers.
1260 1875 1443 1916 XXXIII.
1470 1879 1536 1916 22.
1566 1889 1605 1927 p.
1634 1875 1739 1914 1543
1766 1870 1870 1910 ‹lixe-

990 1941 1060 1984 ris,
1088 1938 1152 1989 qui
1184 1936 1359 1976 Lucium
1384 1934 1628 1973 amasionem
1651 1927 1871 1981 significare

991 1999 1117 2048 putat,
1154 1993 1258 2034 unde
1283 1994 1321 2030 et
1344 1994 1547 2042 tantopere
1573 1986 1669 2027 illud
1694 1986 1870 2036 frequen-

990 2057 1073 2091 tare
1110 2050 1212 2090 idem
1247 2061 1390 2088 aureus
1423 2047 1559 2086 asinus
1596 2043 1790 2087 videatur,
1832 2043 1872 2079 et

992 2107 1274 2148 Tertullianum
1299 2103 1514 2157 Apologet.
1543 2116 1575 2140 e.
1591 2105 1616 2142 2
1639 2103 1782 2138 testem
1807 2110 1871 2136 ex·

991 2167 1100 2211 citat,
1125 2165 1188 2203 ubi
1215 2162 1353 2213 legitur
1374 2161 1444 2214 qui
1469 2158 1645 2199 invenis!
1669 2168 1790 2210 quam
1814 2154 1872 2194 lu·

992 2222 1100 2262 sins!
1134 2234 1256 2273 quam
1279 2217 1482 2258 ammius!
1517 2215 1566 2254 de
1598 2228 1674 2265 quo
1700 2213 1786 2251 loeo
1811 2225 1871 2250 ae-

992 2279 1161 2318 curatius
1190 2289 1308 2328 agam
1336 2274 1387 2314 ad
1418 2272 1515 2312 Met.
1541 2270 1588 2310 ll.
1625 2284 1662 2322 p.
1689 2273 1741 2310 85
1767 2266 1872 2307 Oud.

993 2334 1077 2374 Sed
1105 2334 1209 2381 idem
1244 2333 1338 2371 mira
1370 2344 1447 2382 qua
1483 2332 1546 2368 est
1575 2326 1768 2366 oblivione
1797 2323 1873 2363 alio

994 2391 1081 2431 loeo
1111 2390 1214 2429 Adv.
1239 2385 1449 2428 XXXVII.
1481 2400 1513 2425 c.
1548 2389 1582 2425 1.
1619 2397 1657 2436 p.
1687 2384 1792 2423 1675
1827 2393 1875 2419 se

994 2450 1122 2501 ipsum
1147 2449 1342 2486 auctorem
1368 2445 1421 2483 ait
1444 2441 1556 2481 Lucii
1581 2440 1733 2479 nomine
1758 2450 1875 2488 quan-

995 2505 1125 2556 doque
1144 2505 1303 2548 citasse,
1329 2499 1447 2552 quod,
1472 2502 1574 2537 teste
1588 2496 1759 2539 Horatio,
1785 2506 1878 2544 gau·

997 2561 1115 2601 deant
1134 2559 1384 2613 praenomine
1402 2556 1545 2595 mol'ies
1566 2552 1772 2593 auriculae.
1798 2547 1877 2588 Ha-

998 2617 1190 2669 genbueh.
1204 2615 1331 2668 Epist.
1346 2629 1383 2667 p.
1398 2616 1451 2654 96
1473 2612 1596 2652 Lucii
1615 2621 1752 2648 nomen
1773 2605 1877 2645 nullo

996 2674 1128 2714 addito
1155 2673 1230 2713 alio
1256 2686 1330 2710 non
1356 2670 1585 2719 infrequens
1610 2666 1732 2704 suisse
1759 2662 1877 2702 Grae·

997 2732 1054 2770 eis
1072 2731 1329 2774 demonstrat,
1354 2727 1457 2765 unde
1487 2738 1557 2778 pro
1582 2723 1708 2775 gentis
1727 2720 1879 2759 nomine

996 2787 1035 2826 id
1060 2788 1264 2839 accepisse
1290 2797 1377 2823 eum
1403 2780 1598 2835 apparet]

1055 2843 1234 2897 Apuleii.
1262 2841 1328 2894 [de
1353 2840 1467 2878 huius
1497 2836 1660 2876 nominis
1683 2832 1881 2888 Appulet‘i

995 2914 1044 2940 an
1072 2900 1241 2952 Apuleii
1270 2898 1480 2949 scriptura,
1520 2893 1568 2932 lis
1594 2893 1657 2931 diu
1681 2895 1764 2930 erat
1788 2891 1882 2928 inter

997 2957 1168 3002 iudices,
1217 2968 1332 3005 quam
1377 2951 1602 2991 novissimis
1644 2946 1882 2999 temporibus

997 3012 1147 3052 Osann.
1168 3012 1218 3051 ad
1236 3010 1352 3061 Apul.
1376 3008 1590 3048 Grammat.
1610 3020 1647 3058 p.
1673 3009 1723 3045 14
1748 3015 1798 3041 cx
1822 3016 1882 3040 eo-

997 3069 1144 3116 dicum,
1188 3069 1526 3107 monumentorum
1565 3066 1606 3101 et
1646 3070 1883 3101 nummorum
