2221 3667
296 165 378 207 458

547 164 595 204 L.
625 163 844 204 APULEII
875 160 1274 204 MADAURENSIS
1303 159 1846 200 METAMORPHOSEON

296 291 382 317 cum
409 277 523 317 debet
546 289 758 331 quaerere,
786 284 824 318 et
849 290 915 316 aes
947 276 981 314 si
1012 275 1113 313 sorte
1144 285 1236 326 prae
1267 285 1384 311 manu
1410 286 1488 312 non
1520 273 1658 324 fuerit,
1691 286 1805 313 nemo
1830 286 1916 313 cum
1953 271 2080 325 exspi-

295 347 387 374 rare
423 333 608 387 patietur.
659 333 760 374 Huic
786 333 961 386 squalido
986 330 1071 370 seni
1108 329 1216 368 dabis
1242 328 1347 368 nauli
1374 329 1530 368 nomine
1555 329 1600 369 de
1625 329 1809 383 stipibus,
1838 342 1934 382 quas
1960 330 2079 377 feres,

296 390 482 430 alteram:
522 390 578 430 sic
616 397 766 440 tamen,
806 396 848 428 ut
882 388 964 441 ipse
1000 399 1069 426 sua
1101 398 1217 424 manu
1255 385 1301 425 de
1333 391 1400 424 tuo
1431 391 1560 424 sumat
1589 399 1668 425 ore.

290 549 483 579 praemonet
495 542 610 571 Vener.
624 543 654 570 2.
701 539 863 575 aspirare
877 539 912 565 G.
927 538 966 565 D.

1727 384 1813 426 Nee
1850 385 1978 425 secius
2014 384 2082 424 tibi

1015 536 1159 573 expiare
1172 545 1204 569 φ.
1218 536 1347 565 Vicent.
1373 534 1430 571 [cr.
1452 535 1536 564 Cort.
1558 536 1598 564 ad
1618 537 1742 564 Lucan.
1755 537 1809 564 VI.
1830 535 1922 571 82¹7]
1969 534 2085 572 exspi-

295 594 378 615 rare
391 585 519 615 videret
532 588 568 615 R.
584 587 605 615 f.
621 588 672 614 vel
687 586 783 613 etiam
799 581 979 610 videretur.
1003 582 1130 610 Dubius
1143 581 1228 610 enim
1242 585 1289 609 est
1304 582 1382 609 Oud.

1427 580 1565 617 patitur
1583 577 1612 608 δ.
1661 579 1814 617 squalida
1829 580 1948 608 semim‘
1964 583 2038 610 Bas.
2056 583 2086 610 1.

295 632 505 661 sem‘cz‘vulc.
520 634 550 660 2.
572 633 654 660 unde
670 630 761 664 Lips.
780 628 883 662 Epist.
898 628 1029 662 Quaesl.
1043 628 1095 655 111.
1110 628 1163 655 24.
1185 627 1321 655 coniecit
1341 626 1477 654 semonz'.
1524 624 1694 662 stipitibus
1711 634 1740 660 p.
1786 633 1826 653 ne
1839 626 1907 663 ipse
1921 624 1950 655 δ.
1975 631 2088 655 contra

296 678 432 712 Apuleii
443 680 590 706 mentem.

298 789 493 839 negativa,
519 786 552 823 si
579 786 630 823 ita
655 784 785 822 dicere
811 783 918 829 licet,
946 782 1063 833 plane
1087 780 1162 820 tol-

298 844 395 883 litur.
443 843 600 893 Duplex
637 841 748 890 igitur
783 843 906 877 restat
942 838 1162 890 explicandi

295 901 391 939 ratio
429 898 489 936 vel
526 902 566 936 ut
605 897 714 936 Ditis
749 897 942 948 appositio
974 897 1025 933 sit
1056 895 1163 932 vocis

303 957 476 999 Charon,
489 954 547 992 cui
562 953 863 1004 interpretationi
879 952 1012 990 favent
1027 952 1162 990 Gloss.

296 1011 501 1050 Philoxeni
532 1024 570 1061 p.
597 1014 662 1050 77.
702 1010 812 1048 Ditis
836 1005 1057 1061 XaQoZr‘tog,
1094 1008 1168 1046 sed

295 1073 374 1107 tum
390 1068 480 1119 quid
495 1067 567 1104 sibi
582 1067 676 1105 velit
690 1066 920 1104 vocabulum
931 1070 1066 1118 pater,
1092 1078 1166 1102 non

297 1128 462 1163 constat.
498 1122 688 1162 Fortasse
712 1123 812 1161 haec
837 1122 974 1173 glossa
998 1122 1051 1159 ita
1075 1121 1167 1159 scri-

295 1180 423 1220 benda
437 1184 515 1218 est:
549 1180 658 1219 Ditis
678 1178 953 1232 Ἀχέροντος.
981 1178 1167 1217 Acheron

296 1238 397 1275 enim
424 1236 605 1288 [ἀνὴρ.
619 1237 719 1275 Aen.
732 1235 812 1273 Vll.
830 1239 922 1276 312.
937 1234 1038 1286 Nep.
1054 1234 1167 1272 Dion.

295 1293 364 1346 X.]
386 1298 425 1332 et
440 1294 526 1332 Dis.
555 1292 742 1345 [Aen.VI.
761 1292 869 1344 126]
897 1292 946 1330 de
960 1292 1048 1342 ipso
1064 1290 1166 1329 Orco

295 1354 412 1401 atque
437 1349 572 1388 Inferis
598 1350 781 1388 dicuntur.
807 1349 882 1386 Vel
909 1349 943 1386 si
969 1345 1170 1399 Χάροντος

295 1408 496 1451 retinetur,
533 1420 607 1444 non
642 1406 692 1444 de
726 1405 919 1443 Charonte
950 1406 1080 1443 navita
1104 1418 1167 1441 ne—

297 1464 470 1502 cessario
496 1462 654 1512 intelligi
671 1463 801 1507 debet,
826 1462 899 1499 sed
915 1461 964 1499 de
978 1460 1166 1505 Plutone,

297 1517 626 1571 quemGraecosC
630 1519 652 1557 h
659 1522 828 1557 amntem
844 1518 994 1556 dixisse
1003 1521 1167 1556 testatur

295 1576 386 1615 Isid.
401 1574 645 1627 Origgslll.
660 1579 796 1616 11.42.
822 1575 979 1614 Pluton
997 1574 1167 1618 Graece,

298 1633 448 1673 Latine
477 1633 687 1684 Dt‘espiter
712 1631 776 1670 rel
798 1632 909 1670 Ditis
929 1636 1054 1683 pater
1086 1630 1167 1678 (ubi

296 1688 399 1729 male
424 1689 485 1728 alii
508 1690 640 1739 legunt
664 1688 932 1740 Dispiter),
960 1701 1073 1739 qvem
1095 1687 1169 1725 alii

297 1751 446 1786 vocant
462 1747 632 1790 Orcum,
662 1746 782 1797 quasi
794 1749 1052 1796 receptorum
1066 1756 1167 1781 mor-

297 1809 459 1843 tuorum
569 1802 661 1853 lpse
696 1806 733 1840 et
768 1802 924 1841 Graece
959 1800 1165 1838 Charon.

298 1859 431 1898 Gloss.
479 1858 598 1909 antiq.
644 1856 784 1895 Latino
801 1857 1021 1895 -Graecum
1064 1855 1168 1907 apud

296 1915 416 1954 Henr.
443 1913 687 1966 Stephanum
711 1915 896 1965 Dispiter
921 1908 1075 1965 Χάρων.
1114 1911 1169 1949 At

296 1975 429 2010 nostro
446 1971 532 2009 loco
548 1970 792 2023 Diti-§pater
806 1970 856 2007 de
872 1966 1079 2013 Charonte,
1093 1981 1166 2005 non

296 2029 346 2067 de
370 2027 538 2066 Plutone
563 2027 706 2065 dictum
732 2039 826 2064 esse
851 2029 1028 2077 apparet.
1065 2024 1168 2062 Nam

297 2086 454 2123 obstant
467 2084 684 2135 sequentia,
711 2083 918 2133 quominus
933 2082 984 2120 de
999 2080 1170 2119 Plutone

295 2145 522 2194 exponatur.
548 2140 588 2178 In
614 2140 863 2192 praegressis
882 2139 982 2176 enim
997 2137 1169 2176 hortatur

295 2199 409 2237 turris
434 2196 651 2248 Psychen),
678 2210 727 2234 ne
742 2196 875 2234 vacuis
888 2195 1080 2240 manibus,
1095 2194 1169 2231 sed

297 2255 450 2293 duabus
465 2254 633 2304 stipibus
643 2254 787 2290 munita
796 2252 844 2290 ad
854 2250 998 2289 Orcum
1008 2251 1172 2288 descen-

297 2311 376 2356 dat,
399 2323 557 2361 quarum
575 2322 687 2347 unam
703 2308 887 2347 Charonti
908 2307 1172 2354 descendens,

296 2368 464 2406 alteram
496 2366 718 2405 ascendens
751 2365 844 2402 dare
869 2364 1023 2403 debeat.
1072 2363 1173 2402 Hinc

297 2424 472 2469 efficitur,
488 2422 539 2461 de
551 2423 711 2461 avaritia
720 2420 923 2459 Chal-ontis
939 2434 1068 2471 neque
1083 2434 1173 2458 vero

300 2480 480 2520 Plutonis
506 2492 600 2517 esse
626 2489 865 2522 sermonem,
892 2478 1002 2516 cuius
1020 2491 1069 2515 ne
1092 2490 1169 2515 uno

303 2537 461 2588 quidem
476 2537 594 2574 verbo
609 2536 644 2573 in
661 2547 914 2585 seqq.sermo
929 2537 1004 2572 est.
1019 2532 1170 2572 Charon

304 2607 396 2645 ergo
409 2594 590 2632 viaticum
602 2591 713 2643 petit,
733 2603 861 2641 neque
874 2589 1001 2636 Pluto,
1017 2589 1170 2629 Charon

304 2650 451 2702 expiari
465 2650 613 2700 nequit,
627 2648 661 2686 si
677 2661 747 2685 eas
761 2660 854 2698 prae
872 2660 987 2686 manu
1001 2661 1075 2685 non
1092 2646 1173 2684 fue-

302 2708 362 2754 rit,
375 2705 642 2757 nequePlutO.
662 2703 774 2742 Haec
788 2705 916 2742 omnia
927 2716 991 2740 me
1005 2716 1173 2741 commo-

298 2767 409 2809 vent,
435 2766 478 2801 ut
502 2762 614 2801 Ditis
634 2765 762 2813 pater
791 2773 877 2798 cum
901 2759 1097 2798 Beroaldo
1123 2759 1173 2797 de

299 2820 387 2858 solo
422 2818 617 2858 Charonte
648 2816 883 2867 intelligam,
908 2820 949 2854 ut
972 2816 1036 2855 hic
1059 2815 1173 2854 locus

302 2875 463 2927 glossas
489 2876 712 2914 confirmare
735 2873 928 2919 videatur,
962 2886 1063 2924 quae
1095 2873 1173 2911 dis-

296 2938 421 2984 pater
439 2932 681 2972 Char-antem
695 2933 912 2982 exponunt,
939 2941 1172 2980 quamquam

301 2988 392 3026 huic
417 2987 667 3040 explicationi
694 2987 814 3025 verba
837 2991 974 3026 tantus
993 2986 1091 3025 deus
1114 2998 1171 3022 re-

300 3057 474 3095 pugnare
502 3044 701 3090 videntur,
734 3056 810 3094 quo
841 3043 995 3081 nomine
1020 3041 1172 3081 Charon

301 3101 509 3151 nuncupari
536 3101 599 3138 vix
622 3104 765 3152 potest.
803 3099 885 3138 Sed
905 3099 996 3150 quid
1015 3098 1065 3136 de
1084 3111 1174 3136 ava-

300 3156 387 3195 ritia
420 3155 619 3203 Plutonis,
662 3156 727 3207 qui
769 3156 820 3195 nil
863 3155 1029 3207 gratuito
1067 3154 1171 3201 facit,

1221 785 1354 833 potest
1367 780 1513 819 afferri?
1527 779 1614 818 Nisi
1629 780 1716 830 qu1s
1725 779 1818 818 velit
1832 793 1877 818 se
1890 780 2033 819 referre
2042 782 2091 820 ad

1222 839 1339 877 verba
1360 837 1521 875 Luciani
1541 838 1575 875 in
1593 836 1765 888 Tyr-ann.
1780 850 1810 875 c.
1831 841 1864 876 1.
1884 838 1947 875 καὶ
1961 835 2092 889 σχεδὸν

1223 894 1320 945 ἁμαὶ
1338 890 1520 946 βουλυτόν
1533 897 1648 938 ἐστιν,
1662 892 1764 944 ἡμεῖς
1775 893 1816 931 δὲ
1830 891 1990 940 οὐδέπω,
2006 892 2093 932 οὐδὲ

1223 949 1359 1003 ὀβολὸν
1389 948 1716 1001 ἐμπεπολήκαμεν.
1748 948 1827 988 εἶτα
1860 949 1879 988 ὁ
1906 947 2094 990 Πλούτων

1226 1002 1266 1046 εὖ
1292 1006 1376 1045 οἶδα
1402 1001 1458 1045 ὅτι
1484 1007 1547 1057 ἐμὲ
1571 1009 1758 1057 gineth-pefi-
1782 1009 1818 1044 ἐν
1842 1002 1989 1053 τούτοις
2006 1005 2095 1046 ὑπο-

1226 1061 1402 1115 λήψεται.
1430 1063 1510 1101 Sed
1538 1063 1646 1101 locus
1666 1063 1879 1101 mendosus
1899 1069 1977 1109 est,
2004 1077 2095 1114 quo-

1228 1134 1304 1172 quo
1319 1125 1358 1159 te
1372 1123 1512 1158 vertas.
1540 1118 1695 1165 Quodni
1710 1121 1761 1158 ita
1775 1124 1895 1166 esset,
1908 1123 2095 1171 putarem,

1228 1191 1277 1215 ex
1301 1180 1420 1229 poeta
1445 1176 1612 1227 quodam
1637 1175 1736 1214 haec
1748 1177 1870 1215 verba
1890 1176 2097 1228 desumpta

1230 1247 1341 1280 esse,
1380 1233 1438 1271 cui
1472 1232 1628 1271 forsitan
1656 1231 1776 1278 licuit,
1809 1232 2032 1284 particulam
2060 1238 2099 1272 et

1228 1291 1281 1328 ita
1298 1294 1572 1341 transponere:
1599 1302 1715 1339 quem
1732 1302 1887 1327 versum
1903 1289 2095 1339 Apuleius

1227 1348 1262 1385 in
1277 1360 1388 1385 suum
1404 1359 1515 1383 usum
1531 1345 1681 1383 omnino
1696 1347 1891 1384 convertit.
1919 1344 2097 1383 Ceterum

1228 1404 1302 1441 hoc
1339 1402 1515 1446 offendit,
1560 1402 1664 1452 quod
1701 1401 1791 1440 alibi
1832 1402 1941 1440 Ditis
1975 1407 2098 1453 pater

1226 1472 1384 1511 semper
1413 1459 1462 1496 de
1488 1457 1653 1496 Plutone
1684 1461 1888 1510 usurpatur
1935 1457 1982 1496 cf.
2010 1457 2098 1496 Val.

1228 1516 1333 1555 Max.
1357 1515 1399 1553 ll.
1421 1514 1485 1554 lv,
1511 1515 1541 1564 ᾧ.
1559 1519 1593 1554 5.
1621 1516 1759 1566 totque
1784 1529 1837 1554 ez·
1867 1515 1998 1553 Ditis
2016 1528 2083 1566 pa

1228 1574 1319 1611 tris
1350 1577 1387 1611 et
1413 1571 1692 1623 Proserpinae
1718 1585 1792 1609 ara
1815 1573 1946 1623 pctlta
1974 1571 2100 1609 calda

1226 1633 1456 1668 recreasset.
1488 1627 1667 1666 Lactant.
1693 1626 1828 1666 lustitt.
1856 1626 1880 1665 l.
1911 1631 1973 1667 14.
2006 1626 2036 1677 §.
2063 1631 2099 1667 5.

1228 1685 1387 1724 Platon
1412 1684 1562 1724 Latine
1586 1689 1644 1722 cst
1667 1684 1899 1736 dispiter.
1949 1682 2024 1736 [lta
2049 1683 2101 1721 le-

1229 1741 1397 1791 gendum
1435 1745 1496 1779 est
1533 1755 1606 1778 non
1645 1741 1859 1791 diespiter,
1907 1744 1950 1778 ut
1985 1741 2101 1778 etiam

1228 1797 1496 1835 mnemiandus
1523 1797 1661 1835 eadem
1687 1796 1737 1834 (le
1763 1810 1883 1835 causa
1908 1796 2018 1834 locus
2032 1795 2101 1834 lsi-

1228 1855 1309 1892 dori
1335 1854 1454 1892 ruodo
1482 1853 1626 1899 dictus,
1658 1853 1722 1890 uhi
1748 1852 1865 1891 hodie
1893 1853 2101 1905 Diespiter

1226 1911 1330 1949 male
1356 1910 1605 1961 praeferunt.)
1633 1908 1770 1949 Gloss.
1795 1908 1950 1947 Philox.
1977 1922 2014 1960 p.
2036 1912 2101 1949 77.

1227 1968 1340 2006 Ditis
1350 1962 1663 2018 paterlnobvoev
1677 1964 1859 2018 Excerpt.
1876 1979 1925 2004 ex
1935 1969 2008 2004 vet.
2024 1964 2102 2004 lex.

1228 2022 1504 2062 Graeco-latin.
1520 2036 1556 2073 p.
1572 2026 1665 2063 316.
1692 2022 1804 2061 Ditis
1827 2027 1947 2074 pater
1972 2018 2103 2060 Πλού-

1227 2093 1310 2119 των.
1336 2078 1369 2117 P
1375 2078 1457 2117 lura
1470 2078 1618 2117 dabunt
1632 2078 1766 2116 Munk.
1783 2078 1831 2117 ad
1849 2077 2101 2129 Hygin.XL1.

1227 2151 1264 2188 p.
1283 2140 1375 2181 106,
1401 2142 1441 2173 et
1465 2135 1550 2173 lntt.
1576 2134 1627 2173 ad
1640 2133 1798 2174 Petron.
1825 2138 1965 2175 e.120.
1986 2147 2021 2174 V.
2037 2135 2101 2176 76.

1228 2206 1266 2244 p.
1293 2196 1386 2233 735.
1414 2192 1475 2230 ed.
1502 2190 1636 2230 Burin.
1661 2205 1759 2237 sec.‚
1792 2192 1855 2241 qui
1882 2192 2102 2230 nominativi

1231 2249 1393 2287 sormam
1432 2248 1544 2286 Ditis
1579 2261 1650 2299 pro
1687 2248 1766 2286 Dis
1796 2261 1818 2285 e
1848 2248 1980 2286 multis
2007 2247 2103 2285 locis

1231 2306 1438 2344 vindicant.
1460 2303 1509 2342 cs.
1525 2304 1661 2342 Gloss.
1679 2303 1796 2355 Cyril.
1810 2317 1846 2355 p.
1863 2308 1956 2344 583.
1976 2299 2105 2343 Πλοὺ-

1231 2378 1306 2401 των
1337 2362 1458 2400 Ditis.
1491 2360 1655 2399 Anthol.
1687 2359 1775 2399 Lat.
1804 2359 1848 2398 T.
1873 2359 1919 2398 ll.
1945 2373 1984 2411 p.
2011 2363 2103 2400 221.

1237 2419 1334 2459 Cum.
1365 2430 1425 2456 me
1452 2419 1664 2470 florentem
1705 2418 1849 2469 rapuit
1884 2417 1962 2456 sibi
1992 2416 2104 2456 Ditis

1230 2476 1288 2515 ad
1311 2475 1485 2514 umbras.
1511 2472 1584 2511 His
1610 2474 1788 2511 omnibus
1812 2476 1994 2511 accurate
2018 2486 2105 2511 con-

1230 2531 1414 2570 sideratis
1439 2529 1680 2580 intelligitur,
1713 2536 1753 2568 εί
1775 2528 2004 2580 particulam
2035 2532 2102 2568 aut

1231 2602 1306 2627 non
1324 2585 1410 2625 ferri
1426 2599 1566 2638 posse,
1581 2592 1735 2624 autnon
1758 2585 2017 2637 copulativam
2030 2585 2105 2623 sed

1232 2644 1507 2695 explicativam
1533 2655 1628 2680 esse
1652 2655 1720 2693 pro
1748 2642 1795 2680 ‘iel
1819 2646 1887 2681 est.
1912 2640 2105 2679 Fortasse

1233 2703 1345 2752 igitur
1378 2714 1402 2739 a
1430 2713 1546 2739 manu
1574 2699 1713 2737 librarii
1750 2702 1813 2735 est
1847 2697 2006 2744 adsuta,
2044 2698 2102 2735 cui

1237 2758 1400 2798 Charon
1426 2760 1465 2794 et
1486 2756 1597 2795 Ditt's
1611 2760 1735 2807 pater
1760 2754 1886 2792 varias
1911 2767 2104 2805 personas

1232 2814 1402 2853 indicare
1415 2813 1628 2851 videbatur.
1676 2810 1804 2849 Aliter
1821 2824 1901 2848 rem
1916 2810 2104 2861 expedire

1232 2883 1400 2921 nequeo,
1443 2868 1623 2907 Ceterum
1650 2867 1820 2906 Gronov.
1846 2867 1882 2904 in
1909 2880 1976 2905 ora
2000 2866 2103 2913 cod.,

1230 2927 1385 2966 Hemst.
1418 2926 1468 2964 ad
1497 2925 1661 2964 Lucian.
1690 2922 1793 2961 Dial.
1826 2922 1941 2960 Mort.
1974 2936 2011 2974 p.
2040 2926 2102 2963 16.

1231 2984 1304 3023 Ed.
1336 2984 1372 3021 in
1408 2987 1470 3023 12.
1503 2986 1543 3020 et
1567 2979 1612 3019 T.
1638 2978 1665 3018 l.
1690 2992 1727 3030 p.
1753 2983 1846 3019 423.
1879 2979 1941 3018 ed.
1966 2980 2102 3017 maior.

1230 3040 1365 3079 Munk.
1391 3038 1438 3078 ad
1453 3038 1559 3090 Hyg.
1576 3036 1602 3076 l.
1615 3036 1652 3075 d.
1673 3035 1925 3073 emendarunt
1941 3033 2104 3074 Charon

1231 3097 1344 3136 Ditis
1357 3098 1560 3148 portitor,
1586 3092 1688 3144 quod
1709 3092 2001 3143 improbandum
2029 3096 2102 3136 est,

1231 3153 1278 3193 ef.
1303 3153 1434 3192 Burm.
1460 3152 1511 3190 ad
1534 3148 1654 3201 Prop.
1679 3147 1704 3186 l.
1734 3153 1798 3190 13.
1824 3148 1906 3201 25.]
