2221 3667
203 364 268 399 802
300 357 308 414 Ι
328 358 493 398 munita.

297 135 408 178 1070

551 134 599 172 L.
625 131 849 173 APULEII
879 132 1284 174 MADAURENSIS
1314 134 1861 178 METAMORPHOSEON

295 246 421 286 monis
449 245 729 298 compendiosa
753 245 876 286 verba
901 254 1185 300 suggerentes,
1215 247 1355 301 partim
1381 247 1541 288 nodosis
1566 255 1606 289 et
1630 248 1670 288 in
1695 250 1848 290 modum
1880 257 1991 292 rotae
2017 257 2096 290 tor-

295 302 419 343 tuosis
463 302 794 355 capreolatimque
836 303 1044 346 condensis
1087 303 1263 358 apicibus
1305 317 1328 344 a
1365 304 1596 346 curiositate
1640 303 1892 359 profanorum
1930 307 2098 347 lectione

294 414 579 470 praeparanda.

556 356 732 398 Indidem
769 358 862 399 mihi
899 360 1121 414 praedicat,
1161 374 1259 414 quae
1299 361 1429 401 forent
1465 361 1512 401 ad
1550 375 1663 402 usum
1702 362 1842 403 teletae
1875 366 2097 404 necessario

804 577 840 625 C
900 579 945 625 A
1003 579 1042 625 P
1102 580 1144 627 U
1203 579 1247 626 T
1347 581 1592 629 XXIII.

406 708 465 750 Ea
497 710 678 764 protinus
710 710 867 751 naviter
897 718 933 751 et
967 711 1170 766 aliquanto
1202 713 1405 754 liberalius
1430 714 1571 768 partim
1599 713 1703 768 ipse,
1732 714 1872 768 partim
1899 728 1970 768 per
1994 727 2100 754 meos

292 767 421 807 socios
446 768 660 807 coemenda
693 781 876 822 procum.

939 767 1100 822 Iamque
1132 777 1307 825 tempore
1344 777 1387 810 ut
1416 770 1547 811 aiebat
1578 772 1764 811 sacerdos
1795 771 1832 810 id
1858 770 2098 824 postulante,

291 824 475 878 stipatum
513 837 574 864 me
610 823 797 878 religiosa
835 824 996 866 cohorte
1035 826 1189 867 deducit
1230 828 1278 867 ad
1315 828 1518 881 proximas
1556 827 1738 878 balneas,
1779 834 1817 867 et
1848 827 1956 882 prius
1988 834 2100 867 sueto

290 952 393 980 etiam
409 952 441 980 1⁸13
455 951 585 980 mollum
599 954 635 982 1..

684 954 971 992 compotatimque
986 955 1005 984 f.
1020 956 1056 984 B.
1071 957 1120 984 ed.
1136 957 1284 985 Beroald.
1321 955 1604 994 capitulatimque
1618 959 1654 986 1..

1703 965 1745 984 m·
1759 956 1961 984 curiositate
1974 957 2100 985 vicent.

289 999 404 1028 Venet.
424 1000 455 1026 2.
475 1000 560 1028 Iuni.
583 1000 611 1028 1.
634 1000 666 1028 2.
685 1000 762 1028 Am.
811 999 951 1028 curiosa
970 1002 1052 1029 Eim.
1073 1002 1180 1030 Scriv.
1200 1002 1320 1031 Florid.
1342 1004 1424 1036 quod
1446 1006 1686 1037 typothetarum
1706 1003 1835 1031 videtur
1853 1010 1927 1031 esse
1941 1003 2100 1032 mendum.

289 1045 370 1072 Nam
395 1044 424 1072 si
451 1044 531 1073 foret
556 1045 787 1080 accusativus,
814 1046 937 1074 rectius
961 1046 1109 1074 munitos
1132 1049 1304 1083 legeretur.

289 1088 444 1117 lectione.
484 1089 587 1128 foret
600 1091 636 1119 0.
684 1088 731 1117 ad
743 1097 837 1118 usum
849 1089 1004 1119 celestem
1017 1093 1054 1120 B.

1351 1046 1489 1076 Manita
1516 1056 1592 1076 vero
1617 1052 1666 1077 est
1685 1048 1854 1077 ablativus
1874 1048 2041 1082 pertinens
2061 1048 2100 1075 ad

1103 1091 1237 1120 celatae
1252 1102 1281 1127 υ.
1309 1092 1437 1120 nitelae
1451 1094 1571 1122 Florid.
1587 1094 1704 1128 inepte.

379 1134 584 1172 etprotinus
598 1135 618 1163 f.
667 1135 805 1163 naviter
818 1137 854 1164 G.
868 1137 906 1165 D.
931 1138 984 1165 Ex
996 1140 1069 1165 cett.
1084 1139 1174 1167 codd.
1192 1139 1275 1168 nihil
1294 1142 1403 1167 euolat
1417 1140 1498 1168 Oud.
1523 1141 1560 1168 ln
1581 1139 1663 1167 meis
1683 1139 1819 1172 reliquis
1835 1137 1997 1175 guaviter
2015 1138 2100 1167 sicut

288 1181 321 1208 in
336 1181 407 1209 edd.
422 1181 572 1210 omnibus
585 1181 708 1210 inveni.
733 1182 778 1210 At
790 1181 928 1208 naviter
940 1182 1013 1210 dedi
1039 1182 1080 1211 cf.
1099 1184 1175 1212 dict.
1191 1185 1232 1213 ad
1253 1186 1329 1213 Met.
1343 1187 1382 1213 ll.
1398 1192 1426 1218 p.
1447 1186 1517 1212 1¹14.
1532 1185 1581 1213 ed.
1595 1192 1687 1213 meae
1719 1184 1849 1220 partim
1864 1184 1934 1220 ipse
1947 1192 2010 1213 non
2024 1191 2102 1212 coii-

287 1226 475 1260 spiciuntur
492 1227 526 1254 in
547 1226 567 1255 f.
594 1224 747 1254 liberalis
761 1226 894 1263 partim
914 1227 984 1264 ipse
999 1235 1064 1264 per
1082 1236 1171 1258 meos
1185 1229 1294 1258 socius
1314 1231 1348 1259 Ο.
1393 1237 1457 1266 per
1471 1230 1720 1259 desideraturin
1735 1231 1771 1258 G.
1786 1231 1821 1259 P.
1835 1231 1875 1259 D.

289 1272 373 1300 delet
393 1272 524 1301 Medius
542 1280 583 1301 ex
601 1280 661 1301 suo
680 1272 822 1308 ingenio.
870 1271 1013 1301 deduz-it
1026 1271 1055 1303 d.

290 1382 597 1435 ‘iquorabilis
621 1384 789 1436 iynotus
820 1380 1010 1434 ἄγνωστος
1035 1383 1163 1424 I‘laut.

290 1437 439 1478 Pseud.
465 1437 509 1478 II.
539 1444 574 1479 1.
604 1443 667 1480 18.
696 1439 801 1478 Geli.
829 1439 896 1479 IX.
927 1440 1008 1494 12]

348 1496 629 1547 capreolatim.
679 1495 719 1534 In
747 1496 818 1536 Ed,
843 1497 1030 1536 Beroaldi
1050 1500 1166 1537 etiam

291 1556 354 1590 est
379 1553 742 1606 campolatbnqne,
775 1553 984 1592 deductum
1015 1569 1038 1594 a
1063 1570 1167 1595 eam·

286 1609 400 1662 polis
425 1609 610 1648 cincinnis
636 1623 667 1647 s.
694 1609 895 1649 claviculis
918 1611 1090 1657 withicis,
1118 1626 1168 1650 ex

291 1665 478 1704 Varrone.
499 1666 645 1704 Verum
660 1667 764 1718 apud
780 1667 945 1705 eundem
960 1668 1010 1706 (le
1024 1668 1129 1708 ΚΗ.
1140 1668 1166 1708 Ι.

293 1726 358 1762 31.
373 1723 405 1772 §.
422 1727 457 1762 4.
474 1723 662 1775 capreoli
676 1723 853 1761 dicuntur
867 1728 908 1762 ut
923 1724 1053 1763 (lebet.
1081 1725 1168 1763 Huc

290 1779 484 1831 pertinent
526 1779 663 1819 Gloss.
706 1781 918 1832 capt-iolas
959 1780 1168 1833 συνστοὶτης

290 1833 484 1887 πρότονος.
526 1836 881 1889 Campolatimque
906 1842 969 1876 est
994 1852 1101 1877 mera
1127 1839 1166 1877 li-

292 1894 500 1931 brariorum
512 1892 692 1932 Italorum
702 1892 883 1944 glossula
896 1895 1166 1939 interlinearis,

292 1963 408 2000 quum
439 1950 651 2001 campolus
682 1949 765 1989 ltali
799 1950 914 2003 vulgo
949 1953 1167 2005 capreolos

293 2007 430 2046 vitium
455 2008 664 2046 nominent.

348 2064 503 2103 teletae.
529 2061 655 2114 τελετή-
682 2078 822 2115 graeco
850 2067 1042 2105 vocabulo
1067 2080 1166 2106 usus

289 2125 353 2159 est
378 2119 574 2172 ApuleIus
599 2125 641 2159 ut
665 2121 739 2159 hac
769 2123 803 2160 in
836 2137 878 2161 re
912 2125 1065 2175 proprio
1116 2124 1164 2162 cf.

289 2177 386 2216 infra
407 2191 442 2228 p.
457 2181 550 2218 806.
577 2179 754 2217 teletae
780 2180 964 2232 leyitima
985 2195 1164 2221 cousum-

288 2235 415 2274 matio
424 2248 438 2280 ,-
461 2248 497 2286 p.
513 2238 609 2274 810.
628 2249 769 2275 rursus
794 2237 970 2276 teletae
996 2252 1165 2277 omnmo-

288 2296 376 2337 net,-
413 2305 453 2343 p.
479 2295 572 2331 811.
599 2292 776 2331 teletae
800 2294 1019 2333 discrimen
1045 2296 1165 2333 inter-

291 2362 372 2387 esse
395 2349 634 2393 maximiana
659 2362 696 2399 p.
710 2351 807 2390 814.
829 2352 987 2390 tertiam
1003 2365 1166 2404 qnoque

292 2405 509 2452 teletam3
534 2418 572 2456 p.
599 2409 694 2446 816.
722 2407 961 2447 instructum
986 2408 1166 2448 teletae

292 2475 502 2514 comparo.

348 2574 436 2616 Cio.
451 2575 594 2615 XXlll.
639 2579 797 2630 partim
816 2579 903 2630 ipse
922 2579 1075 2630 partim
1085 2593 1165 2630 per

291 2647 399 2671 meos
422 2634 566 2673 socios.
629 2634 691 2673 De
715 2634 793 2674 hoc
819 2635 904 2674 loco
930 2636 983 2674 ita
1008 2636 1166 2674 disserit

291 2690 505 2729 Stewech.:
532 2689 680 2737 „Isidis
707 2692 808 2731 deae
825 2705 916 2730 mox
937 2693 1164 2742 inauguran-

291 2746 381 2786 dum
401 2746 565 2785 Lucium
585 2748 793 2800 ipsummet
811 2749 887 2788 huc
905 2748 996 2787 illuc
1020 2749 1165 2787 discur-

289 2805 392 2842 risse
423 2803 473 2843 ad
499 2806 820 2856 conquirendum,
848 2806 1163 2857 comparandum,

291 2860 397 2912 quod
432 2860 483 2899 ad
519 2862 664 2902 teletae
700 2867 740 2901 et
775 2864 1008 2915 expiationis
1050 2876 1165 2901 usum

288 2917 480 2956 sacerdos
504 2932 682 2958 summus
706 2921 947 2972 requirebat,
978 2921 1042 2958 vix
1071 2920 1163 2958 mihi

290 2974 329 3012 lit
343 2975 582 3014 verosimile:
609 2990 737 3028 eoque
761 2977 1016 3016 subdubitare
1037 2977 1163 3029 coepi,

290 3037 477 3071 essentne
490 3046 514 3071 a
526 3033 651 3072 sciolo
666 3034 839 3074 adhibita
857 3034 976 3073 invito
990 3033 1163 3086 Apuleio

291 3089 411 3127 verba
424 3092 583 3141 partim
604 3092 708 3143 ipse,
735 3093 798 3142 qui
819 3091 1061 3131 existimaret
1078 3104 1164 3142 par-

292 3144 445 3183 ticulam
456 3148 613 3198 partim
628 3149 714 3186 sine
729 3149 932 3189 iteratione
946 3148 1164 3188 consistere

1924 1227 2102 1257 coemenda

1225 1400 1298 1424 non
1331 1392 1500 1438 posse.·'·'
1560 1386 1635 1425 His
1670 1386 1862 1437 expositis
1888 1388 2102 1436 sequuntur

1225 1442 1409 1481 nonnulla
1424 1443 1625 1494 exempla,
1652 1456 1752 1494 quae
1777 1442 1880 1481 hune
1903 1456 2016 1482 usum
2041 1457 2102 1481 ac-

1226 1500 1395 1538 curatius
1409 1500 1688 1545 ‹lemonstrant.
1704 1500 1754 1537 de
1768 1512 1845 1551 quo
1859 1514 1883 1538 a
1896 1513 1959 1538 me
1972 1504 2100 1538 actum

1227 1559 1288 1593 est
1311 1556 1361 1594 ad
1387 1557 1485 1595 Met.
1512 1556 1580 1596 lv.
1612 1569 1648 1607 p.
1676 1560 1767 1596 287.
1797 1558 1981 1607 partim
2010 1556 2100 1609 yla-

1227 1613 1308 1651 diis
1328 1615 1495 1659 armati,
1522 1618 1560 1651 et
1582 1617 1674 1653 287.
1700 1612 1816 1650 Ratio
1829 1624 1920 1650 vero
1935 1626 2001 1651 cur
2017 1613 2101 1651 Ste-

1228 1668 1404 1707 wechins
1419 1670 1493 1707 has
1508 1682 1629 1707 voces
1645 1668 1765 1707 deleri
1783 1668 1957 1716 voluerit,
1973 1667 2101 1708 salsis-

1228 1726 1328 1763 sima
1341 1730 1413 1764 est.
1429 1725 1531 1764 Nam
1550 1728 1634 1764 sive
1649 1726 1963 1778 bispartimsive
1975 1726 2100 1764 semel

1227 1787 1408 1834 ponatur,
1435 1783 1537 1821 idem
1555 1787 1682 1821 tamen
1697 1796 1842 1821 sensns
1858 1782 1944 1822 loco
1959 1786 2100 1821 manet.

1229 1839 1271 1877 Si
1310 1839 1411 1878 enim
1439 1842 1597 1892 partim
1629 1853 1698 1891 per
1728 1840 1861 1879 socios
1886 1839 2102 1878 coemenda

1227 1897 1390 1942 curavit,
1405 1901 1539 1942 restat,
1559 1897 1696 1948 partini
1717 1898 1801 1935 sive
1817 1910 1886 1947 per
1899 1897 2000 1935 anos
2016 1897 2101 1934 sive

1224 1967 1296 2005 per
1309 1967 1355 1991 se
1370 1954 1563 2004 quaedam
1578 1968 1670 1991 esse
1691 1957 1914 2004 procurata3
1940 1952 1988 1992 cf.
2002 1952 2100 1992 Met.

1228 2009 1328 2048 vul.
1345 2024 1381 2061 p.
1397 2014 1492 2051 526.
1513 2016 1635 2062 pai-l
1643 2012 1702 2049 im
1722 2024 1800 2062 per
1825 2015 1942 2049 semet
1956 2012 2100 2062 ipsum,

1223 2069 1405 2119 partim
1427 2081 1507 2119 per
1532 2073 1687 2107 eeteros
1708 2067 1941 2119 familiares
1961 2081 2012 2106 ac
2036 2081 2101 2107 ne-

1226 2125 1437 2164 cessarios.
1475 2123 1556 2162 lam
1581 2128 1711 2163 antem
1738 2124 1836 2162 satis
1862 2124 2049 2175 temporis
2063 2127 2103 2162 et

1227 2180 1421 2219 facultatis
1436 2182 1470 2219 ei
1486 2182 1610 2232 potuit
1624 2179 1883 2226 intercedere,
1910 2184 1950 2219 ut
1962 2181 2102 2232 partim

1224 2238 1312 2289 ipse
1338 2237 1438 2277 haec
1464 2251 1593 2276 emere
1619 2239 1797 2289 potuerit.
1870 2237 1911 2276 In
1937 2238 2100 2276 confinio

1222 2295 1377 2333 scilicet
1400 2295 1552 2346 templi:
1580 2296 1642 2333 nbi
1662 2297 1748 2333 sine
1766 2294 1846 2332 ullo
1867 2295 1985 2333 (lubio
1999 2308 2101 2346 quae

1223 2351 1274 2391 ad
1289 2365 1403 2390 usum
1418 2352 1564 2391 teletae
1579 2352 1805 2390 necessaria
1826 2355 1936 2391 erant
1949 2351 2102 2391 venalia

1225 2409 1559 2460 proponebantm3
1585 2410 1700 2447 immo
1716 2408 1828 2447 cItius
1842 2421 1912 2460 per
1924 2422 1970 2447 se
1985 2421 2101 2460 quam

1223 2479 1293 2516 per
1311 2466 1424 2504 solos
1444 2467 1579 2504 socios
1599 2466 1698 2504 haee
1712 2478 1776 2503 res
1791 2466 1923 2516 peragi
1937 2469 2102 2516 poterat.

1226 2521 1362 2575 [Ratio
1390 2537 1455 2561 cur
1475 2522 1572 2560 an.
1599 2523 1685 2562 cod.
1711 2523 1830 2560 verba
1843 2524 2001 2573 partim
2015 2523 2102 2574 ipse

1226 2580 1400 2618 ‹uniserit
1423 2580 1515 2618 mihi
1542 2579 1699 2631 quidem
1727 2579 2023 2617 evidentissima
2046 2580 2099 2616 vi—

1225 2636 1337 2674 detur
1362 2650 1456 2675 esse
1483 2650 1548 2683 ea,
1575 2636 1682 2687 qnod
1703 2636 1880 2674 librarius
1901 2635 2103 2674 oculorum

1225 2706 1356 2731 errore
1387 2694 1435 2732 ab
1462 2708 1537 2731 uno
1567 2694 1722 2745 partim
1751 2693 1882 2730 statim
1909 2691 2100 2743 delapsus

1224 2754 1287 2788 est
1322 2750 1373 2790 ad
1409 2750 1590 2797 alteruni3
1622 2749 1727 2800 quod
1756 2750 1886 2787 vitium
1924 2748 1959 2786 in
1997 2747 2099 2787 Mss.

1224 2806 1581 2858 frequentissimum
1607 2820 1702 2844 esse
1726 2807 1868 2851 sciunt,
1896 2804 1960 2856 qui
1975 2805 2100 2843 obiter

1223 2867 1370 2902 tantum
1395 2863 1509 2903 codd.
1535 2862 1780 2915 tractarunt.]

1281 2922 1513 2960 coemenda.
1585 2920 1673 2959 Hoc
1707 2918 1938 2957 vocabulum
1976 2917 2098 2957 deleri

1221 2990 1427 3030 perperam
1441 2977 1560 3016 voluit
1573 2976 1745 3016 Modius.
1770 2975 1873 3014 Nam
1893 2975 2098 3013 initiandus

1221 3038 1374 3073 sumtus
1401 3034 1532 3074 facere
1558 3038 1598 3072 et
1622 3034 1823 3084 impensas
1836 3030 1983 3070 teletae
1998 3031 2100 3070 serre

1222 3091 1412 3139 debebat3
1438 3090 1486 3130 cs.
1513 3091 1610 3129 insi-a
1635 3104 1671 3141 p.
1699 3092 1791 3131 813.
1826 3092 1864 3126 et
1890 3087 2027 3141 Cnper.
2060 3088 2097 3126 in

1222 3147 1392 3201 Epistol.
1419 3148 1468 3188 ad
1493 3147 1687 3186 Dalenum
1713 3159 1749 3198 p.
1777 3149 1869 3187 550.
