<?xml version="1.0" encoding="UTF-8"?>
<!DOCTYPE html PUBLIC "-//W3C//DTD XHTML 1.0 Transitional//EN"
    "http://www.w3.org/TR/xhtml1/DTD/xhtml1-transitional.dtd">
<html xmlns="http://www.w3.org/1999/xhtml" xml:lang="en" lang="en">
 <head>
  <title>
</title>
<meta http-equiv="Content-Type" content="text/html;charset=utf-8" />
  <meta name='ocr-system' content='tesseract 3.04.00' />
  <meta name='ocr-capabilities' content='ocr_page ocr_carea ocr_par ocr_line ocrx_word'/>
</head>
<body>
  <div class='ocr_page' id='page_1' title='image "./operaomnia01apuluoft/operaomnia01apuluoft_0038.png"; bbox 0 0 2221 3667; ppageno 0'>
   <div class='ocr_carea' id='block_1_1' title="bbox 308 124 1511 168">
    <p class='ocr_par' dir='ltr' id='par_1_1' title="bbox 308 124 1511 168">
     <span class='ocr_line' id='line_1_1' title="bbox 308 124 1511 168; baseline -0.004 0"><span class='ocrx_word' id='word_1_1' title='bbox 308 143 407 168; x_wconf 73' lang='lat' dir='ltr'>xxvi</span> <span class='ocrx_word' id='word_1_2' title='bbox 900 127 972 165; x_wconf 79' lang='lat' dir='ltr'>DE</span> <span class='ocrx_word' id='word_1_3' title='bbox 1003 125 1222 165; x_wconf 68' lang='lat' dir='ltr'>APL‘LEn</span> <span class='ocrx_word' id='word_1_4' title='bbox 1257 124 1511 164; x_wconf 67' lang='lat' dir='ltr'>SCRWTIS.</span> 
     </span>
    </p>
   </div>
   <div class='ocr_carea' id='block_1_2' title="bbox 304 238 2115 2911">
    <p class='ocr_par' dir='ltr' id='par_1_2' title="bbox 304 238 2110 1191">
     <span class='ocr_line' id='line_1_2' title="bbox 422 238 2106 293; baseline -0.001 -15"><span class='ocrx_word' id='word_1_5' title='bbox 422 241 589 279; x_wconf 86' lang='lat' dir='ltr'>Primum</span> <span class='ocrx_word' id='word_1_6' title='bbox 617 242 716 279; x_wconf 88' lang='lat' dir='ltr'>enim</span> <span class='ocrx_word' id='word_1_7' title='bbox 742 242 774 279; x_wconf 88' lang='lat' dir='ltr'>si</span> <span class='ocrx_word' id='word_1_8' title='bbox 801 242 1043 293; x_wconf 75' lang='lat' dir='ltr'>provectiore</span> <span class='ocrx_word' id='word_1_9' title='bbox 1069 242 1143 280; x_wconf 89' lang='lat' dir='ltr'>iam</span> <span class='ocrx_word' id='word_1_10' title='bbox 1163 245 1292 279; x_wconf 88' lang='lat' dir='ltr'>aetate</span> <span class='ocrx_word' id='word_1_11' title='bbox 1313 240 1555 291; x_wconf 85' lang='lat' dir='ltr'>compositae</span> <span class='ocrx_word' id='word_1_12' title='bbox 1577 242 1712 277; x_wconf 82' lang='lat' dir='ltr'>essent</span> <span class='ocrx_word' id='word_1_13' title='bbox 1734 238 1907 285; x_wconf 81' lang='lat' dir='ltr'>fabulae,</span> <span class='ocrx_word' id='word_1_14' title='bbox 1932 243 2106 278; x_wconf 81' lang='lat' dir='ltr'>extarent</span> 
     </span>
     <span class='ocr_line' id='line_1_3' title="bbox 308 296 2106 350; baseline -0.002 -13"><span class='ocrx_word' id='word_1_15' title='bbox 308 304 412 337; x_wconf 85' lang='lat' dir='ltr'>certe</span> <span class='ocrx_word' id='word_1_16' title='bbox 455 298 620 349; x_wconf 78' lang='lat' dir='ltr'>vestigia</span> <span class='ocrx_word' id='word_1_17' title='bbox 660 302 875 350; x_wconf 90' lang='lat' dir='ltr'>temporum</span> <span class='ocrx_word' id='word_1_18' title='bbox 918 312 1066 344; x_wconf 88' lang='lat' dir='ltr'>eorum,</span> <span class='ocrx_word' id='word_1_19' title='bbox 1111 311 1211 348; x_wconf 85' lang='lat' dir='ltr'>quae</span> <span class='ocrx_word' id='word_1_20' title='bbox 1253 296 1469 335; x_wconf 83' lang='lat' dir='ltr'>Romanam</span> <span class='ocrx_word' id='word_1_21' title='bbox 1514 296 1787 334; x_wconf 77' lang='lat' dir='ltr'>habitationem</span> <span class='ocrx_word' id='word_1_22' title='bbox 1828 301 1917 334; x_wconf 89' lang='lat' dir='ltr'>sunt</span> <span class='ocrx_word' id='word_1_23' title='bbox 1959 300 2106 335; x_wconf 69' lang='lat' dir='ltr'>secuta,</span> 
     </span>
     <span class='ocr_line' id='line_1_4' title="bbox 307 352 2105 406; baseline -0.002 -13"><span class='ocrx_word' id='word_1_24' title='bbox 307 356 426 394; x_wconf 72' lang='lat' dir='ltr'>¹Nulla</span> <span class='ocrx_word' id='word_1_25' title='bbox 458 355 557 393; x_wconf 91' lang='lat' dir='ltr'>enim</span> <span class='ocrx_word' id='word_1_26' title='bbox 589 369 732 393; x_wconf 78' lang='lat' dir='ltr'>caussa</span> <span class='ocrx_word' id='word_1_27' title='bbox 763 355 973 406; x_wconf 68' lang='lat' dir='ltr'>excogitari</span> <span class='ocrx_word' id='word_1_28' title='bbox 1004 359 1152 405; x_wconf 85' lang='lat' dir='ltr'>potest,</span> <span class='ocrx_word' id='word_1_29' title='bbox 1186 368 1251 392; x_wconf 90' lang='lat' dir='ltr'>cur</span> <span class='ocrx_word' id='word_1_30' title='bbox 1282 354 1316 391; x_wconf 92' lang='lat' dir='ltr'>in</span> <span class='ocrx_word' id='word_1_31' title='bbox 1350 353 1444 391; x_wconf 92' lang='lat' dir='ltr'>libro</span> <span class='ocrx_word' id='word_1_32' title='bbox 1474 353 1607 390; x_wconf 89' lang='lat' dir='ltr'>ultimo</span> <span class='ocrx_word' id='word_1_33' title='bbox 1635 353 1885 390; x_wconf 75' lang='lat' dir='ltr'>narrationem</span> <span class='ocrx_word' id='word_1_34' title='bbox 1914 352 2105 404; x_wconf 84' lang='lat' dir='ltr'>Apuleius</span> 
     </span>
     <span class='ocr_line' id='line_1_5' title="bbox 308 408 2104 464; baseline -0.002 -15"><span class='ocrx_word' id='word_1_35' title='bbox 308 413 436 451; x_wconf 84' lang='lat' dir='ltr'>statim</span> <span class='ocrx_word' id='word_1_36' title='bbox 463 413 676 464; x_wconf 77' lang='lat' dir='ltr'>abruperit,</span> <span class='ocrx_word' id='word_1_37' title='bbox 709 412 780 449; x_wconf 87' lang='lat' dir='ltr'>nisi</span> <span class='ocrx_word' id='word_1_38' title='bbox 813 425 859 449; x_wconf 90' lang='lat' dir='ltr'>eo</span> <span class='ocrx_word' id='word_1_39' title='bbox 892 416 1067 462; x_wconf 90' lang='lat' dir='ltr'>tempore</span> <span class='ocrx_word' id='word_1_40' title='bbox 1099 411 1313 448; x_wconf 84' lang='lat' dir='ltr'>consectam</span> <span class='ocrx_word' id='word_1_41' title='bbox 1340 424 1433 447; x_wconf 87' lang='lat' dir='ltr'>esse</span> <span class='ocrx_word' id='word_1_42' title='bbox 1460 408 1798 460; x_wconf 86' lang='lat' dir='ltr'>Metamorphosin</span> <span class='ocrx_word' id='word_1_43' title='bbox 1824 413 1996 453; x_wconf 85' lang='lat' dir='ltr'>statuas,</span> <span class='ocrx_word' id='word_1_44' title='bbox 2029 424 2104 459; x_wconf 88' lang='lat' dir='ltr'>quo</span> 
     </span>
     <span class='ocr_line' id='line_1_6' title="bbox 309 466 2106 520; baseline -0.002 -14"><span class='ocrx_word' id='word_1_45' title='bbox 309 470 395 520; x_wconf 86' lang='lat' dir='ltr'>ipse</span> <span class='ocrx_word' id='word_1_46' title='bbox 432 469 585 507; x_wconf 79' lang='lat' dir='ltr'>Romae</span> <span class='ocrx_word' id='word_1_47' title='bbox 623 468 801 517; x_wconf 64' lang='lat' dir='ltr'>degebat.</span> <span class='ocrx_word' id='word_1_48' title='bbox 863 469 931 507; x_wconf 81' lang='lat' dir='ltr'>Cui</span> <span class='ocrx_word' id='word_1_49' title='bbox 969 468 1189 506; x_wconf 87' lang='lat' dir='ltr'>sententiae.</span> <span class='ocrx_word' id='word_1_50' title='bbox 1227 467 1262 503; x_wconf 92' lang='lat' dir='ltr'>id</span> <span class='ocrx_word' id='word_1_51' title='bbox 1290 467 1432 518; x_wconf 89' lang='lat' dir='ltr'>opponi</span> <span class='ocrx_word' id='word_1_52' title='bbox 1460 481 1532 504; x_wconf 91' lang='lat' dir='ltr'>non</span> <span class='ocrx_word' id='word_1_53' title='bbox 1561 466 1668 510; x_wconf 81' lang='lat' dir='ltr'>licet,</span> <span class='ocrx_word' id='word_1_54' title='bbox 1703 466 1810 518; x_wconf 86' lang='lat' dir='ltr'>plura</span> <span class='ocrx_word' id='word_1_55' title='bbox 1842 480 1993 504; x_wconf 86' lang='lat' dir='ltr'>narrare</span> <span class='ocrx_word' id='word_1_56' title='bbox 2020 479 2041 503; x_wconf 96' lang='lat' dir='ltr'>e</span> <span class='ocrx_word' id='word_1_57' title='bbox 2067 479 2106 503; x_wconf 91' lang='lat' dir='ltr'>re</span> 
     </span>
     <span class='ocr_line' id='line_1_7' title="bbox 308 523 2106 578; baseline -0.003 -14"><span class='ocrx_word' id='word_1_58' title='bbox 308 526 466 578; x_wconf 87' lang='lat' dir='ltr'>Apuleii</span> <span class='ocrx_word' id='word_1_59' title='bbox 506 540 578 563; x_wconf 91' lang='lat' dir='ltr'>nou</span> <span class='ocrx_word' id='word_1_60' title='bbox 619 525 759 568; x_wconf 79' lang='lat' dir='ltr'>fuisse,</span> <span class='ocrx_word' id='word_1_61' title='bbox 798 526 942 576; x_wconf 81' lang='lat' dir='ltr'>quippe</span> <span class='ocrx_word' id='word_1_62' title='bbox 968 525 1029 575; x_wconf 82' lang='lat' dir='ltr'>qui</span> <span class='ocrx_word' id='word_1_63' title='bbox 1063 526 1331 574; x_wconf 70' lang='lat' dir='ltr'>mysteriorum</span> <span class='ocrx_word' id='word_1_64' title='bbox 1363 523 1624 561; x_wconf 85' lang='lat' dir='ltr'>tantummodo</span> <span class='ocrx_word' id='word_1_65' title='bbox 1657 523 1690 560; x_wconf 91' lang='lat' dir='ltr'>in</span> <span class='ocrx_word' id='word_1_66' title='bbox 1724 524 1801 561; x_wconf 78' lang='lat' dir='ltr'>vita</span> <span class='ocrx_word' id='word_1_67' title='bbox 1831 523 1997 561; x_wconf 82' lang='lat' dir='ltr'>humana</span> <span class='ocrx_word' id='word_1_68' title='bbox 2033 523 2106 560; x_wconf 77' lang='lat' dir='ltr'>vim</span> 
     </span>
     <span class='ocr_line' id='line_1_8' title="bbox 307 580 2106 634; baseline -0.002 -14"><span class='ocrx_word' id='word_1_69' title='bbox 307 598 353 621; x_wconf 86' lang='lat' dir='ltr'>ac</span> <span class='ocrx_word' id='word_1_70' title='bbox 379 586 631 634; x_wconf 80' lang='lat' dir='ltr'>potestatem,</span> <span class='ocrx_word' id='word_1_71' title='bbox 668 596 782 632; x_wconf 80' lang='lat' dir='ltr'>quam</span> <span class='ocrx_word' id='word_1_72' title='bbox 821 583 880 619; x_wconf 84' lang='lat' dir='ltr'>vel</span> <span class='ocrx_word' id='word_1_73' title='bbox 920 584 1006 633; x_wconf 87' lang='lat' dir='ltr'>ipse</span> <span class='ocrx_word' id='word_1_74' title='bbox 1048 585 1233 631; x_wconf 83' lang='lat' dir='ltr'>expertus</span> <span class='ocrx_word' id='word_1_75' title='bbox 1276 584 1403 623; x_wconf 86' lang='lat' dir='ltr'>esset,</span> <span class='ocrx_word' id='word_1_76' title='bbox 1442 581 1665 618; x_wconf 73' lang='lat' dir='ltr'>describere</span> <span class='ocrx_word' id='word_1_77' title='bbox 1705 580 1779 616; x_wconf 88' lang='lat' dir='ltr'>sibi</span> <span class='ocrx_word' id='word_1_78' title='bbox 1821 580 2106 631; x_wconf 73' lang='lat' dir='ltr'>proposuisset.</span> 
     </span>
     <span class='ocr_line' id='line_1_9' title="bbox 307 636 2108 691; baseline -0.003 -13"><span class='ocrx_word' id='word_1_79' title='bbox 307 640 476 691; x_wconf 86' lang='lat' dir='ltr'>ideoque</span> <span class='ocrx_word' id='word_1_80' title='bbox 500 642 614 677; x_wconf 87' lang='lat' dir='ltr'>etiam</span> <span class='ocrx_word' id='word_1_81' title='bbox 640 639 809 677; x_wconf 77' lang='lat' dir='ltr'>Osiridis</span> <span class='ocrx_word' id='word_1_82' title='bbox 834 644 872 676; x_wconf 93' lang='lat' dir='ltr'>et</span> <span class='ocrx_word' id='word_1_83' title='bbox 898 638 1099 689; x_wconf 73' lang='lat' dir='ltr'>Serapidis</span> <span class='ocrx_word' id='word_1_84' title='bbox 1125 638 1227 675; x_wconf 85' lang='lat' dir='ltr'>initia</span> <span class='ocrx_word' id='word_1_85' title='bbox 1252 641 1611 675; x_wconf 84' lang='lat' dir='ltr'>commemorasset.</span> <span class='ocrx_word' id='word_1_86' title='bbox 1672 636 1772 674; x_wconf 72' lang='lat' dir='ltr'>Nam</span> <span class='ocrx_word' id='word_1_87' title='bbox 1798 640 1927 674; x_wconf 91' lang='lat' dir='ltr'>cetera</span> <span class='ocrx_word' id='word_1_88' title='bbox 1954 649 2108 686; x_wconf 80' lang='lat' dir='ltr'>quoque</span> 
     </span>
     <span class='ocr_line' id='line_1_10' title="bbox 309 694 2106 747; baseline -0.003 -12"><span class='ocrx_word' id='word_1_89' title='bbox 309 699 343 735; x_wconf 91' lang='lat' dir='ltr'>in</span> <span class='ocrx_word' id='word_1_90' title='bbox 371 697 511 747; x_wconf 84' lang='lat' dir='ltr'>quibus</span> <span class='ocrx_word' id='word_1_91' title='bbox 537 697 705 735; x_wconf 88' lang='lat' dir='ltr'>initiatus</span> <span class='ocrx_word' id='word_1_92' title='bbox 731 700 811 734; x_wconf 89' lang='lat' dir='ltr'>erat</span> <span class='ocrx_word' id='word_1_93' title='bbox 836 695 1023 746; x_wconf 71' lang='lat' dir='ltr'>mysteria</span> <span class='ocrx_word' id='word_1_94' title='bbox 1048 694 1185 732; x_wconf 89' lang='lat' dir='ltr'>eodem</span> <span class='ocrx_word' id='word_1_95' title='bbox 1213 695 1291 731; x_wconf 91' lang='lat' dir='ltr'>iure</span> <span class='ocrx_word' id='word_1_96' title='bbox 1316 695 1503 742; x_wconf 65' lang='lat' dir='ltr'>attingere</span> <span class='ocrx_word' id='word_1_97' title='bbox 1529 694 1713 737; x_wconf 81' lang='lat' dir='ltr'>debebat,</span> <span class='ocrx_word' id='word_1_98' title='bbox 1741 707 1840 743; x_wconf 85' lang='lat' dir='ltr'>quae</span> <span class='ocrx_word' id='word_1_99' title='bbox 1865 697 1957 744; x_wconf 88' lang='lat' dir='ltr'>puto</span> <span class='ocrx_word' id='word_1_100' title='bbox 1984 695 2033 731; x_wconf 88' lang='lat' dir='ltr'>ab</span> <span class='ocrx_word' id='word_1_101' title='bbox 2061 706 2106 729; x_wconf 82' lang='lat' dir='ltr'>eo</span> 
     </span>
     <span class='ocr_line' id='line_1_11' title="bbox 310 749 2107 802; baseline -0.003 -11"><span class='ocrx_word' id='word_1_102' title='bbox 310 755 458 792; x_wconf 85' lang='lat' dir='ltr'>omissa</span> <span class='ocrx_word' id='word_1_103' title='bbox 485 768 556 791; x_wconf 86' lang='lat' dir='ltr'>non</span> <span class='ocrx_word' id='word_1_104' title='bbox 585 754 709 791; x_wconf 76' lang='lat' dir='ltr'>fuisse</span> <span class='ocrx_word' id='word_1_105' title='bbox 734 753 767 789; x_wconf 90' lang='lat' dir='ltr'>si</span> <span class='ocrx_word' id='word_1_106' title='bbox 794 766 926 790; x_wconf 92' lang='lat' dir='ltr'>eorum</span> <span class='ocrx_word' id='word_1_107' title='bbox 954 766 999 788; x_wconf 91' lang='lat' dir='ltr'>eo</span> <span class='ocrx_word' id='word_1_108' title='bbox 1026 755 1200 802; x_wconf 87' lang='lat' dir='ltr'>tempore</span> <span class='ocrx_word' id='word_1_109' title='bbox 1226 752 1298 788; x_wconf 90' lang='lat' dir='ltr'>iam</span> <span class='ocrx_word' id='word_1_110' title='bbox 1326 752 1523 801; x_wconf 76' lang='lat' dir='ltr'>particeps</span> <span class='ocrx_word' id='word_1_111' title='bbox 1550 750 1707 795; x_wconf 82' lang='lat' dir='ltr'>suisset,</span> <span class='ocrx_word' id='word_1_112' title='bbox 1734 751 1823 800; x_wconf 77' lang='lat' dir='ltr'>quia</span> <span class='ocrx_word' id='word_1_113' title='bbox 1848 749 2004 787; x_wconf 88' lang='lat' dir='ltr'>minoris</span> <span class='ocrx_word' id='word_1_114' title='bbox 2031 763 2107 787; x_wconf 89' lang='lat' dir='ltr'>mo-</span> 
     </span>
     <span class='ocr_line' id='line_1_12' title="bbox 308 806 2107 861; baseline -0.003 -13"><span class='ocrx_word' id='word_1_115' title='bbox 308 811 424 849; x_wconf 86' lang='lat' dir='ltr'>menti</span> <span class='ocrx_word' id='word_1_116' title='bbox 456 824 570 861; x_wconf 81' lang='lat' dir='ltr'>quam</span> <span class='ocrx_word' id='word_1_117' title='bbox 603 810 716 847; x_wconf 80' lang='lat' dir='ltr'>isidis</span> <span class='ocrx_word' id='word_1_118' title='bbox 749 814 787 847; x_wconf 84' lang='lat' dir='ltr'>et</span> <span class='ocrx_word' id='word_1_119' title='bbox 818 809 987 846; x_wconf 85' lang='lat' dir='ltr'>Osiridis</span> <span class='ocrx_word' id='word_1_120' title='bbox 1018 809 1205 858; x_wconf 80' lang='lat' dir='ltr'>mysteria</span> <span class='ocrx_word' id='word_1_121' title='bbox 1236 806 1482 857; x_wconf 68' lang='lat' dir='ltr'>Aesculapii.</span> <span class='ocrx_word' id='word_1_122' title='bbox 1524 807 1668 851; x_wconf 80' lang='lat' dir='ltr'>Liberi,</span> <span class='ocrx_word' id='word_1_123' title='bbox 1705 806 1863 844; x_wconf 86' lang='lat' dir='ltr'>aliorum</span> <span class='ocrx_word' id='word_1_124' title='bbox 1896 820 1968 843; x_wconf 88' lang='lat' dir='ltr'>non</span> <span class='ocrx_word' id='word_1_125' title='bbox 2007 809 2107 843; x_wconf 83' lang='lat' dir='ltr'>suut.</span> 
     </span>
     <span class='ocr_line' id='line_1_13' title="bbox 310 863 2106 918; baseline -0.003 -13"><span class='ocrx_word' id='word_1_126' title='bbox 310 869 408 906; x_wconf 79' lang='lat' dir='ltr'>Tum</span> <span class='ocrx_word' id='word_1_127' title='bbox 429 869 552 918; x_wconf 88' lang='lat' dir='ltr'>ipsam</span> <span class='ocrx_word' id='word_1_128' title='bbox 574 881 649 917; x_wconf 78' lang='lat' dir='ltr'>qua</span> <span class='ocrx_word' id='word_1_129' title='bbox 671 865 741 904; x_wconf 89' lang='lat' dir='ltr'>hac</span> <span class='ocrx_word' id='word_1_130' title='bbox 761 867 793 903; x_wconf 89' lang='lat' dir='ltr'>in</span> <span class='ocrx_word' id='word_1_131' title='bbox 815 866 910 903; x_wconf 89' lang='lat' dir='ltr'>urbe</span> <span class='ocrx_word' id='word_1_132' title='bbox 930 866 1157 902; x_wconf 78' lang='lat' dir='ltr'>versabatur</span> <span class='ocrx_word' id='word_1_133' title='bbox 1175 868 1343 902; x_wconf 85' lang='lat' dir='ltr'>aetatem</span> <span class='ocrx_word' id='word_1_134' title='bbox 1364 864 1575 901; x_wconf 84' lang='lat' dir='ltr'>novissima</span> <span class='ocrx_word' id='word_1_135' title='bbox 1598 863 1679 901; x_wconf 85' lang='lat' dir='ltr'>iibri</span> <span class='ocrx_word' id='word_1_136' title='bbox 1699 877 1789 913; x_wconf 84' lang='lat' dir='ltr'>pars</span> <span class='ocrx_word' id='word_1_137' title='bbox 1803 867 1936 915; x_wconf 89' lang='lat' dir='ltr'>aperte</span> <span class='ocrx_word' id='word_1_138' title='bbox 1951 863 2106 901; x_wconf 88' lang='lat' dir='ltr'>iudicat:</span> 
     </span>
     <span class='ocr_line' id='line_1_14' title="bbox 312 920 2108 974; baseline -0.006 -9"><span class='ocrx_word' id='word_1_139' title='bbox 312 926 372 965; x_wconf 73' lang='lat' dir='ltr'>Ac</span> <span class='ocrx_word' id='word_1_140' title='bbox 403 939 450 963; x_wconf 74' lang='lat' dir='ltr'>ne</span> <span class='ocrx_word' id='word_1_141' title='bbox 474 925 602 962; x_wconf 78' lang='lat' dir='ltr'>sacris</span> <span class='ocrx_word' id='word_1_142' title='bbox 626 925 705 962; x_wconf 76' lang='lat' dir='ltr'>suis</span> <span class='ocrx_word' id='word_1_143' title='bbox 729 923 853 974; x_wconf 64' lang='lat' dir='ltr'>(Jreyi</span> <span class='ocrx_word' id='word_1_144' title='bbox 878 927 1010 960; x_wconf 80' lang='lat' dir='ltr'>cetero</span> <span class='ocrx_word' id='word_1_145' title='bbox 1032 922 1262 973; x_wconf 72' lang='lat' dir='ltr'>permixtas</span> <span class='ocrx_word' id='word_1_146' title='bbox 1290 921 1543 963; x_wconf 77' lang='lat' dir='ltr'>deservirem,</span> <span class='ocrx_word' id='word_1_147' title='bbox 1576 922 1617 957; x_wconf 80' lang='lat' dir='ltr'>in</span> <span class='ocrx_word' id='word_1_148' title='bbox 1649 920 1867 972; x_wconf 66' lang='lat' dir='ltr'>colleyivcm</span> <span class='ocrx_word' id='word_1_149' title='bbox 1892 934 1951 958; x_wconf 83' lang='lat' dir='ltr'>me</span> <span class='ocrx_word' id='word_1_150' title='bbox 1973 924 2108 971; x_wconf 77' lang='lat' dir='ltr'>pasto-</span> 
     </span>
     <span class='ocr_line' id='line_1_15' title="bbox 304 976 2110 1034; baseline -0.004 -14"><span class='ocrx_word' id='word_1_151' title='bbox 304 983 479 1034; x_wconf 72' lang='lat' dir='ltr'>phorum</span> <span class='ocrx_word' id='word_1_152' title='bbox 505 994 680 1022; x_wconf 76' lang='lat' dir='ltr'>suorwn,</span> <span class='ocrx_word' id='word_1_153' title='bbox 705 981 822 1017; x_wconf 81' lang='lat' dir='ltr'>immo</span> <span class='ocrx_word' id='word_1_154' title='bbox 849 979 953 1017; x_wconf 77' lang='lat' dir='ltr'>inter</span> <span class='ocrx_word' id='word_1_155' title='bbox 978 979 1087 1029; x_wconf 73' lang='lat' dir='ltr'>ipsos</span> <span class='ocrx_word' id='word_1_156' title='bbox 1113 979 1376 1017; x_wconf 69' lang='lat' dir='ltr'>decwrionum</span> <span class='ocrx_word' id='word_1_157' title='bbox 1405 976 1724 1028; x_wconf 71' lang='lat' dir='ltr'>quinquennales</span> <span class='ocrx_word' id='word_1_158' title='bbox 1749 977 1920 1028; x_wconf 72' lang='lat' dir='ltr'>adleyic.</span> <span class='ocrx_word' id='word_1_159' title='bbox 1956 977 2110 1015; x_wconf 68' lang='lat' dir='ltr'>Rursus</span> 
     </span>
     <span class='ocr_line' id='line_1_16' title="bbox 309 1033 2108 1090; baseline -0.004 -13"><span class='ocrx_word' id='word_1_160' title='bbox 309 1040 483 1090; x_wconf 78' lang='lat' dir='ltr'>denique</span> <span class='ocrx_word' id='word_1_161' title='bbox 521 1051 600 1089; x_wconf 82' lang='lat' dir='ltr'>qua</span> <span class='ocrx_word' id='word_1_162' title='bbox 637 1050 730 1074; x_wconf 74' lang='lat' dir='ltr'>raso</span> <span class='ocrx_word' id='word_1_163' title='bbox 762 1036 898 1087; x_wconf 74' lang='lat' dir='ltr'>capite</span> <span class='ocrx_word' id='word_1_164' title='bbox 930 1035 1099 1087; x_wconf 72' lang='lat' dir='ltr'>colleyli</span> <span class='ocrx_word' id='word_1_165' title='bbox 1129 1034 1379 1073; x_wconf 60' lang='lat' dir='ltr'>&lt;vetustissimi</span> <span class='ocrx_word' id='word_1_166' title='bbox 1403 1039 1440 1072; x_wconf 80' lang='lat' dir='ltr'>et</span> <span class='ocrx_word' id='word_1_167' title='bbox 1463 1034 1535 1072; x_wconf 70' lang='lat' dir='ltr'>salt</span> <span class='ocrx_word' id='word_1_168' title='bbox 1566 1033 1648 1071; x_wconf 83' lang='lat' dir='ltr'>illis</span> <span class='ocrx_word' id='word_1_169' title='bbox 1686 1033 1827 1072; x_wconf 77' lang='lat' dir='ltr'>Sullae</span> <span class='ocrx_word' id='word_1_170' title='bbox 1864 1033 2108 1084; x_wconf 74' lang='lat' dir='ltr'>temporibus</span> 
     </span>
     <span class='ocr_line' id='line_1_17' title="bbox 309 1090 2110 1142; baseline -0.004 -7"><span class='ocrx_word' id='word_1_171' title='bbox 309 1095 468 1135; x_wconf 73' lang='lat' dir='ltr'>conditi</span> <span class='ocrx_word' id='word_1_172' title='bbox 502 1108 583 1132; x_wconf 79' lang='lat' dir='ltr'>uon</span> <span class='ocrx_word' id='word_1_173' title='bbox 615 1093 852 1132; x_wconf 76' lang='lat' dir='ltr'>obumbrato</span> <span class='ocrx_word' id='word_1_174' title='bbox 885 1092 945 1130; x_wconf 77' lang='lat' dir='ltr'>rel</span> <span class='ocrx_word' id='word_1_175' title='bbox 974 1092 1132 1131; x_wconf 76' lang='lat' dir='ltr'>obtecto</span> <span class='ocrx_word' id='word_1_176' title='bbox 1163 1091 1328 1130; x_wconf 72' lang='lat' dir='ltr'>calvitio</span> <span class='ocrx_word' id='word_1_177' title='bbox 1358 1091 1429 1128; x_wconf 77' lang='lat' dir='ltr'>sed</span> <span class='ocrx_word' id='word_1_178' title='bbox 1457 1104 1758 1142; x_wconf 73' lang='lat' dir='ltr'>quoquoversus</span> <span class='ocrx_word' id='word_1_179' title='bbox 1785 1090 1900 1128; x_wconf 71' lang='lat' dir='ltr'>obvio</span> <span class='ocrx_word' id='word_1_180' title='bbox 1924 1090 2110 1141; x_wconf 71' lang='lat' dir='ltr'>yomlens</span> 
     </span>
     <span class='ocr_line' id='line_1_18' title="bbox 310 1152 499 1191; baseline -0.011 -1"><span class='ocrx_word' id='word_1_181' title='bbox 310 1152 499 1191; x_wconf 55' lang='lat' dir='ltr'>obibann</span> 
     </span>
    </p>

    <p class='ocr_par' dir='ltr' id='par_1_3' title="bbox 309 1203 2113 2116">
     <span class='ocr_line' id='line_1_19' title="bbox 421 1203 2110 1257; baseline -0.002 -11"><span class='ocrx_word' id='word_1_182' title='bbox 421 1207 522 1246; x_wconf 86' lang='lat' dir='ltr'>Dein</span> <span class='ocrx_word' id='word_1_183' title='bbox 550 1206 652 1257; x_wconf 91' lang='lat' dir='ltr'>quod</span> <span class='ocrx_word' id='word_1_184' title='bbox 679 1207 845 1257; x_wconf 73' lang='lat' dir='ltr'>magiam</span> <span class='ocrx_word' id='word_1_185' title='bbox 876 1206 1012 1244; x_wconf 82' lang='lat' dir='ltr'>insano</span> <span class='ocrx_word' id='word_1_186' title='bbox 1043 1219 1170 1257; x_wconf 87' lang='lat' dir='ltr'>paene</span> <span class='ocrx_word' id='word_1_187' title='bbox 1202 1218 1332 1243; x_wconf 90' lang='lat' dir='ltr'>amore</span> <span class='ocrx_word' id='word_1_188' title='bbox 1359 1203 1643 1254; x_wconf 82' lang='lat' dir='ltr'>complectitur,</span> <span class='ocrx_word' id='word_1_189' title='bbox 1671 1216 1784 1253; x_wconf 85' lang='lat' dir='ltr'>quam</span> <span class='ocrx_word' id='word_1_190' title='bbox 1810 1216 1898 1241; x_wconf 90' lang='lat' dir='ltr'>eum</span> <span class='ocrx_word' id='word_1_191' title='bbox 1925 1203 2110 1242; x_wconf 78' lang='lat' dir='ltr'>evitasse.</span> 
     </span>
     <span class='ocr_line' id='line_1_20' title="bbox 310 1258 2111 1316; baseline -0.004 -13"><span class='ocrx_word' id='word_1_192' title='bbox 310 1267 424 1304; x_wconf 88' lang='lat' dir='ltr'>immo</span> <span class='ocrx_word' id='word_1_193' title='bbox 463 1264 593 1316; x_wconf 86' lang='lat' dir='ltr'>potius</span> <span class='ocrx_word' id='word_1_194' title='bbox 630 1264 874 1314; x_wconf 76' lang='lat' dir='ltr'>improbasse</span> <span class='ocrx_word' id='word_1_195' title='bbox 910 1266 1074 1301; x_wconf 85' lang='lat' dir='ltr'>testatur</span> <span class='ocrx_word' id='word_1_196' title='bbox 1116 1263 1226 1301; x_wconf 87' lang='lat' dir='ltr'>locus</span> <span class='ocrx_word' id='word_1_197' title='bbox 1263 1261 1378 1312; x_wconf 86' lang='lat' dir='ltr'>Apol.</span> <span class='ocrx_word' id='word_1_198' title='bbox 1417 1275 1452 1312; x_wconf 91' lang='lat' dir='ltr'>p.</span> <span class='ocrx_word' id='word_1_199' title='bbox 1491 1265 1582 1300; x_wconf 83' lang='lat'>504.</span> <span class='ocrx_word' id='word_1_200' title='bbox 1603 1258 1646 1309; x_wconf 86' lang='lat'>¹),</span> <span class='ocrx_word' id='word_1_201' title='bbox 1684 1274 1799 1311; x_wconf 85' lang='lat' dir='ltr'>quum</span> <span class='ocrx_word' id='word_1_202' title='bbox 1838 1259 2111 1311; x_wconf 83' lang='lat' dir='ltr'>philosophiae</span> 
     </span>
     <span class='ocr_line' id='line_1_21' title="bbox 309 1317 2109 1371; baseline -0.003 -12"><span class='ocrx_word' id='word_1_203' title='bbox 309 1323 447 1361; x_wconf 85' lang='lat' dir='ltr'>studio·</span> <span class='ocrx_word' id='word_1_204' title='bbox 463 1321 512 1359; x_wconf 89' lang='lat' dir='ltr'>ad</span> <span class='ocrx_word' id='word_1_205' title='bbox 538 1321 737 1359; x_wconf 91' lang='lat' dir='ltr'>meliorem</span> <span class='ocrx_word' id='word_1_206' title='bbox 763 1321 865 1359; x_wconf 80' lang='lat' dir='ltr'>vitae</span> <span class='ocrx_word' id='word_1_207' title='bbox 890 1319 1040 1371; x_wconf 82' lang='lat' dir='ltr'>frugem</span> <span class='ocrx_word' id='word_1_208' title='bbox 1066 1323 1324 1358; x_wconf 85' lang='lat' dir='ltr'>revocaretur.</span> <span class='ocrx_word' id='word_1_209' title='bbox 1383 1318 1496 1364; x_wconf 81' lang='lat' dir='ltr'>Quae</span> <span class='ocrx_word' id='word_1_210' title='bbox 1528 1331 1592 1354; x_wconf 88' lang='lat' dir='ltr'>res</span> <span class='ocrx_word' id='word_1_211' title='bbox 1617 1319 1669 1355; x_wconf 82' lang='lat' dir='ltr'>ita</span> <span class='ocrx_word' id='word_1_212' title='bbox 1694 1317 1844 1355; x_wconf 81' lang='lat' dir='ltr'>videtur</span> <span class='ocrx_word' id='word_1_213' title='bbox 1869 1317 2109 1367; x_wconf 83' lang='lat' dir='ltr'>explicanda.</span> 
     </span>
     <span class='ocr_line' id='line_1_22' title="bbox 311 1374 2110 1429; baseline -0.004 -12"><span class='ocrx_word' id='word_1_214' title='bbox 311 1379 464 1417; x_wconf 81' lang='lat' dir='ltr'>Iuvenis</span> <span class='ocrx_word' id='word_1_215' title='bbox 486 1391 602 1429; x_wconf 84' lang='lat' dir='ltr'>quum</span> <span class='ocrx_word' id='word_1_216' title='bbox 630 1378 663 1415; x_wconf 91' lang='lat' dir='ltr'>in</span> <span class='ocrx_word' id='word_1_217' title='bbox 697 1377 862 1415; x_wconf 78' lang='lat' dir='ltr'>Graecia</span> <span class='ocrx_word' id='word_1_218' title='bbox 888 1381 1150 1415; x_wconf 85' lang='lat' dir='ltr'>commoratus</span> <span class='ocrx_word' id='word_1_219' title='bbox 1188 1376 1470 1425; x_wconf 80' lang='lat' dir='ltr'>multorumque</span> <span class='ocrx_word' id='word_1_220' title='bbox 1506 1375 1703 1426; x_wconf 86' lang='lat' dir='ltr'>particeps</span> <span class='ocrx_word' id='word_1_221' title='bbox 1741 1374 1866 1411; x_wconf 85' lang='lat' dir='ltr'>factus</span> <span class='ocrx_word' id='word_1_222' title='bbox 1899 1387 2110 1414; x_wconf 74' lang='lat' dir='ltr'>sacrorum,</span> 
     </span>
     <span class='ocr_line' id='line_1_23' title="bbox 310 1430 2111 1488; baseline -0.003 -14"><span class='ocrx_word' id='word_1_223' title='bbox 310 1435 587 1488; x_wconf 87' lang='lat' dir='ltr'>superstitiosa</span> <span class='ocrx_word' id='word_1_224' title='bbox 623 1448 724 1485; x_wconf 90' lang='lat' dir='ltr'>quae</span> <span class='ocrx_word' id='word_1_225' title='bbox 761 1438 839 1472; x_wconf 87' lang='lat' dir='ltr'>tum</span> <span class='ocrx_word' id='word_1_226' title='bbox 881 1434 1002 1484; x_wconf 79' lang='lat' dir='ltr'>viguit</span> <span class='ocrx_word' id='word_1_227' title='bbox 1037 1434 1224 1484; x_wconf 85' lang='lat' dir='ltr'>temporis</span> <span class='ocrx_word' id='word_1_228' title='bbox 1261 1432 1309 1470; x_wconf 76' lang='lat' dir='ltr'>ad</span> <span class='ocrx_word' id='word_1_229' title='bbox 1347 1433 1511 1481; x_wconf 70' lang='lat' dir='ltr'>magiam</span> <span class='ocrx_word' id='word_1_230' title='bbox 1544 1431 1786 1481; x_wconf 77' lang='lat' dir='ltr'>proclivitate</span> <span class='ocrx_word' id='word_1_231' title='bbox 1822 1430 2111 1470; x_wconf 75' lang='lat' dir='ltr'>accenderetur.</span> 
     </span>
     <span class='ocr_line' id='line_1_24' title="bbox 310 1486 2111 1545; baseline -0.004 -13"><span class='ocrx_word' id='word_1_232' title='bbox 310 1494 578 1545; x_wconf 82' lang='lat' dir='ltr'>opportunitas</span> <span class='ocrx_word' id='word_1_233' title='bbox 607 1505 653 1529; x_wconf 88' lang='lat' dir='ltr'>se</span> <span class='ocrx_word' id='word_1_234' title='bbox 685 1491 823 1529; x_wconf 86' lang='lat' dir='ltr'>obtulit</span> <span class='ocrx_word' id='word_1_235' title='bbox 853 1494 893 1529; x_wconf 92' lang='lat' dir='ltr'>ut</span> <span class='ocrx_word' id='word_1_236' title='bbox 924 1504 1038 1542; x_wconf 85' lang='lat' dir='ltr'>quam</span> <span class='ocrx_word' id='word_1_237' title='bbox 1071 1490 1211 1528; x_wconf 82' lang='lat' dir='ltr'>intimis</span> <span class='ocrx_word' id='word_1_238' title='bbox 1241 1489 1479 1541; x_wconf 76' lang='lat' dir='ltr'>praecordiis</span> <span class='ocrx_word' id='word_1_239' title='bbox 1512 1488 1762 1539; x_wconf 79' lang='lat' dir='ltr'>concepisset</span> <span class='ocrx_word' id='word_1_240' title='bbox 1792 1488 2025 1525; x_wconf 87' lang='lat' dir='ltr'>sententiam</span> <span class='ocrx_word' id='word_1_241' title='bbox 2052 1486 2111 1524; x_wconf 89' lang='lat' dir='ltr'>his</span> 
     </span>
     <span class='ocr_line' id='line_1_25' title="bbox 310 1544 2111 1601; baseline -0.004 -13"><span class='ocrx_word' id='word_1_242' title='bbox 310 1549 644 1601; x_wconf 82' lang='lat' dir='ltr'>Metamorphosis</span> <span class='ocrx_word' id='word_1_243' title='bbox 677 1548 784 1586; x_wconf 87' lang='lat' dir='ltr'>libris</span> <span class='ocrx_word' id='word_1_244' title='bbox 813 1549 1069 1597; x_wconf 79' lang='lat' dir='ltr'>consignaret.</span> <span class='ocrx_word' id='word_1_245' title='bbox 1129 1547 1311 1597; x_wconf 83' lang='lat' dir='ltr'>Denique</span> <span class='ocrx_word' id='word_1_246' title='bbox 1341 1547 1466 1597; x_wconf 82' lang='lat' dir='ltr'>ipsum</span> <span class='ocrx_word' id='word_1_247' title='bbox 1499 1544 1603 1595; x_wconf 82' lang='lat' dir='ltr'>quod</span> <span class='ocrx_word' id='word_1_248' title='bbox 1635 1545 1695 1583; x_wconf 85' lang='lat' dir='ltr'>his</span> <span class='ocrx_word' id='word_1_249' title='bbox 1734 1544 1839 1582; x_wconf 89' lang='lat' dir='ltr'>libris</span> <span class='ocrx_word' id='word_1_250' title='bbox 1871 1544 2028 1582; x_wconf 87' lang='lat' dir='ltr'>traditur</span> <span class='ocrx_word' id='word_1_251' title='bbox 2056 1557 2111 1581; x_wconf 88' lang='lat' dir='ltr'>ar-</span> 
     </span>
     <span class='ocr_line' id='line_1_26' title="bbox 311 1601 2111 1657; baseline -0.003 -12"><span class='ocrx_word' id='word_1_252' title='bbox 311 1611 532 1657; x_wconf 67' lang='lat' dir='ltr'>gumentum</span> <span class='ocrx_word' id='word_1_253' title='bbox 558 1605 708 1643; x_wconf 86' lang='lat' dir='ltr'>iuvenis</span> <span class='ocrx_word' id='word_1_254' title='bbox 734 1605 858 1656; x_wconf 72' lang='lat' dir='ltr'>arguit</span> <span class='ocrx_word' id='word_1_255' title='bbox 884 1603 1102 1650; x_wconf 79' lang='lat' dir='ltr'>lasciviam,</span> <span class='ocrx_word' id='word_1_256' title='bbox 1136 1604 1199 1654; x_wconf 90' lang='lat' dir='ltr'>qui</span> <span class='ocrx_word' id='word_1_257' title='bbox 1232 1603 1373 1654; x_wconf 74' lang='lat' dir='ltr'>lepidis·</span> <span class='ocrx_word' id='word_1_258' title='bbox 1405 1602 1571 1640; x_wconf 88' lang='lat' dir='ltr'>nondum</span> <span class='ocrx_word' id='word_1_259' title='bbox 1604 1607 1642 1639; x_wconf 91' lang='lat' dir='ltr'>et</span> <span class='ocrx_word' id='word_1_260' title='bbox 1675 1601 1891 1640; x_wconf 79' lang='lat' dir='ltr'>libidinosis</span> <span class='ocrx_word' id='word_1_261' title='bbox 1918 1601 2019 1639; x_wconf 80' lang='lat' dir='ltr'>vitae</span> <span class='ocrx_word' id='word_1_262' title='bbox 2044 1615 2111 1639; x_wconf 77' lang='lat' dir='ltr'>vo-</span> 
     </span>
     <span class='ocr_line' id='line_1_27' title="bbox 313 1658 2112 1717; baseline -0.003 -14"><span class='ocrx_word' id='word_1_263' title='bbox 313 1665 523 1717; x_wconf 86' lang='lat' dir='ltr'>luptatibus</span> <span class='ocrx_word' id='word_1_264' title='bbox 548 1677 593 1701; x_wconf 84' lang='lat' dir='ltr'>se</span> <span class='ocrx_word' id='word_1_265' title='bbox 619 1662 864 1700; x_wconf 81' lang='lat' dir='ltr'>abdicasset:</span> <span class='ocrx_word' id='word_1_266' title='bbox 892 1662 1159 1700; x_wconf 84' lang='lat' dir='ltr'>obscenitates</span> <span class='ocrx_word' id='word_1_267' title='bbox 1185 1660 1297 1710; x_wconf 72' lang='lat' dir='ltr'>igitur</span> <span class='ocrx_word' id='word_1_268' title='bbox 1323 1672 1423 1710; x_wconf 86' lang='lat' dir='ltr'>quae</span> <span class='ocrx_word' id='word_1_269' title='bbox 1450 1672 1601 1696; x_wconf 91' lang='lat' dir='ltr'>omnem</span> <span class='ocrx_word' id='word_1_270' title='bbox 1635 1658 1880 1697; x_wconf 84' lang='lat' dir='ltr'>honestatem</span> <span class='ocrx_word' id='word_1_271' title='bbox 1907 1658 2112 1697; x_wconf 82' lang='lat' dir='ltr'>maculant.</span> 
     </span>
     <span class='ocr_line' id='line_1_28' title="bbox 310 1716 2113 1770; baseline -0.004 -10"><span class='ocrx_word' id='word_1_272' title='bbox 310 1727 388 1761; x_wconf 90' lang='lat' dir='ltr'>tam</span> <span class='ocrx_word' id='word_1_273' title='bbox 415 1722 516 1760; x_wconf 87' lang='lat' dir='ltr'>laeto</span> <span class='ocrx_word' id='word_1_274' title='bbox 548 1724 585 1758; x_wconf 91' lang='lat' dir='ltr'>et</span> <span class='ocrx_word' id='word_1_275' title='bbox 616 1719 765 1757; x_wconf 88' lang='lat' dir='ltr'>fervido</span> <span class='ocrx_word' id='word_1_276' title='bbox 791 1718 940 1763; x_wconf 88' lang='lat' dir='ltr'>colore,</span> <span class='ocrx_word' id='word_1_277' title='bbox 967 1722 1044 1756; x_wconf 86' lang='lat' dir='ltr'>tam</span> <span class='ocrx_word' id='word_1_278' title='bbox 1071 1719 1174 1770; x_wconf 84' lang='lat' dir='ltr'>aptis</span> <span class='ocrx_word' id='word_1_279' title='bbox 1200 1717 1247 1755; x_wconf 86' lang='lat' dir='ltr'>ad</span> <span class='ocrx_word' id='word_1_280' title='bbox 1274 1731 1353 1754; x_wconf 92' lang='lat' dir='ltr'>rem</span> <span class='ocrx_word' id='word_1_281' title='bbox 1379 1716 1640 1767; x_wconf 83' lang='lat' dir='ltr'>turpissimam</span> <span class='ocrx_word' id='word_1_282' title='bbox 1666 1716 1798 1753; x_wconf 79' lang='lat' dir='ltr'>verbis</span> <span class='ocrx_word' id='word_1_283' title='bbox 1824 1717 2041 1759; x_wconf 80' lang='lat' dir='ltr'>exornavit,</span> <span class='ocrx_word' id='word_1_284' title='bbox 2073 1720 2113 1753; x_wconf 88' lang='lat' dir='ltr'>ut</span> 
     </span>
     <span class='ocr_line' id='line_1_29' title="bbox 310 1771 2112 1830; baseline -0.004 -13"><span class='ocrx_word' id='word_1_285' title='bbox 310 1781 435 1830; x_wconf 91' lang='lat' dir='ltr'>ipsum</span> <span class='ocrx_word' id='word_1_286' title='bbox 460 1782 657 1816; x_wconf 86' lang='lat' dir='ltr'>auctorem</span> <span class='ocrx_word' id='word_1_287' title='bbox 683 1776 946 1815; x_wconf 87' lang='lat' dir='ltr'>oblectatione</span> <span class='ocrx_word' id='word_1_288' title='bbox 972 1775 1071 1814; x_wconf 87' lang='lat' dir='ltr'>haec</span> <span class='ocrx_word' id='word_1_289' title='bbox 1095 1778 1320 1824; x_wconf 76' lang='lat' dir='ltr'>argumenta</span> <span class='ocrx_word' id='word_1_290' title='bbox 1345 1774 1564 1824; x_wconf 82' lang='lat' dir='ltr'>amplexum</span> <span class='ocrx_word' id='word_1_291' title='bbox 1592 1786 1685 1810; x_wconf 83' lang='lat' dir='ltr'>esse</span> <span class='ocrx_word' id='word_1_292' title='bbox 1711 1772 1954 1823; x_wconf 78' lang='lat' dir='ltr'>intelligatur.</span> <span class='ocrx_word' id='word_1_293' title='bbox 1999 1771 2112 1810; x_wconf 88' lang='lat' dir='ltr'>Prae-</span> 
     </span>
     <span class='ocr_line' id='line_1_30' title="bbox 309 1829 2112 1881; baseline -0.004 -7"><span class='ocrx_word' id='word_1_294' title='bbox 309 1841 418 1874; x_wconf 87' lang='lat' dir='ltr'>terea</span> <span class='ocrx_word' id='word_1_295' title='bbox 451 1835 485 1872; x_wconf 89' lang='lat' dir='ltr'>in</span> <span class='ocrx_word' id='word_1_296' title='bbox 512 1834 718 1872; x_wconf 86' lang='lat' dir='ltr'>iuvenilem</span> <span class='ocrx_word' id='word_1_297' title='bbox 744 1837 913 1871; x_wconf 85' lang='lat' dir='ltr'>aetatem</span> <span class='ocrx_word' id='word_1_298' title='bbox 940 1846 987 1871; x_wconf 88' lang='lat' dir='ltr'>ea</span> <span class='ocrx_word' id='word_1_299' title='bbox 1012 1837 1157 1871; x_wconf 81' lang='lat' dir='ltr'>tantum</span> <span class='ocrx_word' id='word_1_300' title='bbox 1190 1831 1421 1869; x_wconf 80' lang='lat' dir='ltr'>conveniunt</span> <span class='ocrx_word' id='word_1_301' title='bbox 1446 1833 1543 1871; x_wconf 78' lang='lat' dir='ltr'>eius,</span> <span class='ocrx_word' id='word_1_302' title='bbox 1571 1831 1632 1881; x_wconf 86' lang='lat' dir='ltr'>qui</span> <span class='ocrx_word' id='word_1_303' title='bbox 1660 1831 1693 1867; x_wconf 89' lang='lat' dir='ltr'>iu</span> <span class='ocrx_word' id='word_1_304' title='bbox 1721 1830 1852 1867; x_wconf 90' lang='lat' dir='ltr'>intimo</span> <span class='ocrx_word' id='word_1_305' title='bbox 1873 1829 2112 1880; x_wconf 84' lang='lat' dir='ltr'>voluptatum</span> 
     </span>
     <span class='ocr_line' id='line_1_31' title="bbox 311 1887 2112 1941; baseline -0.004 -11"><span class='ocrx_word' id='word_1_306' title='bbox 311 1893 455 1940; x_wconf 61' lang='lat' dir='ltr'>gremio</span> <span class='ocrx_word' id='word_1_307' title='bbox 479 1891 592 1930; x_wconf 80' lang='lat' dir='ltr'>facile</span> <span class='ocrx_word' id='word_1_308' title='bbox 612 1891 660 1929; x_wconf 87' lang='lat' dir='ltr'>ad</span> <span class='ocrx_word' id='word_1_309' title='bbox 687 1904 765 1928; x_wconf 91' lang='lat' dir='ltr'>rem</span> <span class='ocrx_word' id='word_1_310' title='bbox 792 1895 869 1929; x_wconf 89' lang='lat' dir='ltr'>tam</span> <span class='ocrx_word' id='word_1_311' title='bbox 895 1903 1075 1941; x_wconf 85' lang='lat' dir='ltr'>spurcam</span> <span class='ocrx_word' id='word_1_312' title='bbox 1104 1893 1260 1938; x_wconf 83' lang='lat' dir='ltr'>tamque</span> <span class='ocrx_word' id='word_1_313' title='bbox 1286 1887 1559 1926; x_wconf 83' lang='lat' dir='ltr'>detestabilem</span> <span class='ocrx_word' id='word_1_314' title='bbox 1587 1887 1846 1927; x_wconf 83' lang='lat' dir='ltr'>delaberetur,</span> <span class='ocrx_word' id='word_1_315' title='bbox 1873 1900 1999 1937; x_wconf 82' lang='lat' dir='ltr'>neque</span> <span class='ocrx_word' id='word_1_316' title='bbox 2022 1900 2112 1923; x_wconf 86' lang='lat' dir='ltr'>vero</span> 
     </span>
     <span class='ocr_line' id='line_1_32' title="bbox 310 1943 2112 1998; baseline -0.004 -11"><span class='ocrx_word' id='word_1_317' title='bbox 310 1951 346 1988; x_wconf 88' lang='lat' dir='ltr'>in</span> <span class='ocrx_word' id='word_1_318' title='bbox 374 1950 491 1987; x_wconf 82' lang='lat' dir='ltr'>virum</span> <span class='ocrx_word' id='word_1_319' title='bbox 518 1952 648 1987; x_wconf 86' lang='lat' dir='ltr'>aetate</span> <span class='ocrx_word' id='word_1_320' title='bbox 674 1949 747 1986; x_wconf 87' lang='lat' dir='ltr'>iam</span> <span class='ocrx_word' id='word_1_321' title='bbox 773 1947 1054 1998; x_wconf 87' lang='lat' dir='ltr'>provectiorem</span> <span class='ocrx_word' id='word_1_322' title='bbox 1081 1946 1325 1995; x_wconf 79' lang='lat' dir='ltr'>eundemque</span> <span class='ocrx_word' id='word_1_323' title='bbox 1352 1944 1647 1996; x_wconf 87' lang='lat' dir='ltr'>philosophum,</span> <span class='ocrx_word' id='word_1_324' title='bbox 1674 1944 1735 1994; x_wconf 83' lang='lat' dir='ltr'>qui</span> <span class='ocrx_word' id='word_1_325' title='bbox 1764 1943 1918 1993; x_wconf 75' lang='lat' dir='ltr'>gloriari</span> <span class='ocrx_word' id='word_1_326' title='bbox 1944 1958 2015 1981; x_wconf 89' lang='lat' dir='ltr'>nou</span> <span class='ocrx_word' id='word_1_327' title='bbox 2048 1943 2112 1981; x_wconf 87' lang='lat' dir='ltr'>du-</span> 
     </span>
     <span class='ocr_line' id='line_1_33' title="bbox 312 2001 2112 2051; baseline -0.004 -6"><span class='ocrx_word' id='word_1_328' title='bbox 312 2007 487 2045; x_wconf 90' lang='lat' dir='ltr'>bitaverit</span> <span class='ocrx_word' id='word_1_329' title='bbox 517 2019 562 2043; x_wconf 92' lang='lat' dir='ltr'>se</span> <span class='ocrx_word' id='word_1_330' title='bbox 594 2006 760 2043; x_wconf 89' lang='lat' dir='ltr'>onmium</span> <span class='ocrx_word' id='word_1_331' title='bbox 793 2004 909 2042; x_wconf 89' lang='lat' dir='ltr'>deum</span> <span class='ocrx_word' id='word_1_332' title='bbox 941 2017 1034 2041; x_wconf 86' lang='lat' dir='ltr'>esse</span> <span class='ocrx_word' id='word_1_333' title='bbox 1068 2003 1312 2041; x_wconf 85' lang='lat' dir='ltr'>sacerdotem</span> <span class='ocrx_word' id='word_1_334' title='bbox 1329 2001 1383 2051; x_wconf 76' lang='lat'>2),</span> <span class='ocrx_word' id='word_1_335' title='bbox 1420 2006 1459 2039; x_wconf 88' lang='lat' dir='ltr'>et</span> <span class='ocrx_word' id='word_1_336' title='bbox 1497 2001 1586 2039; x_wconf 87' lang='lat' dir='ltr'>nihil</span> <span class='ocrx_word' id='word_1_337' title='bbox 1620 2014 1667 2040; x_wconf 82' lang='lat' dir='ltr'>se</span> <span class='ocrx_word' id='word_1_338' title='bbox 1698 2014 1863 2050; x_wconf 82' lang='lat' dir='ltr'>unquam</span> <span class='ocrx_word' id='word_1_339' title='bbox 1896 2002 2112 2051; x_wconf 78' lang='lat' dir='ltr'>cogitasse,</span> 
     </span>
     <span class='ocr_line' id='line_1_34' title="bbox 310 2060 916 2116; baseline -0.007 -13"><span class='ocrx_word' id='word_1_340' title='bbox 310 2064 414 2116; x_wconf 83' lang='lat' dir='ltr'>quod</span> <span class='ocrx_word' id='word_1_341' title='bbox 439 2063 567 2114; x_wconf 87' lang='lat' dir='ltr'>eloqui</span> <span class='ocrx_word' id='word_1_342' title='bbox 594 2076 668 2100; x_wconf 91' lang='lat' dir='ltr'>non</span> <span class='ocrx_word' id='word_1_343' title='bbox 693 2062 855 2100; x_wconf 86' lang='lat' dir='ltr'>auderet</span> <span class='ocrx_word' id='word_1_344' title='bbox 868 2060 916 2110; x_wconf 78' lang='grc'>3).</span> 
     </span>
    </p>

    <p class='ocr_par' dir='ltr' id='par_1_4' title="bbox 311 2115 2115 2454">
     <span class='ocr_line' id='line_1_35' title="bbox 424 2115 2115 2169; baseline -0.004 -11"><span class='ocrx_word' id='word_1_345' title='bbox 424 2120 627 2159; x_wconf 83' lang='lat' dir='ltr'>Silentium</span> <span class='ocrx_word' id='word_1_346' title='bbox 661 2132 769 2163; x_wconf 78' lang='lat' dir='ltr'>vero,</span> <span class='ocrx_word' id='word_1_347' title='bbox 803 2132 879 2169; x_wconf 88' lang='lat' dir='ltr'>quo</span> <span class='ocrx_word' id='word_1_348' title='bbox 912 2118 999 2169; x_wconf 89' lang='lat' dir='ltr'>ipse</span> <span class='ocrx_word' id='word_1_349' title='bbox 1029 2122 1163 2156; x_wconf 86' lang='lat' dir='ltr'>auctor</span> <span class='ocrx_word' id='word_1_350' title='bbox 1193 2117 1266 2155; x_wconf 88' lang='lat' dir='ltr'>boc</span> <span class='ocrx_word' id='word_1_351' title='bbox 1291 2130 1402 2154; x_wconf 90' lang='lat' dir='ltr'>suum</span> <span class='ocrx_word' id='word_1_352' title='bbox 1436 2129 1534 2167; x_wconf 90' lang='lat' dir='ltr'>opus</span> <span class='ocrx_word' id='word_1_353' title='bbox 1561 2115 1703 2164; x_wconf 79' lang='lat' dir='ltr'>ubique</span> <span class='ocrx_word' id='word_1_354' title='bbox 1728 2115 1921 2165; x_wconf 80' lang='lat' dir='ltr'>transigit,</span> <span class='ocrx_word' id='word_1_355' title='bbox 1953 2128 2026 2152; x_wconf 90' lang='lat' dir='ltr'>non</span> <span class='ocrx_word' id='word_1_356' title='bbox 2053 2118 2115 2152; x_wconf 85' lang='lat' dir='ltr'>est</span> 
     </span>
     <span class='ocr_line' id='line_1_36' title="bbox 311 2171 2113 2228; baseline -0.004 -12"><span class='ocrx_word' id='word_1_357' title='bbox 311 2179 468 2223; x_wconf 88' lang='lat' dir='ltr'>indicio,</span> <span class='ocrx_word' id='word_1_358' title='bbox 512 2181 604 2228; x_wconf 86' lang='lat' dir='ltr'>post</span> <span class='ocrx_word' id='word_1_359' title='bbox 641 2180 793 2214; x_wconf 87' lang='lat' dir='ltr'>ceteros</span> <span class='ocrx_word' id='word_1_360' title='bbox 830 2176 867 2215; x_wconf 91' lang='lat' dir='ltr'>id</span> <span class='ocrx_word' id='word_1_361' title='bbox 905 2175 1124 2214; x_wconf 83' lang='lat' dir='ltr'>confectum</span> <span class='ocrx_word' id='word_1_362' title='bbox 1161 2188 1254 2212; x_wconf 83' lang='lat' dir='ltr'>esse</span> <span class='ocrx_word' id='word_1_363' title='bbox 1289 2174 1424 2215; x_wconf 79' lang='lat' dir='ltr'>libros:</span> <span class='ocrx_word' id='word_1_364' title='bbox 1463 2172 1566 2222; x_wconf 80' lang='lat' dir='ltr'>quod</span> <span class='ocrx_word' id='word_1_365' title='bbox 1599 2185 1684 2209; x_wconf 90' lang='lat' dir='ltr'>eum</span> <span class='ocrx_word' id='word_1_366' title='bbox 1716 2172 1802 2210; x_wconf 86' lang='lat' dir='ltr'>sine</span> <span class='ocrx_word' id='word_1_367' title='bbox 1827 2171 1944 2209; x_wconf 87' lang='lat' dir='ltr'>dubio</span> <span class='ocrx_word' id='word_1_368' title='bbox 1971 2185 2113 2215; x_wconf 90' lang='lat' dir='ltr'>earum,</span> 
     </span>
     <span class='ocr_line' id='line_1_37' title="bbox 312 2228 2112 2287; baseline -0.004 -14"><span class='ocrx_word' id='word_1_369' title='bbox 312 2248 411 2287; x_wconf 82' lang='lat' dir='ltr'>quae</span> <span class='ocrx_word' id='word_1_370' title='bbox 438 2233 714 2286; x_wconf 89' lang='lat' dir='ltr'>philosophum</span> <span class='ocrx_word' id='word_1_371' title='bbox 741 2247 787 2271; x_wconf 86' lang='lat' dir='ltr'>ac</span> <span class='ocrx_word' id='word_1_372' title='bbox 812 2234 975 2284; x_wconf 91' lang='lat' dir='ltr'>probum</span> <span class='ocrx_word' id='word_1_373' title='bbox 1007 2232 1199 2270; x_wconf 91' lang='lat' dir='ltr'>hominem</span> <span class='ocrx_word' id='word_1_374' title='bbox 1232 2230 1496 2269; x_wconf 86' lang='lat' dir='ltr'>dehonestant</span> <span class='ocrx_word' id='word_1_375' title='bbox 1527 2229 1810 2267; x_wconf 84' lang='lat' dir='ltr'>obscenitatum</span> <span class='ocrx_word' id='word_1_376' title='bbox 1841 2228 1941 2266; x_wconf 87' lang='lat' dir='ltr'>adeo</span> <span class='ocrx_word' id='word_1_377' title='bbox 1968 2228 2112 2279; x_wconf 81' lang='lat' dir='ltr'>puduit.</span> 
     </span>
     <span class='ocr_line' id='line_1_38' title="bbox 311 2285 2114 2340; baseline -0.004 -10"><span class='ocrx_word' id='word_1_378' title='bbox 311 2296 351 2330; x_wconf 90' lang='lat' dir='ltr'>ut</span> <span class='ocrx_word' id='word_1_379' title='bbox 377 2306 446 2330; x_wconf 84' lang='lat' dir='ltr'>eas</span> <span class='ocrx_word' id='word_1_380' title='bbox 471 2292 505 2329; x_wconf 91' lang='lat' dir='ltr'>in</span> <span class='ocrx_word' id='word_1_381' title='bbox 534 2291 658 2328; x_wconf 89' lang='lat' dir='ltr'>lucem</span> <span class='ocrx_word' id='word_1_382' title='bbox 684 2291 803 2328; x_wconf 86' lang='lat' dir='ltr'>emitti</span> <span class='ocrx_word' id='word_1_383' title='bbox 830 2304 904 2328; x_wconf 89' lang='lat' dir='ltr'>non</span> <span class='ocrx_word' id='word_1_384' title='bbox 930 2292 1137 2340; x_wconf 84' lang='lat' dir='ltr'>pateretur.</span> <span class='ocrx_word' id='word_1_385' title='bbox 1198 2288 1276 2326; x_wconf 89' lang='lat' dir='ltr'>lam</span> <span class='ocrx_word' id='word_1_386' title='bbox 1303 2288 1405 2338; x_wconf 81' lang='lat' dir='ltr'>quod</span> <span class='ocrx_word' id='word_1_387' title='bbox 1433 2285 1616 2324; x_wconf 83' lang='lat' dir='ltr'>Bosscha</span> <span class='ocrx_word' id='word_1_388' title='bbox 1641 2287 1841 2337; x_wconf 87' lang='lat' dir='ltr'>proposuit</span> <span class='ocrx_word' id='word_1_389' title='bbox 1867 2285 1915 2323; x_wconf 90' lang='lat' dir='ltr'>de</span> <span class='ocrx_word' id='word_1_390' title='bbox 1940 2290 2114 2336; x_wconf 89' lang='lat' dir='ltr'>tempore</span> 
     </span>
     <span class='ocr_line' id='line_1_39' title="bbox 312 2342 2112 2400; baseline -0.004 -13"><span class='ocrx_word' id='word_1_391' title='bbox 312 2364 388 2400; x_wconf 78' lang='lat' dir='ltr'>quo</span> <span class='ocrx_word' id='word_1_392' title='bbox 420 2349 638 2399; x_wconf 86' lang='lat' dir='ltr'>conscripta</span> <span class='ocrx_word' id='word_1_393' title='bbox 668 2347 717 2384; x_wconf 88' lang='lat' dir='ltr'>sit</span> <span class='ocrx_word' id='word_1_394' title='bbox 750 2346 1104 2397; x_wconf 79' lang='lat' dir='ltr'>Metamorphosis,</span> <span class='ocrx_word' id='word_1_395' title='bbox 1137 2345 1227 2383; x_wconf 89' lang='lat' dir='ltr'>lmic</span> <span class='ocrx_word' id='word_1_396' title='bbox 1258 2345 1316 2383; x_wconf 89' lang='lat' dir='ltr'>sic</span> <span class='ocrx_word' id='word_1_397' title='bbox 1347 2356 1548 2382; x_wconf 82' lang='lat' dir='ltr'>occurrere</span> <span class='ocrx_word' id='word_1_398' title='bbox 1581 2343 1670 2380; x_wconf 90' lang='lat' dir='ltr'>licet</span> <span class='ocrx_word' id='word_1_399' title='bbox 1701 2348 1740 2380; x_wconf 91' lang='lat' dir='ltr'>ut</span> <span class='ocrx_word' id='word_1_400' title='bbox 1771 2356 1960 2393; x_wconf 88' lang='lat' dir='ltr'>ponamus</span> <span class='ocrx_word' id='word_1_401' title='bbox 1993 2342 2112 2379; x_wconf 89' lang='lat' dir='ltr'>libros</span> 
     </span>
     <span class='ocr_line' id='line_1_40' title="bbox 312 2399 2114 2454; baseline -0.005 -10"><span class='ocrx_word' id='word_1_402' title='bbox 312 2407 508 2444; x_wconf 87' lang='lat' dir='ltr'>etiamtum</span> <span class='ocrx_word' id='word_1_403' title='bbox 535 2405 569 2441; x_wconf 91' lang='lat' dir='ltr'>in</span> <span class='ocrx_word' id='word_1_404' title='bbox 596 2404 747 2441; x_wconf 87' lang='lat' dir='ltr'>scriniis</span> <span class='ocrx_word' id='word_1_405' title='bbox 773 2417 864 2441; x_wconf 85' lang='lat' dir='ltr'>esse</span> <span class='ocrx_word' id='word_1_406' title='bbox 890 2404 1107 2454; x_wconf 62' lang='lat' dir='ltr'>repositos„</span> <span class='ocrx_word' id='word_1_407' title='bbox 1133 2408 1172 2440; x_wconf 88' lang='lat' dir='ltr'>ut</span> <span class='ocrx_word' id='word_1_408' title='bbox 1197 2402 1244 2440; x_wconf 91' lang='lat' dir='ltr'>ad</span> <span class='ocrx_word' id='word_1_409' title='bbox 1267 2416 1336 2439; x_wconf 85' lang='lat' dir='ltr'>eos</span> <span class='ocrx_word' id='word_1_410' title='bbox 1353 2414 1583 2453; x_wconf 70' lang='lat' dir='ltr'>provocare</span> <span class='ocrx_word' id='word_1_411' title='bbox 1603 2414 1683 2437; x_wconf 74' lang='lat' dir='ltr'>non</span> <span class='ocrx_word' id='word_1_412' title='bbox 1699 2404 1865 2450; x_wconf 76' lang='lat' dir='ltr'>possent</span> <span class='ocrx_word' id='word_1_413' title='bbox 1882 2399 2114 2437; x_wconf 72' lang='lat' dir='ltr'>wlversarii.</span> 
     </span>
    </p>

    <p class='ocr_par' dir='ltr' id='par_1_5' title="bbox 312 2454 2114 2911">
     <span class='ocr_line' id='line_1_41' title="bbox 427 2454 2114 2508; baseline -0.005 -8"><span class='ocrx_word' id='word_1_414' title='bbox 427 2462 605 2500; x_wconf 85' lang='lat' dir='ltr'>Ceterum</span> <span class='ocrx_word' id='word_1_415' title='bbox 638 2461 792 2499; x_wconf 87' lang='lat' dir='ltr'>etiamsi</span> <span class='ocrx_word' id='word_1_416' title='bbox 823 2460 1102 2504; x_wconf 79' lang='lat' dir='ltr'>concedamus,</span> <span class='ocrx_word' id='word_1_417' title='bbox 1136 2473 1209 2497; x_wconf 90' lang='lat' dir='ltr'>non</span> <span class='ocrx_word' id='word_1_418' title='bbox 1241 2460 1274 2496; x_wconf 89' lang='lat' dir='ltr'>in</span> <span class='ocrx_word' id='word_1_419' title='bbox 1308 2458 1459 2496; x_wconf 88' lang='lat' dir='ltr'>scriniis</span> <span class='ocrx_word' id='word_1_420' title='bbox 1485 2457 1681 2508; x_wconf 86' lang='lat' dir='ltr'>repositos</span> <span class='ocrx_word' id='word_1_421' title='bbox 1708 2455 1832 2494; x_wconf 80' lang='lat' dir='ltr'>fuisse</span> <span class='ocrx_word' id='word_1_422' title='bbox 1859 2455 1930 2492; x_wconf 89' lang='lat' dir='ltr'>hos</span> <span class='ocrx_word' id='word_1_423' title='bbox 1957 2454 2114 2506; x_wconf 80' lang='lat' dir='ltr'>Apuleii</span> 
     </span>
     <span class='ocr_line' id='line_1_42' title="bbox 314 2512 2114 2565; baseline -0.004 -8"><span class='ocrx_word' id='word_1_424' title='bbox 314 2520 449 2565; x_wconf 76' lang='lat' dir='ltr'>libros,</span> <span class='ocrx_word' id='word_1_425' title='bbox 480 2522 607 2557; x_wconf 89' lang='lat' dir='ltr'>tamen</span> <span class='ocrx_word' id='word_1_426' title='bbox 640 2517 849 2556; x_wconf 86' lang='lat' dir='ltr'>mirandum</span> <span class='ocrx_word' id='word_1_427' title='bbox 883 2531 955 2554; x_wconf 91' lang='lat' dir='ltr'>non</span> <span class='ocrx_word' id='word_1_428' title='bbox 988 2520 1065 2559; x_wconf 80' lang='lat' dir='ltr'>est,</span> <span class='ocrx_word' id='word_1_429' title='bbox 1097 2516 1406 2554; x_wconf 76' lang='lat' dir='ltr'>adversariorum</span> <span class='ocrx_word' id='word_1_430' title='bbox 1440 2514 1610 2552; x_wconf 87' lang='lat' dir='ltr'>notitiam</span> <span class='ocrx_word' id='word_1_431' title='bbox 1642 2526 1712 2549; x_wconf 85' lang='lat' dir='ltr'>eos</span> <span class='ocrx_word' id='word_1_432' title='bbox 1740 2512 1907 2561; x_wconf 67' lang='lat' dir='ltr'>fugisse,</span> <span class='ocrx_word' id='word_1_433' title='bbox 1941 2513 2002 2562; x_wconf 84' lang='lat' dir='ltr'>qui</span> <span class='ocrx_word' id='word_1_434' title='bbox 2029 2526 2114 2549; x_wconf 87' lang='lat' dir='ltr'>cum</span> 
     </span>
     <span class='ocr_line' id='line_1_43' title="bbox 312 2569 2112 2625; baseline -0.005 -11"><span class='ocrx_word' id='word_1_435' title='bbox 312 2576 531 2614; x_wconf 82' lang='lat' dir='ltr'>stultissimi</span> <span class='ocrx_word' id='word_1_436' title='bbox 559 2575 763 2625; x_wconf 85' lang='lat' dir='ltr'>omnisque</span> <span class='ocrx_word' id='word_1_437' title='bbox 790 2578 828 2612; x_wconf 91' lang='lat' dir='ltr'>et</span> <span class='ocrx_word' id='word_1_438' title='bbox 853 2587 1018 2623; x_wconf 67' lang='lat' dir='ltr'>graecae</span> <span class='ocrx_word' id='word_1_439' title='bbox 1044 2578 1082 2611; x_wconf 89' lang='lat' dir='ltr'>et</span> <span class='ocrx_word' id='word_1_440' title='bbox 1109 2573 1249 2611; x_wconf 86' lang='lat' dir='ltr'>latinae</span> <span class='ocrx_word' id='word_1_441' title='bbox 1277 2573 1506 2610; x_wconf 89' lang='lat' dir='ltr'>litteraturae</span> <span class='ocrx_word' id='word_1_442' title='bbox 1533 2569 1647 2622; x_wconf 89' lang='lat' dir='ltr'>plane</span> <span class='ocrx_word' id='word_1_443' title='bbox 1673 2570 1834 2620; x_wconf 87' lang='lat' dir='ltr'>imperiti</span> <span class='ocrx_word' id='word_1_444' title='bbox 1862 2575 2008 2613; x_wconf 82' lang='lat' dir='ltr'>essent,</span> <span class='ocrx_word' id='word_1_445' title='bbox 2035 2573 2112 2607; x_wconf 86' lang='lat' dir='ltr'>tum</span> 
     </span>
     <span class='ocr_line' id='line_1_44' title="bbox 316 2626 2113 2684; baseline -0.004 -13"><span class='ocrx_word' id='word_1_446' title='bbox 316 2633 469 2684; x_wconf 76' lang='lat' dir='ltr'>Apuleii</span> <span class='ocrx_word' id='word_1_447' title='bbox 493 2632 638 2683; x_wconf 84' lang='lat' dir='ltr'>scripta</span> <span class='ocrx_word' id='word_1_448' title='bbox 665 2633 815 2669; x_wconf 90' lang='lat' dir='ltr'>omniuo</span> <span class='ocrx_word' id='word_1_449' title='bbox 842 2633 1059 2680; x_wconf 73' lang='lat' dir='ltr'>ignorarent</span> <span class='ocrx_word' id='word_1_450' title='bbox 1085 2630 1257 2680; x_wconf 88' lang='lat' dir='ltr'>plurima.</span> <span class='ocrx_word' id='word_1_451' title='bbox 1307 2630 1432 2675; x_wconf 73' lang='lat' dir='ltr'>Quam</span> <span class='ocrx_word' id='word_1_452' title='bbox 1459 2640 1590 2678; x_wconf 89' lang='lat' dir='ltr'>parum</span> <span class='ocrx_word' id='word_1_453' title='bbox 1618 2640 1708 2663; x_wconf 81' lang='lat' dir='ltr'>vero</span> <span class='ocrx_word' id='word_1_454' title='bbox 1734 2626 1893 2664; x_wconf 88' lang='lat' dir='ltr'>aliorum</span> <span class='ocrx_word' id='word_1_455' title='bbox 1921 2626 2113 2663; x_wconf 88' lang='lat' dir='ltr'>hominum</span> 
     </span>
     <span class='ocr_line' id='line_1_45' title="bbox 313 2683 2113 2741; baseline -0.004 -14"><span class='ocrx_word' id='word_1_456' title='bbox 313 2703 524 2741; x_wconf 88' lang='lat' dir='ltr'>eorumque</span> <span class='ocrx_word' id='word_1_457' title='bbox 539 2689 738 2727; x_wconf 86' lang='lat' dir='ltr'>doctorum</span> <span class='ocrx_word' id='word_1_458' title='bbox 753 2688 896 2727; x_wconf 86' lang='lat' dir='ltr'>auxilia</span> <span class='ocrx_word' id='word_1_459' title='bbox 915 2688 949 2725; x_wconf 90' lang='lat' dir='ltr'>in</span> <span class='ocrx_word' id='word_1_460' title='bbox 970 2687 1172 2724; x_wconf 83' lang='lat' dir='ltr'>consilium</span> <span class='ocrx_word' id='word_1_461' title='bbox 1193 2686 1255 2723; x_wconf 85' lang='lat' dir='ltr'>isti</span> <span class='ocrx_word' id='word_1_462' title='bbox 1278 2686 1508 2723; x_wconf 77' lang='lat' dir='ltr'>vocaverint.</span> <span class='ocrx_word' id='word_1_463' title='bbox 1529 2698 1551 2722; x_wconf 87' lang='lat' dir='ltr'>a</span> <span class='ocrx_word' id='word_1_464' title='bbox 1566 2683 1717 2733; x_wconf 78' lang='lat' dir='ltr'>quilms.</span> <span class='ocrx_word' id='word_1_465' title='bbox 1732 2683 1922 2732; x_wconf 85' lang='lat' dir='ltr'>siquidem</span> <span class='ocrx_word' id='word_1_466' title='bbox 1939 2683 1972 2720; x_wconf 92' lang='lat' dir='ltr'>in</span> <span class='ocrx_word' id='word_1_467' title='bbox 1990 2683 2113 2721; x_wconf 84' lang='lat' dir='ltr'>lucem</span> 
     </span>
     <span class='ocr_line' id='line_1_46' title="bbox 314 2740 2113 2795; baseline -0.005 -10"><span class='ocrx_word' id='word_1_468' title='bbox 314 2747 437 2785; x_wconf 86' lang='lat' dir='ltr'>missa</span> <span class='ocrx_word' id='word_1_469' title='bbox 463 2750 573 2784; x_wconf 88' lang='lat' dir='ltr'>esset</span> <span class='ocrx_word' id='word_1_470' title='bbox 602 2744 955 2795; x_wconf 81' lang='lat' dir='ltr'>Metamorphosis,</span> <span class='ocrx_word' id='word_1_471' title='bbox 989 2744 1159 2781; x_wconf 88' lang='lat' dir='ltr'>notitiam</span> <span class='ocrx_word' id='word_1_472' title='bbox 1187 2743 1269 2780; x_wconf 83' lang='lat' dir='ltr'>eius</span> <span class='ocrx_word' id='word_1_473' title='bbox 1301 2754 1525 2792; x_wconf 88' lang='lat' dir='ltr'>comparare</span> <span class='ocrx_word' id='word_1_474' title='bbox 1550 2740 1623 2777; x_wconf 87' lang='lat' dir='ltr'>sibi</span> <span class='ocrx_word' id='word_1_475' title='bbox 1652 2741 1887 2790; x_wconf 78' lang='lat' dir='ltr'>potuissent,</span> <span class='ocrx_word' id='word_1_476' title='bbox 1920 2752 1968 2777; x_wconf 87' lang='lat' dir='ltr'>ex</span> <span class='ocrx_word' id='word_1_477' title='bbox 1994 2740 2113 2777; x_wconf 87' lang='lat' dir='ltr'>totius</span> 
     </span>
     <span class='ocr_line' id='line_1_47' title="bbox 314 2797 2113 2852; baseline -0.005 -11"><span class='ocrx_word' id='word_1_478' title='bbox 314 2803 574 2842; x_wconf 84' lang='lat' dir='ltr'>accusationis</span> <span class='ocrx_word' id='word_1_479' title='bbox 594 2802 806 2840; x_wconf 85' lang='lat' dir='ltr'>stoliditate</span> <span class='ocrx_word' id='word_1_480' title='bbox 827 2806 942 2852; x_wconf 87' lang='lat' dir='ltr'>atque</span> <span class='ocrx_word' id='word_1_481' title='bbox 968 2801 1121 2851; x_wconf 87' lang='lat' dir='ltr'>ineptiis</span> <span class='ocrx_word' id='word_1_482' title='bbox 1147 2804 1282 2851; x_wconf 84' lang='lat' dir='ltr'>aperte</span> <span class='ocrx_word' id='word_1_483' title='bbox 1308 2798 1564 2849; x_wconf 67' lang='lat' dir='ltr'>cognoscitur.</span> <span class='ocrx_word' id='word_1_484' title='bbox 1598 2797 1658 2834; x_wconf 75' lang='lat' dir='ltr'>Do</span> <span class='ocrx_word' id='word_1_485' title='bbox 1677 2797 1983 2834; x_wconf 85' lang='lat' dir='ltr'>adversariorum</span> <span class='ocrx_word' id='word_1_486' title='bbox 2010 2797 2113 2845; x_wconf 68' lang='lat' dir='ltr'>iguo-</span> 
     </span>
     <span class='ocr_line' id='line_1_48' title="bbox 315 2853 2112 2911; baseline -0.004 -13"><span class='ocrx_word' id='word_1_487' title='bbox 315 2859 637 2911; x_wconf 81' lang='lat' dir='ltr'>rantiaApuleius</span> <span class='ocrx_word' id='word_1_488' title='bbox 652 2861 812 2910; x_wconf 87' lang='lat' dir='ltr'>saepius</span> <span class='ocrx_word' id='word_1_489' title='bbox 827 2862 1032 2905; x_wconf 81' lang='lat' dir='ltr'>memorat3</span> <span class='ocrx_word' id='word_1_490' title='bbox 1059 2857 1107 2894; x_wconf 88' lang='lat' dir='ltr'>cl&#39;.</span> <span class='ocrx_word' id='word_1_491' title='bbox 1125 2861 1269 2909; x_wconf 74' lang='lat' dir='ltr'>p.l158:</span> <span class='ocrx_word' id='word_1_492' title='bbox 1293 2862 1371 2895; x_wconf 80' lang='lat' dir='ltr'>lom</span> <span class='ocrx_word' id='word_1_493' title='bbox 1386 2856 1501 2894; x_wconf 73' lang='lat' dir='ltr'>rudis</span> <span class='ocrx_word' id='word_1_494' title='bbox 1517 2868 1582 2892; x_wconf 80' lang='lat' dir='ltr'>ros</span> <span class='ocrx_word' id='word_1_495' title='bbox 1595 2868 1674 2893; x_wconf 84' lang='lat' dir='ltr'>esse</span> <span class='ocrx_word' id='word_1_496' title='bbox 1689 2854 1861 2892; x_wconf 77' lang='lat' dir='ltr'>onmium</span> <span class='ocrx_word' id='word_1_497' title='bbox 1876 2853 2112 2893; x_wconf 74' lang='lat' dir='ltr'>litterarum.</span> 
     </span>
    </p>
   </div>
   <div class='ocr_carea' id='block_1_3' title="bbox 320 2968 2117 3101">
    <p class='ocr_par' dir='ltr' id='par_1_6' title="bbox 320 2968 2117 3101">
     <span class='ocr_line' id='line_1_49' title="bbox 408 2968 2112 3013; baseline -0.005 -9"><span class='ocrx_word' id='word_1_498' title='bbox 408 2976 443 3011; x_wconf 80' lang='lat'>1]</span> <span class='ocrx_word' id='word_1_499' title='bbox 471 2974 586 3013; x_wconf 72' lang='lat' dir='ltr'>Magia</span> <span class='ocrx_word' id='word_1_500' title='bbox 601 2976 670 3003; x_wconf 69' lang='lat' dir='ltr'>Ista</span> <span class='ocrx_word' id='word_1_501' title='bbox 682 2999 689 3011; x_wconf 74' lang='lat'>‚</span> <span class='ocrx_word' id='word_1_502' title='bbox 716 2979 879 3013; x_wconf 77' lang='lat' dir='ltr'>quantum</span> <span class='ocrx_word' id='word_1_503' title='bbox 894 2983 951 3012; x_wconf 74' lang='lat' dir='ltr'>ego</span> <span class='ocrx_word' id='word_1_504' title='bbox 966 2973 1081 3005; x_wconf 77' lang='lat' dir='ltr'>(tudio,</span> <span class='ocrx_word' id='word_1_505' title='bbox 1107 2981 1161 3001; x_wconf 86' lang='lat' dir='ltr'>res</span> <span class='ocrx_word' id='word_1_506' title='bbox 1175 2976 1227 3000; x_wconf 79' lang='lat' dir='ltr'>est</span> <span class='ocrx_word' id='word_1_507' title='bbox 1240 2972 1363 3009; x_wconf 68' lang='lat' dir='ltr'>legibus</span> <span class='ocrx_word' id='word_1_508' title='bbox 1378 2971 1533 3007; x_wconf 68' lang='lat' dir='ltr'>delegata</span> <span class='ocrx_word' id='word_1_509' title='bbox 1543 2991 1550 3005; x_wconf 89' lang='lat'>,</span> <span class='ocrx_word' id='word_1_510' title='bbox 1570 2971 1636 2998; x_wconf 74' lang='lat' dir='ltr'>ium</span> <span class='ocrx_word' id='word_1_511' title='bbox 1650 2969 1725 2997; x_wconf 71' lang='lat' dir='ltr'>inde</span> <span class='ocrx_word' id='word_1_512' title='bbox 1739 2969 1930 3007; x_wconf 76' lang='lat' dir='ltr'>antiquitus</span> <span class='ocrx_word' id='word_1_513' title='bbox 1945 2968 2112 2997; x_wconf 77' lang='lat' dir='ltr'>duodecim</span> 
     </span>
     <span class='ocr_line' id='line_1_50' title="bbox 320 3015 1787 3059; baseline -0.005 -10"><span class='ocrx_word' id='word_1_514' title='bbox 320 3021 457 3050; x_wconf 76' lang='lat' dir='ltr'>Tabulis</span> <span class='ocrx_word' id='word_1_515' title='bbox 473 3044 478 3050; x_wconf 95' lang='lat'>.</span> <span class='ocrx_word' id='word_1_516' title='bbox 496 3044 502 3050; x_wconf 96' lang='lat'>.</span> <span class='ocrx_word' id='word_1_517' title='bbox 519 3040 524 3046; x_wconf 88' lang='lat'>·</span> <span class='ocrx_word' id='word_1_518' title='bbox 541 3020 735 3048; x_wconf 73' lang='lat' dir='ltr'>interdicta.</span> <span class='ocrx_word' id='word_1_519' title='bbox 784 3020 897 3059; x_wconf 72' lang='lat' dir='ltr'>Igitur</span> <span class='ocrx_word' id='word_1_520' title='bbox 910 3024 944 3048; x_wconf 78' lang='lat' dir='ltr'>ot</span> <span class='ocrx_word' id='word_1_521' title='bbox 957 3019 1092 3048; x_wconf 79' lang='lat' dir='ltr'>occulta</span> <span class='ocrx_word' id='word_1_522' title='bbox 1105 3028 1169 3047; x_wconf 81' lang='lat' dir='ltr'>non</span> <span class='ocrx_word' id='word_1_523' title='bbox 1184 3018 1308 3053; x_wconf 74' lang='lat' dir='ltr'>minus,</span> <span class='ocrx_word' id='word_1_524' title='bbox 1336 3027 1434 3055; x_wconf 76' lang='lat' dir='ltr'>qnam</span> <span class='ocrx_word' id='word_1_525' title='bbox 1451 3021 1543 3044; x_wconf 69' lang='lat' dir='ltr'>tetra</span> <span class='ocrx_word' id='word_1_526' title='bbox 1557 3020 1591 3044; x_wconf 83' lang='lat' dir='ltr'>et</span> <span class='ocrx_word' id='word_1_527' title='bbox 1604 3015 1787 3043; x_wconf 74' lang='lat' dir='ltr'>horribilis.</span> 
     </span>
     <span class='ocr_line' id='line_1_51' title="bbox 406 3059 2117 3101; baseline -0.004 -7"><span class='ocrx_word' id='word_1_528' title='bbox 406 3067 444 3101; x_wconf 77' lang='lat'>2)</span> <span class='ocrx_word' id='word_1_529' title='bbox 470 3068 565 3101; x_wconf 77' lang='lat' dir='ltr'>Apol.</span> <span class='ocrx_word' id='word_1_530' title='bbox 582 3075 609 3100; x_wconf 78' lang='lat' dir='ltr'>p.</span> <span class='ocrx_word' id='word_1_531' title='bbox 626 3069 700 3095; x_wconf 69' lang='lat' dir='ltr'>siti-¹3.</span> <span class='ocrx_word' id='word_1_532' title='bbox 729 3064 778 3094; x_wconf 82' lang='lat' dir='ltr'>An</span> <span class='ocrx_word' id='word_1_533' title='bbox 792 3065 937 3094; x_wconf 70' lang='lat' dir='ltr'>hariolis</span> <span class='ocrx_word' id='word_1_534' title='bbox 951 3065 1028 3093; x_wconf 76' lang='lat' dir='ltr'>licet</span> <span class='ocrx_word' id='word_1_535' title='bbox 1048 3065 1202 3093; x_wconf 75' lang='lat' dir='ltr'>iocinoru</span> <span class='ocrx_word' id='word_1_536' title='bbox 1221 3064 1358 3098; x_wconf 75' lang='lat' dir='ltr'>rimari,</span> <span class='ocrx_word' id='word_1_537' title='bbox 1382 3061 1580 3100; x_wconf 73' lang='lat' dir='ltr'>philosopho</span> <span class='ocrx_word' id='word_1_538' title='bbox 1602 3060 1826 3098; x_wconf 76' lang='lat' dir='ltr'>contemplari</span> <span class='ocrx_word' id='word_1_539' title='bbox 1843 3069 1907 3088; x_wconf 80' lang='lat' dir='ltr'>non</span> <span class='ocrx_word' id='word_1_540' title='bbox 1928 3059 2038 3088; x_wconf 73' lang='lat' dir='ltr'>licebit</span> <span class='ocrx_word' id='word_1_541' title='bbox 2059 3060 2117 3098; x_wconf 81' lang='lat' dir='ltr'>qui</span> 
     </span>
    </p>
   </div>
   <div class='ocr_carea' id='block_1_4' title="bbox 313 3104 1586 3192">
    <p class='ocr_par' dir='ltr' id='par_1_7' title="bbox 313 3104 1586 3192">
     <span class='ocr_line' id='line_1_52' title="bbox 313 3104 1586 3149; baseline -0.003 -11"><span class='ocrx_word' id='word_1_542' title='bbox 313 3121 348 3141; x_wconf 76' lang='lat' dir='ltr'>se</span> <span class='ocrx_word' id='word_1_543' title='bbox 362 3120 389 3141; x_wconf 68' lang='lat' dir='ltr'>st</span> <span class='ocrx_word' id='word_1_544' title='bbox 397 3111 451 3140; x_wconf 77' lang='lat' dir='ltr'>iat</span> <span class='ocrx_word' id='word_1_545' title='bbox 464 3111 606 3139; x_wconf 68' lang='lat' dir='ltr'>omnium</span> <span class='ocrx_word' id='word_1_546' title='bbox 621 3110 817 3140; x_wconf 73' lang='lat' dir='ltr'>am&#39;mah’mn</span> <span class='ocrx_word' id='word_1_547' title='bbox 830 3110 1060 3149; x_wconf 74' lang='lat' dir='ltr'>haruspicem,</span> <span class='ocrx_word' id='word_1_548' title='bbox 1087 3110 1229 3138; x_wconf 72' lang='lat' dir='ltr'>omnium</span> <span class='ocrx_word' id='word_1_549' title='bbox 1244 3108 1336 3137; x_wconf 70' lang='lat' dir='ltr'>deum</span> <span class='ocrx_word' id='word_1_550' title='bbox 1352 3107 1560 3138; x_wconf 71' lang='lat' dir='ltr'>sacerdotem</span> <span class='ocrx_word' id='word_1_551' title='bbox 1571 3104 1586 3134; x_wconf 69' lang='grc' dir='ltr'>ζ)</span> 
     </span>
     <span class='ocr_line' id='line_1_53' title="bbox 404 3158 700 3192; baseline 0 -6"><span class='ocrx_word' id='word_1_552' title='bbox 404 3158 444 3192; x_wconf 74' lang='grc'>8)</span> <span class='ocrx_word' id='word_1_553' title='bbox 470 3159 565 3192; x_wconf 78' lang='lat' dir='ltr'>Apol.</span> <span class='ocrx_word' id='word_1_554' title='bbox 582 3166 609 3192; x_wconf 84' lang='lat' dir='ltr'>p.</span> <span class='ocrx_word' id='word_1_555' title='bbox 625 3159 700 3186; x_wconf 76' lang='lat'>390.</span> 
     </span>
    </p>
   </div>
  </div>
 </body>
</html>
