2155 3590
557 122 745 161 LIBER
774 121 850 163 xl.

907 121 1031 160 CAP.
1062 120 1227 160 XVIII.
1258 120 1378 160 XIX.

1756 118 1863 161 1055

79 232 254 286 Quorum
281 233 487 286 desperata
509 234 592 287 ipse
616 234 732 274 etiam
760 234 857 274 facie
877 240 1094 284 recreatus,
1122 233 1338 273 oblationes
1359 232 1543 272 honestas
1564 230 1676 285 aequi
1695 230 1864 283 bonique

79 289 197 339 facio,
224 288 361 342 quippe
387 303 473 330 cum
494 290 585 330 mihi
604 291 833 341 familiares,
861 290 986 344 quoad
1005 290 1149 331 cultum
1174 296 1418 342 sumtumque
1438 288 1603 341 largiter
1619 287 1862 337 succederet,

80 345 233 386 deferre
258 345 464 400 prospicue
489 354 709 388 curassent.

616 496 1055 543 CAPUT
1162 496 1323 543 XIX.

191 604 334 644 Affatis
359 604 489 658 itaque
515 619 568 645 ex
592 605 715 644 officio
740 605 923 658 singulis,
951 605 1199 658 narratisque
1225 604 1321 644 meis
1347 604 1415 644 *et
1439 604 1643 657 pristinis*
1669 602 1864 643 aerumnis

80 668 118 700 et
150 660 422 714 praesentibus
454 661 627 715 gaudiis,
662 675 723 701 me
752 675 911 701 rursum
942 662 988 701 ad
1020 662 1114 702 deae
1141 661 1405 715 gratissimum
1431 660 1523 699 mihi
1549 661 1679 700 refero
1705 673 1865 712 conspe-

78 790 149 825 ipso
163 791 198 816 et
209 789 392 823 con.1.ips.
429 789 505 825 v'psa
518 792 548 816 ec
571 791 647 818 Bas.
669 791 698 818 1.

79 835 154 863 Bas.
174 835 216 870 1.‚
242 841 338 868 quam
358 835 477 862 acriter
495 835 697 869 impugnavit
719 836 880 863 Stewech.

746 786 976 827 nequibam-'dl
1023 788 1281 827 adfmm‘liares
1302 796 1390 817 mera
1407 792 1456 817 est
1473 788 1679 817 librariorum
1697 788 1813 816 menda
1833 787 1867 815 in

928 833 1141 862 succ-ederent
1163 836 1198 863 B.
1240 833 1421 870 prospicue
1438 834 1474 862 F.
1488 835 1519 862 3.
1539 835 1575 862 G.
1589 834 1623 862 Ο.
1638 834 1674 861 Ρ.
1688 834 1726 861 D.
1747 832 1767 860 f.
1789 840 1815 866 ρ.
1831 833 1866 860 Β.

78 879 218 908 Scriver.
228 901 235 914 ,
261 883 294 907 ut
308 880 476 914 legendum
490 881 610 907 monuit
625 881 710 908 Prie.
735 879 775 907 cf.
790 881 831 907 ad
844 882 918 907 Met.
930 880 954 908 1.
971 887 998 914 p.
1014 881 1066 908 68.
1103 882 1136 906 ee
1149 878 1326 915 prospicue
1340 876 1484 905 Demeas
1498 885 1588 905 meus
1601 877 1635 905 v’u
1650 885 1699 904 me
1712 875 1867 909 consulit,

78 924 134 952 ubi
148 925 258 952 eadem
273 927 321 952 est
335 924 484 952 iectionis
498 925 655 954 varietas.
677 926 714 953 In
729 924 996 960 ceti.perspicue.
1021 925 1138 960 Apage
1152 924 1253 959 igitur
1264 924 1442 952 Siewechii
1455 923 1671 952 coniecturam
1681 929 1867 959 pet-curas-

77 971 162 997 tent.
209 975 380 997 curassem
400 969 434 998 Ο.

168 1012 358 1050 effatisque
373 1013 424 1040 ita
439 1016 474 1042 G.
489 1015 524 1042 P.
542 1016 577 1043 Ι).
613 1014 666 1041 ila
679 1016 715 1042 L.
740 1013 820 1041 mess
831 1022 895 1050 pro
909 1016 945 1040 et
953 1013 1110 1049 pristinis
1123 1015 1158 1042 F.
1175 1016 1203 1042 1.
1219 1015 1248 1042 3.
1275 1013 1356 1041 meis
1371 1016 1409 1040 et
1431 1011 1587 1050 pristinis
1603 1014 1637 1041 G.
1653 1014 1688 1042 P.
1702 1013 1739 1040 D.
1753 1012 1774 1040 f.
1790 1008 1818 1040 δ.
1834 1013 1867 1039 Ο.

79 1060 160 1089 con.
180 1061 275 1088 Voss.
296 1060 442 1093 idemque
461 1067 500 1087 ex
521 1061 588 1087 cod.
608 1061 643 1088 F.
668 1061 695 1087 1.
715 1060 794 1087 Oud.
812 1063 938 1095 enotat,
965 1063 996 1088 at
1010 1059 1041 1087 in
1057 1061 1165 1088 collat.
1180 1059 1395 1093 Lindenbrog.
1416 1062 1525 1093 aperte
1538 1058 1708 1093 scribitur,
1735 1062 1767 1085 ut
1781 1058 1868 1085 dedi.

79 1105 158 1133 Oud.
185 1112 240 1138 per
270 1106 507 1138 polysyndeton
533 1107 643 1138 prohat
668 1107 703 1131 et
720 1103 897 1141 pristinis,
928 1105 986 1132 sed
1010 1105 1139 1133 Ruhnk.
1169 1105 1311 1133 editione
1340 1111 1402 1132 sua
1431 1104 1625 1138 particulam
1649 1111 1712 1131 non
1738 1103 1868 1136 recepit.

78 1157 129 1176 me
142 1149 255 1188 refero
270 1147 299 1178 d.

81 1248 262 1286 divinitus
287 1247 417 1286 datum
444 1248 554 1297 qnasi
580 1261 686 1285 more
713 1247 872 1285 deorum
898 1247 948 1285 de

81 1304 191 1342 coelo
217 1305 393 1349 missum,
419 1305 471 1341 uti
496 1305 569 1341 iam
595 1303 801 1342 Burmann.
828 1317 947 1354 expo-

80 1360 168 1405 suit,
185 1360 367 1398 arrideret
379 1358 500 1403 Oud.,
521 1360 593 1396 nisi
608 1361 817 1398 auctoritas
831 1359 946 1397 codd.

81 1428 169 1453 eum
199 1414 415 1465 impediret.
488 1415 693 1455 Dt'urnum
723 1428 813 1452 vero
841 1415 947 1465 quod

78 1470 239 1509 Medius
259 1472 301 1509 iu
321 1471 427 1509 diem
448 1471 948 1523 lucemqueiuterpretatur,

79 1526 182 1566 Oud.
219 1527 389 1577 explicat
413 1532 684 1578 conspectum,
723 1541 799 1578 quo
823 1527 946 1565 Lucio

80 1589 121 1622 ut
155 1583 298 1621 homini
336 1583 436 1621 diem
475 1597 606 1621 rursus
643 1584 776 1622 videre
820 1584 947 1629 liceat,

81 1641 189 1678 cuius
232 1643 359 1677 tamen
396 1640 688 1687 significationis
725 1640 947 1691 exemplum

81 1695 289 1734 desiderat.
315 1695 401 1734 Nec
417 1696 654 1734 diuturnum,
671 1709 705 1733 en
720 1696 862 1747 placet,
877 1710 949 1734 nec

84 1753 287 1792 diutinum
301 1753 453 1790 caussis
471 1765 544 1790 non
559 1751 712 1790 additis.
728 1752 828 1790 Hinc
842 1757 947 1790 natu-

83 1808 177 1846 ralis
196 1809 361 1847 maxime
381 1812 420 1846 et
441 1807 646 1847 facillimae
671 1810 892 1847 sententiae
912 1810 948 1846 ei

83 1865 232 1904 videtur
242 1878 334 1903 esse
341 1863 488 1903 Brantii
498 1864 718 1902 coniectura
727 1866 948 1905 redivivum

84 1921 143 1959 vel
153 1921 202 1960 N.
213 1921 347 1959 Heius.
361 1920 583 1960 recidivum
590 1921 638 1958 ad
649 1920 765 1960 Ovid.
773 1920 950 1960 FastJV.

84 1977 352 2018 45.illededit
366 1977 498 2030 Capyi
509 1977 731 2016 recidiva
752 1978 952 2017 vocabula

88 2035 237 2073 Troiae
262 2033 309 2072 cf.
336 2046 434 2084 quos
463 2032 593 2072 laudat
617 2032 746 2072 Burni.
772 2034 821 2071 ad
842 2033 950 2084 virg.

80 2085 187 2129 Aen.
212 2089 280 2128 IV.
305 2093 398 2129 344.
436 2088 538 2140 [Hac
562 2103 653 2128 vero
679 2090 951 2128 emendatione

85 2146 177 2185 nihil
201 2145 437 2197 proficimus,
464 2157 579 2196 quum
597 2146 661 2183 vix
675 2150 806 2196 putem
820 2159 948 2184 exem-

84 2203 190 2254 plum
204 2202 363 2253 proferri
379 2215 501 2253 posse
516 2201 630 2239 simili
645 2202 830 2240 dictione:
857 2216 950 2242 con-

84 2263 243 2311 spectus
277 2258 478 2298 rediulvus
509 2257 572 2295 vel
598 2259 800 2298 recidivus
826 2259 876 2296 de
901 2272 948 2296 eo

85 2317 149 2366 qui
174 2315 270 2352 inter
293 2316 405 2352 vivos
429 2314 537 2352 redit.
575 2314 695 2351 Miror
708 2315 819 2364 igitur
833 2314 948 2361 Oud.,

86 2371 150 2423 qui
162 2375 284 2409 totam
300 2371 529 2408 locutionem
545 2370 688 2408 insoliti
703 2371 793 2420 quid
807 2384 950 2421 sapere

84 2441 160 2465 non
175 2427 376 2465 intellexit.
426 2426 524 2473 Quis
545 2427 645 2464 enim
659 2440 772 2477 porro
787 2441 954 2477 unquam

87 2483 184 2522 dixit
208 2487 464 2535 conspectum
490 2483 540 2521 ab
572 2483 717 2532 inferis
741 2484 956 2524 reducem?

87 2539 229 2578 Nonne
255 2543 458 2591 praeterea
489 2544 727 2589 conspectus
751 2540 955 2580 redivivus

89 2601 128 2636 et
150 2596 201 2635 ab
227 2596 371 2646 inferis
395 2595 532 2633 redux
557 2595 657 2632 idem
685 2595 820 2633 esset?
856 2595 957 2634 Hinc

88 2652 200 2703 igitur
242 2653 414 2691 diurnus
455 2664 541 2689 euin
578 2650 688 2688 Mod.
731 2652 958 2703 interpretor

87 2710 129 2747 iu
155 2709 261 2747 diem
286 2708 505 2760 lucemque,
531 2711 708 2758 utsupra
725 2707 820 2745 dixit
833 2708 951 2758 Apul.

88 2764 186 2803 Met.
223 2764 273 2803 X.
316 2777 352 2815 p.
391 2767 484 2805 698.
528 2763 720 2802 remeabit
755 2765 813 2803 acl
844 2765 954 2803 diem

90 2821 285 2860 lucidam.
315 2820 520 2859 Dlurtmm
534 2820 632 2857 enim
648 2833 760 2857 omne
775 2821 955 2871 estquod

89 2877 140 2915 ad
171 2875 271 2915 diem
302 2876 481 2928 pertinet3
519 2876 692 2915 diurnus
724 2875 836 2927 igilur
861 2890 955 2915 con-

33 2977 35 2979 ,
91 2938 252 2984 spectus
276 2933 311 2971 is
338 2933 562 2977 nominatur,
589 2931 651 2982 qui
673 2931 737 2969 die
755 2933 866 2982 quasi
881 2936 956 2978 est,

90 2993 133 3026 ut
163 2990 333 3027 nocturni
366 2992 405 3026 et
430 2989 550 3027 diurni
574 2987 729 3026 labores
755 2988 778 3026 ii
804 2989 867 3038 qui
891 2989 958 3027 diu

90 3049 285 3096 noctuque
298 3046 399 3083 liunt.
441 3045 622 3084 Dlurnus
643 3043 703 3082 bic
723 3045 868 3096 optime
887 3058 957 3096 op—

91 3103 243 3158 ponitur
255 3115 365 3159 seqq.
385 3102 514 3140 verbis
535 3101 585 3141 ab
599 3101 746 3159 inferis
757 3101 959 3144 reducem.

1007 1247 1155 1285 Locum
1182 1248 1351 1287 excitant
1376 1246 1460 1286 lntt.
1486 1247 1536 1285 ad
1561 1246 1593 1285 F
1597 1251 1668 1285 est.
1683 1246 1733 1285 V.
1755 1251 1870 1297 posc-

1007 1304 1175 1349 lt'mim'o,
1202 1317 1300 1353 quos
1326 1303 1373 1342 cf.
1389 1303 1514 1341 Totus
1533 1317 1626 1341 vero
1642 1303 1752 1341 locus
1768 1315 1869 1340 com-

1004 1360 1278 1397 memorandus
1314 1364 1394 1405 est,
1429 1364 1588 1411 propter
1630 1357 1869 1409 singulorum

1005 1415 1206 1453 verborum
1233 1429 1308 1465 qua
1327 1417 1376 1454 ab
1395 1414 1564 1465 Apuleio
1582 1419 1767 1465 usurpata
1781 1418 1871 1452 suut

1008 1471 1255 1509 insolentiam
1265 1501 1275 1516 ,
1301 1485 1416 1522 quam
1429 1473 1491 1509 vix
1505 1471 1608 1522 apud
1621 1475 1777 1523 poetam
1792 1483 1869 1507 ina-

1006 1527 1122 1566 iorem
1149 1540 1241 1566 esse
1267 1527 1423 1566 dixeris.
1470 1526 1527 1564 lta
1545 1529 1580 1565 in
1605 1540 1717 1577 seqq.
1738 1527 1870 1578 (lespe-

1004 1589 1136 1623 ratum
1163 1585 1312 1634 faciem
1345 1597 1431 1621 eam
1463 1584 1648 1630 nominat,
1686 1596 1800 1633 quam
1825 1595 1872 1619 se

1005 1653 1172 1691 unquam
1198 1640 1409 1678 revisurum
1435 1653 1528 1678 esse
1553 1639 1699 1678 Lucius
1729 1639 1870 1690 despe-

1005 1697 1183 1748 raverat.]

1062 1754 1185 1804 aequi
1211 1753 1386 1805 bonique
1407 1753 1538 1804 facio.
1575 1751 1674 1790 Pric.
1701 1751 1870 1802 explicat

1008 1809 1232 1847 oblationes
1257 1810 1426 1860 excipio
1449 1810 1583 1860 matis
1596 1808 1734 1853 verbis,
1760 1809 1871 1859 ipsas

1005 1870 1137 1904 autem
1172 1866 1326 1904 reficio.
1388 1865 1531 1902 Verum
1568 1866 1643 1903 ista
1678 1863 1870 1915 expositio

1011 1920 1236 1959 adversatur
1266 1921 1541 1971 sequentibus,
1577 1921 1641 1958 ubi
1674 1921 1742 1965 ait,
1779 1933 1825 1958 se
1849 1933 1873 1956 a

1009 1976 1261 2016 familiaribus
1297 1977 1373 2015 illis
1409 1977 1525 2028 ipsis,
1562 1976 1611 2015 de
1647 1977 1787 2027 quibus
1811 1976 1872 2014 hic

993 2047 1158 2079 «sermo,
1189 2033 1343 2072 abunde
1369 2047 1469 2085 quae
1493 2033 1544 2072 ad
1567 2035 1707 2072 victum
1732 2046 1874 2084 suppe-

1008 2093 1134 2128 terent
1145 2090 1363 2141 accepisse.
1396 2091 1600 2129 Sententia
1612 2089 1780 2128 auctoris
1795 2094 1872 2127 est:

1006 2160 1102 2184 sese
1124 2147 1330 2184 maximum
1357 2160 1510 2197 quoque
1535 2146 1714 2197 gaudium
1740 2158 1873 2184 conce-

1007 2203 1118 2254 pisse
1142 2215 1192 2240 ex
1218 2202 1457 2241 familiarium
1476 2206 1689 2253 conspeetu
1714 2215 1786 2240 nec
1810 2201 1875 2239 ad-

1007 2260 1164 2297 modum
1197 2258 1321 2296 fuisse
1353 2263 1586 2298 commotum
1617 2259 1746 2304 donis,
1774 2271 1874 2308 quae

1008 2319 1134 2353 tamen
1172 2315 1258 2353 sive
1294 2319 1456 2366 accepta
1480 2317 1564 2354 sive
1595 2330 1668 2354 non
1700 2319 1873 2365 accepta,

1009 2376 1141 2422 gratus
1155 2373 1189 2409 in
1205 2371 1343 2409 bonam
1363 2372 1514 2423 accepit
1527 2376 1692 2423 partem,
1718 2376 1757 2409 ut
1776 2371 1875 2409 haec

1014 2427 1176 2466 formula
1196 2427 1379 2478 loquendi
1399 2442 1555 2479 semper
1573 2433 1793 2479 usurpatum
1825 2426 1873 2466 cf.

1014 2484 1107 2522 Met.
1122 2483 1149 2523 l.
1172 2497 1208 2535 p.
1223 2488 1286 2524 23.
1303 2485 1414 2523 istud
1428 2485 1590 2537 quidem
1615 2484 1728 2537 quod
1748 2483 1873 2534 Polli-

1015 2541 1118 2580 ceris
1141 2541 1289 2592 aequi
1314 2541 1512 2593 bonique
1533 2542 1689 2593 facio,
1714 2539 1761 2578 ad
1778 2539 1873 2577 Met.

1015 2596 1081 2635 Vl.
1097 2611 1133 2648 p.
1149 2601 1240 2637 386.
1262 2598 1405 2648 optimi
1421 2597 1595 2636 consule.

1074 2654 1215 2705 quoad
1245 2653 1395 2693 cultum
1424 2658 1672 2706 mantumque
1703 2652 1875 2704 luryiter

1011 2710 1254 2748 succederet.
1304 2709 1501 2748 Stewech.
1527 2709 1760 2747 emendavit:
1787 2722 1876 2746 cum

1011 2766 1110 2804 mila·
1140 2766 1197 2804 ad
1218 2765 1469 2817 familiares,
1504 2766 1616 2817 quod
1645 2766 1703 2804 ml
1727 2764 1878 2803 cultum

1011 2826 1292 2873 sumptumque
1323 2821 1497 2873 laryiter
1532 2825 1779 2873 suppeteret,
1810 2819 1877 2857 de-

1010 2879 1124 2928 ferre
1160 2882 1391 2922 curassent3
1426 2877 1489 2915 vel
1518 2877 1804 2929 suppeditaret
1829 2888 1878 2912 ex

1015 2947 1088 2971 usu
1102 2935 1328 2984 scriptorum
1337 2934 1606 2984 suppeditare
1619 2937 1657 2970 et
1666 2936 1880 2983 suppetere

1016 2989 1154 3026 eadem
1179 2989 1457 3037 significatione
1482 2989 1698 3026 dicentium.

1074 3044 1161 3082 CAP.
1177 3043 1285 3082 xlx.
1333 3047 1594 3097 narratisque
1617 3045 1712 3083 meis
1737 3048 1775 3082 et
1792 3044 1880 3095 pri—

1016 3102 1130 3146 stt'nis
1142 3101 1342 3143 aerumnis
1361 3106 1400 3140 et
1405 3101 1686 3157 praesentibus
1698 3100 1878 3154 ymcdiis.
