2221 3667
258 399 322 432 330

346 175 430 218 322
597 173 645 214 L.
676 172 893 215 APULEII
923 170 1321 215 MADAURENSIS
1351 168 1893 211 METAMORPHOSEON

347 301 419 327 nec
445 287 549 327 inter
572 288 775 342 amplexus
802 286 1026 340 coniugales
1053 283 1198 324 desinis
1224 282 1455 322 cruciatum.
1509 283 1594 335 Age
1619 282 1693 321 iam
1721 297 1843 333 nunc,
1871 291 1914 324 ut
1938 284 2067 333 voles,
2096 289 2136 322 et.

347 343 476 383 animo
502 350 568 383 tuo
593 344 779 384 damnosa
805 343 979 398 poscenti
1004 347 1159 394 pareto:
1189 345 1337 378 tantuin
1363 339 1586 378 memineris
1613 352 1721 378 meae
1746 340 1873 379 seriae.
1892 339 2134 388 monitionis,

348 414 434 439 cum
468 400 642 454 coeperis
675 415 763 441 sero
795 400 1009 453 poenitere.
1060 395 1173 435 Tunc
1203 394 1269 434 iila
1295 395 1474 448 precibus
1506 401 1545 435 et.
1569 395 1656 434 dum
1678 398 1684 450 Ι
1706 409 1747 434 se
1778 396 2006 435 morituram
2033 409 2137 435 com-

347 456 538 506 minatur,
573 464 783 509 extorquet
814 470 834 494 a
869 454 1037 501 marit0‚··
1056 451 1204 504 -cupitis
1235 458 1403 501 annuat.
1438 458 1481 490 ut
1510 465 1667 491 sorores
1699 452 1849 499 videat,
1885 452 2010 491 luctus
2040 451 2137 491 mul-

349 519 454 562 ceat,
483 526 552 552 ora
579 514 770 552 conferat.
822 509 887 550 Sic
914 509 976 548 ille
1003 521 1128 547 novae
1159 514 1302 561 nuptae
1334 508 1513 561 precibus
1545 508 1699 547 veniam
1733 508 1887 556 tribuit,
1917 515 1955 546 et.
1979 507 2140 561 insuper

348 569 642 622 quibuscunque
680 568 797 608 vellet
831 579 897 605 ras
935 564 1022 604 auri
1047 565 1108 604 vet
1147 564 1346 603 monilium
1385 565 1531 604 donare
1557 564 1765 604 concessit.
1817 563 1893 604 Sed
1919 564 2140 604 idemtidem

347 625 498 665 monuit
523 639 567 665 ac
592 638 707 678 saepe
734 621 895 671 terruit,
924 635 973 661 ne
999 620 1152 674 quando
1177 634 1358 660 sororum
1379 620 1598 674 pernicioso
1619 621 1782 660 consilio
1801 634 1919 660 suasa
1943 620 1989 659 de
2015 621 2142 660 forma

349 750 392 770 ra
410 750 448 769 er
461 749 516 777 pro
529 742 618 769 inter
632 744 666 769 G.
681 742 712 769 2,
737 741 894 774 ospes-lus
910 746 964 772 pro
978 736 1156 774 amplexus
1170 739 1204 766 Ο.
1231 736 1417 775 coniugalis
1431 726 1544 766 Ven'et.
1560 740 1589 766 2.
1621 736 1870 766 dest'nesVenet.
1887 740 1915 766 2.
1948 737 2138 765 cruciatum

348 788 373 816 F
434 789 464 816 3.
479 790 514 815 G.
528 787 639 815 1.2.D.
654 786 688 812 P.
703 786 738 813 Ο.
753 786 791 812 R.
805 784 827 812 f.
843 781 872 811 ‹5-
885 784 935 812 ed.
948 791 993 817 pr.
1007 788 1037 812 et
1050 785 1132 811 lunt.
1149 786 1178 811 9.
1194 784 1298 811 Ceteri
1318 785 1408 812 codd.
1423 787 1450 810 et
1467 785 1534 811 edd.
1550 787 1624 811 vett.
1639 786 1754 812 habent
1769 783 1952 810 cruciatus.
1979 782 2141 810 utentem

433 833 514 860 DJ).
531 829 663 868 parabo
677 831 828 864 stam-p.
851 832 981 865 parato
996 831 1031 858 G.
1044 830 1183 857 1.am.s.
1203 831 1328 863 pareto
1343 831 1433 857 abest
1448 829 1480 856 in
1495 830 1532 856 D.
1560 830 1690 855 tuntum
1705 828 1891 855 memineris
1906 829 2142 858 F.1.3.o.1.2.

347 878 374 906 P
425 877 504 906 .o.f.
515 875 543 905 ὸ.
558 885 586 910 p.
601 874 633 912 ρ’.
649 877 692 903 Μ.
707 875 813 903 Ceteri
827 875 917 902 codd.
931 878 959 902 et
975 876 1045 902 edd.
1061 877 1138 902 vett.
1156 877 1276 902 lamen.
1290 876 1339 902 tta
1354 881 1478 907 quoque
1491 874 1589 902 Orell.
1613 873 1812 900 monitiones
1822 876 1856 901 G.
1872 875 1897 901 Ι.
1922 872 2143 901 comminatus

349 924 385 951 G.
401 924 430 950 1.
444 929 463 950 a
478 930 516 949 m.
532 929 561 955 p.
610 921 768 947 conserat
787 921 902 948 Veniet.
917 920 947 946 4.
972 921 1049 948 Bas.
1066 920 1095 948 1.
1142 921 1173 945 el
1195 925 1295 954 super
1315 920 1352 947 D.
1400 924 1458 945 eas
1473 919 1673 946 desideratur
1693 918 1725 946 in
1746 918 1766 946 f.
1814 917 1897 945 dare
1911 926 1966 952 pro
1980 916 2107 945 donare
2121 918 2144 948 t'.

342 967 528 1004 porcinas-o
551 968 586 995 G.
603 966 630 993 1.
652 971 671 993 a
689 972 730 994 m.
752 973 781 998 p.
830 964 945 992 seiasa
965 962 1003 990 de
1024 966 1059 993 G.
1073 966 1104 992 2.
1121 966 1157 992 D.
1171 972 1191 992 a
1203 971 1244 993 m.
1262 972 1292 998 1).
1329 962 1441 991 seiade
1459 964 1495 993 P.
1543 971 1607 991 suc!
1620 962 1781 1002 diforma
1792 965 1874 992 lunt.
1889 965 1919 992 2.
1959 962 2095 1003 formia
2106 964 2145 993 Ρ.

396 744 422 769 t.

378 789 423 816 ,1.

350 835 423 861 6.·2.

377 879 420 906 .D

339 1018 429 1074 soria
450 1036 485 1062 G.
498 1035 529 1061 2.
543 1034 580 1062 1).

351 1137 501 1176 uantur,
532 1133 620 1182 quia
643 1145 801 1183 semper
826 1130 978 1182 ligneas
1004 1131 1143 1169 domus
1169 1131 1221 1168 in-

351 1189 496 1234 colunt,
533 1188 635 1227 unde
669 1202 834 1239 pernox
871 1187 1123 1226 intolerabilis
1161 1191 1222 1225 est

350 1246 567 1284 sententiae
598 1245 788 1296 repetitio.
837 1244 939 1283 Dein
972 1246 1058 1295 quis
1084 1244 1222 1282 dixerit

345 1316 512 1355 pernox
535 1315 635 1354 qens
659 1314 727 1353 pro
755 1315 821 1346 ea,
847 1314 946 1351 quae
973 1314 1043 1351 per
1069 1305 1220 1339 noctem

350 1361 384 1397 in
406 1358 570 1396 aedibus
591 1358 748 1397 inabitat.
774 1358 937 1396 Pei-nix
950 1357 1012 1395 hic
1027 1362 1088 1395 est
1103 1357 1219 1404 celer,

352 1420 534 1455 strenuus
552 1419 612 1452 ‘ut
646 1415 749 1465 apud
785 1413 879 1452 Hor.
917 1413 1045 1465 Epod.
1077 1413 1120 1452 11.
1153 1414 1219 1454 42.

350 1471 513 1523 Proprie
548 1473 649 1509 enim
687 1471 737 1509 ad
773 1471 1010 1508 celeritatem
1046 1470 1219 1516 refertur,

352 1529 403 1567 ct'.
430 1528 563 1567 (iioss.
589 1527 742 1566 Philox.
769 1541 805 1578 p.
836 1531 928 1567 158.
948 1528 1103 1578 pernix·
1129 1524 1221 1565 ὠκύ-

352 1601 446 1631 πους
488 1581 707 1637 ἀκρότονος,
757 1585 819 1622 ubi
872 1588 975 1622 certe
1017 1580 1221 1635 ἀκροτόνος

352 1636 558 1694 (ἆοκνοςῖ)
586 1641 792 1692 legendum
820 1641 908 1692 est.]

410 1699 558 1737 desinis
594 1698 828 1737 cruciatum.
891 1696 1016 1742 Quam
1053 1695 1223 1734 nonnulli

354 1754 464 1794 codd.
480 1754 665 1805 praebent
679 1754 886 1792 lectionem
901 1754 1106 1793 crincicetns
1120 1752 1221 1791 Oud.

355 1825 429 1850 non
454 1811 622 1862 genitivo
649 1811 768 1860 capit,
793 1810 867 1848 sed
892 1811 1113 1848 accusativo
1140 1809 1222 1860 piu-

354 1869 465 1913 ratis,
490 1872 531 1906 ut
555 1867 659 1918 apud
685 1865 797 1905 Caes.
818 1866 863 1904 B.
886 1865 932 1904 G.
954 1864 980 1903 I.
1003 1870 1066 1906 31.
1094 1879 1221 1904 emem-

349 1925 427 1979 pla
453 1925 741 1976 cruciatusque
766 1924 897 1968 edere,
923 1923 1013 1973 quia
1026 1922 1221 1974 Apuleius

354 1994 513 2032 semper
543 1994 628 2019 cum
658 1980 733 2018 hoc
763 1993 856 2018 casu
890 1979 1047 2016 verbum
1078 1979 1221 2029 iungat.

357 2037 406 2077 cf.
430 2037 528 2075 infra
553 2050 588 2088 p.
615 2040 710 2077 332.
743 2036 935 2088 lecyubres
967 2048 1084 2074 voces
1121 2036 1222 2073 desi-

354 2096 437 2133 nite
449 2107 485 2145 p.
501 2097 596 2134 368.
621 2094 773 2133 luctum
787 2092 924 2131 desine
941 2092 1113 2142 saepius.
1142 2091 1222 2143 [De

357 2151 523 2203 genitivo
550 2150 597 2188 cf.
623 2148 706 2188 Intt.
733 2149 782 2188 ad
807 2148 901 2188 Hor.
925 2148 1001 2186 Od.
1023 2147 1065 2187 II.
1094 2151 1129 2188 9.
1160 2152 1221 2188 17.

356 2206 419 2246 III.
439 2212 505 2247 27.
520 2210 584 2247 69.
610 2206 659 2244 ad
681 2206 750 2244 Sit.
771 2205 854 2244 Ital.
869 2204 918 2244 X.
933 2209 999 2245 84.
1024 2203 1114 2243 XV.
1134 2208 1222 2245 190.

355 2263 405 2302 ad
430 2264 534 2314 Virg.
560 2263 660 2301 Aen.
685 2261 754 2300 XI.
782 2266 873 2302 441.
907 2261 968 2299 De
1000 2262 1222 2299 accusativo

356 2319 403 2359 cs.
441 2319 576 2358 Heius.
614 2319 664 2358 ad
701 2318 816 2357 Ovid.
854 2319 936 2357 Art.
972 2318 1021 2357 A.
1047 2316 1223 2369 11.-‚725.

357 2376 491 2416 Eckst.
518 2377 567 2415 ad
594 2375 714 2414 Voss.
741 2375 859 2414 Arist.
893 2374 937 2413 T.
969 2374 1032 2412 ΙΙΙ.
1064 2388 1101 2425 p.
1129 2378 1221 2416 968.

356 2433 438 2472 lntt.
470 2433 519 2471 ad
552 2432 657 2483 Virg.
685 2431 768 2471 Eel.
790 2431 834 2468 V.
865 2431 950 2484 19.]
999 2430 1108 2469 Male
1134 2446 1221 2471 cru-

357 2491 508 2531 ciatum
532 2489 712 2528 Brantius
738 2488 872 2526 mutari
898 2487 1018 2526 voluit
1040 2488 1075 2525 in
1102 2488 1226 2528 eiula-

358 2552 439 2593 τως
463 2547 651 2586 cruciare
676 2547 775 2583 enim
794 2558 916 2596 saepe
936 2544 1071 2582 dicitur
1095 2544 1145 2582 de
1165 2557 1225 2589 eo,

359 2603 422 2656 qui
452 2617 498 2642 se
530 2603 615 2654 ipse
647 2603 798 2640 tristitia
828 2606 866 2640 et
897 2600 1136 2652 aegritudine
1162 2601 1226 2639 ad-

357 2659 450 2711 fligit
475 2659 541 2712 [cf.
562 2659 715 2698 Terent.
736 2657 832 2697 Eun.
854 2657 880 2697 1.
902 2662 938 2698 2.
962 2662 1022 2698 15.
1045 2661 1084 2695 et
1102 2657 1225 2710 alibi.]

414 2721 570 2756 tantum
600 2716 834 2755 memineris.
885 2713 965 2766 [Ita
995 2728 1045 2752 ex
1070 2715 1224 2765 optimis

359 2773 472 2813 codd.
508 2773 542 2811 in
580 2776 727 2811 textum
763 2773 909 2822 recepi,
950 2772 1066 2809 invito
1103 2769 1226 2818 Oud.,

360 2831 450 2869 licet
474 2844 547 2869 non
574 2829 730 2880 ignarus
761 2829 852 2874 sim,
885 2829 1038 2879 quoties
1070 2827 1226 2866 confun-

359 2886 495 2925 dantur
525 2888 560 2925 in
593 2885 694 2924 Mss.
726 2883 925 2924 vocabula.
987 2884 1226 2923 Adverbium

360 2948 511 2982 tantum
548 2957 619 2981 suo
660 2942 744 2980 Ioco
782 2945 878 2986 stat,
914 2944 954 2979 ut
983 2941 1086 2991 apud
1111 2940 1225 2979 Ovid.

361 2998 474 3037 Trist.
502 2999 527 3038 I.
558 3005 590 3039 1.
629 3004 716 3039 101.
754 3003 937 3038 tantum
973 3011 1021 3035 ne
1056 3010 1224 3041 uoceas‚·

361 3056 455 3094 dum
492 3057 546 3095 eis
572 3057 788 3108 prodesse,
826 3054 966 3093 videto
995 3057 1034 3091 et
1070 3058 1225 3092 nostrae

360 3111 571 3163 particulae
609 3119 760 3157 ..1111r·‘
804 3112 956 3148 omnino
998 3110 1223 3161 respondet,

361 3180 459 3218 quae
484 3168 721 3207 exhortantis
747 3167 809 3206 vel
836 3168 957 3207 amice
982 3167 1224 3206 admonentis

1282 1134 1354 1168 est.
1381 1130 1427 1168 cf.
1455 1129 1569 1168 Ovid.
1595 1130 1708 1168 Rem.
1728 1130 1858 1168 Amor.
1875 1134 1966 1170 713.
1994 1134 2146 1170 tantum

1283 1188 1440 1226 imlim'o
1465 1201 1513 1225 ue
1538 1191 1626 1225 tuus
1652 1187 1754 1225 obsit
1780 1201 1904 1225 amor.
1942 1186 1989 1226 cs.
2022 1185 2145 1226 Bach-

1282 1243 1330 1282 ad
1356 1242 1469 1282 Ovid.
1497 1242 1592 1281 Met.
1614 1241 1681 1281 IX.
1704 1247 1767 1283 21.
1798 1244 1968 1282 Tamum.
1991 1241 2055 1281 hic
2078 1255 2146 1294 po-

1281 1300 1395 1338 situm
1411 1304 1471 1338 est
1487 1313 1555 1351 pro
1570 1300 1694 1338 modo
1708 1304 1753 1339 ut
1770 1299 1816 1338 cf.
1827 1299 1981 1338 Terent.
1992 1298 2146 1339 phorm.

1281 1356 1306 1394 1.
1323 1360 1358 1397 2.
1376 1361 1414 1396 8.
1439 1358 1554 1401 seles,
1582 1357 1721 1394 modo
1746 1361 1795 1395 ut
1820 1361 1982 1395 tacere
2003 1357 2146 1407 possis.

1281 1412 1344 1450 De
1361 1414 1555 1450 sententia
1578 1414 1681 1450 vocis
1708 1417 1856 1457 tamen,
1882 1412 1986 1463 quod·
2009 1412 2148 1450 attico-

1281 1469 1387 1507 dices
1414 1469 1574 1514 habent,
1601 1483 1669 1520 pro
1691 1474 1842 1508 tantum
1867 1469 1914 1507 ct'.
1933 1468 2077 1507 Bosch.
2098 1468 2149 1507 ad

1280 1525 1385 1564 Petr.
1409 1540 1439 1564 c.
1456 1530 1521 1566 31.
1541 1539 1579 1576 p.
1598 1528 1688 1565 166.
1708 1525 1855 1577 Burin]
1928 1520 1931 1522 ’

1334 1583 1527 1635 precibus
1554 1584 1705 1621 reniam
1731 1582 1886 1621 tribuit.
1935 1581 2069 1633 [Hunc
2095 1581 2148 1620 Io-

1283 1654 1367 1677 cuui
1410 1640 1535 1689 attigit
1577 1638 1712 1676 Munk.
1756 1638 1806 1676 ad
1842 1637 1985 1689 Hygiu.
2021 1637 2149 1677 XLV.

1283 1710 1319 1747 p.
1332 1700 1420 1736 108.
1432 1696 1538 1734 Star.
1549 1727 1557 1739 ,
1573 1695 1646 1732 sed
1662 1708 1710 1732 ex
1721 1695 2019 1732 memoriaesine
2034 1694 2149 1732 dubio

1283 1766 1410 1790 errore
1425 1766 1493 1804 pro
1508 1753 1661 1790 tribuit.
1674 1751 1766 1802 tegit
1780 1751 1905 1790 dedit.
1921 1751 2151 1790 Accuratius

1283 1809 1331 1847 de
1345 1808 1418 1847 hac
1431 1808 1599 1847 dictione
1614 1809 1692 1857 agit
1704 1808 1753 1845 ad
1763 1808 1798 1845 h.
1808 1808 1830 1846 I.
1840 1812 1877 1845 et
1887 1808 1935 1846 ad
1946 1807 2052 1846 Lact.
2063 1806 2150 1846 Pta-

1283 1866 1352 1904 cid.
1369 1864 1521 1904 Narrat.
1538 1864 1678 1903 Fabul.
1690 1863 1735 1903 L.
1750 1864 1815 1902 lv.
1832 1864 1982 1902 sauxt.
1992 1878 2027 1916 p.
2038 1863 2149 1916 813.]

1339 1921 1571 1960 idemtidem
1596 1922 1749 1960 monuit
1773 1936 1822 1959 (tc
1847 1935 1967 1972 saepe
1992 1922 2149 1960 terruit.

1285 1977 1538 2030 [Praesertim
1558 1978 1676 2015 verba
1695 1992 1864 2023 monere,
1891 1978 2051 2016 hortari
2075 1976 2152 2014 alia

1285 2048 1370 2073 cum
1395 2034 1585 2086 particula
1610 2034 1838 2072 idemtidem
1863 2034 2059 2085 coniungi,
2085 2033 2151 2072 ob-

1283 2091 1454 2129 servavit
1473 2090 1652 2129 Handius
1670 2091 1706 2128 in
1723 2089 1962 2129 TurseII.lII.
1984 2103 2020 2141 p.
2040 2093 2151 2136 176„

1284 2148 1345 2185 ubi
1371 2147 1534 2199 plurima
1559 2146 1740 2198 exempla
1767 2146 1986 2192 afferuntur,
2011 2147 2152 2197 quibus

1286 2204 1387 2242 adde
1418 2217 1467 2242 ex
1498 2202 1618 2255 Apul.
1652 2203 1747 2242 Met.
1775 2217 1812 2254 p.
1837 2207 1929 2244 364.
1955 2204 2055 2249 laec
2080 2203 2153 2242 tibi

1285 2261 1565 2300 idemtidem
1605 2274 1761 2311 semper
1802 2261 1988 2299 cavenda
2025 2273 2154 2299 cense-

1285 2318 1394 2363 bam,
1431 2315 1498 2355 lx.
1525 2330 1561 2367 p.
1589 2320 1680 2357 644.
1712 2316 1989 2355 idemtidem
2012 2316 2154 2355 suade-

1284 2374 1363 2413 bat.
1390 2373 1620 2424 Elegantem
1646 2374 1813 2411 nominat
1833 2372 1936 2411 Oud.
1963 2374 2152 2411 coniectu-

1283 2444 1362 2469 ram
1398 2430 1549 2468 Heinsii
1585 2430 1636 2468 ad
1672 2429 1784 2468 Ovid.
1823 2429 1918 2468 Met.
1955 2428 2021 2467 IV.
2059 2433 2152 2470 748.

1285 2500 1406 2538 saepe
1423 2488 1589 2525 itera-vic
1607 2499 1677 2537 pro
1703 2487 1863 2531 terruit,
1890 2486 1939 2524 de
1959 2486 2068 2524 cuius
2086 2498 2153 2524 vo-

1288 2543 1415 2582 cabuli
1451 2543 1731 2594 significatione
1768 2543 1910 2581 excitat
1945 2541 2076 2581 Burm.
2102 2541 2152 2581 ad

1286 2599 1399 2638 Ovid.
1425 2599 1583 2638 Heroid.
1610 2598 1752 2637 Xx‘lll.
1783 2603 1871 2639 135.
1909 2598 1990 2637 Sed
2022 2611 2152 2650 quam·

1287 2670 1401 2707 quam
1427 2657 1462 2694 in
1489 2656 1718 2707 pleonasmo
1744 2669 1866 2707 saepe
1890 2656 2039 2694 iterare
2063 2668 2150 2694 cum

1285 2713 1371 2751 aliis
1397 2727 1471 2751 non
1493 2712 1652 2758 haereo,
1677 2725 1822 2750 memor
1842 2712 2012 2750 Iocorum
2026 2711 2153 2750 Plaut.

1285 2768 1430 2808 Pseud.
1446 2767 1474 2808 I.
1490 2771 1633 2811 3154.
1659 2768 1760 2807 Rud.
1787 2767 1851 2807 lv,
1879 2772 1914 2809 8.
1945 2773 1999 2814 1.,
2023 2772 2154 2807 tamen

1286 2840 1402 2877 quum
1417 2832 1565 2866 terrere
1579 2826 1738 2877 probam
1754 2824 1893 2864 efficiat
1906 2825 2153 2871 sententiam,

1288 2882 1490 2921 lectionem
1506 2885 1663 2921 retineo.
1680 2883 1849 2922 Terrore
1863 2882 1962 2919 enim
1977 2881 2026 2920 de
2039 2881 2154 2920 minis

1284 2940 1386 2978 bene
1413 2940 1560 2985 dieitur,
1581 2952 1678 2990 quas
1695 2937 1844 2988 Cupido
1870 2939 1952 2976 suis
1978 2938 2152 2977 monitio-

1284 2997 1394 3035 nibus
1420 2997 1571 3041 adiecit,
1597 2996 1816 3046 quibusque
1839 2993 2040 3046 Psychem
2064 2995 2153 3033 abs-

1285 3057 1460 3099 terreret.
1500 3067 1548 3091 ne
1587 3055 1718 3090 contra
1753 3050 1989 3089 voluntatem
2026 3051 2151 3102 ipsius

1285 3114 1419 3161 ageret
1444 3109 1489 3148 cf.
1519 3111 1629 3148 Auct.
1655 3107 1849 3158 Panegyr.
1875 3107 1925 3146 ad
1952 3107 2139 3146 Constant

1286 3171 1348 3207 22.
1365 3166 1646 3220 etpraesente‘a
1660 3169 1741 3210 tna,
1756 3179 1804 3203 uc
1818 3165 2011 3205 audii-ent
2023 3169 2150 3204 trans-
