2155 3590
630 140 814 180 LIBER
842 141 915 182 IV.

977 140 1103 183 CAP.
1131 139 1297 180 XXVI.
1778 141 1862 183 277

71 269 165 303 vero
191 254 356 300 cubiculi
381 254 534 307 torique
559 260 718 296 sanetae
744 254 920 294 caritatis
946 254 1152 309 affectione
1175 260 1309 297 mutuo
1335 252 1428 293 mihi
1454 253 1703 307 pigneratus,
1737 254 1859 294 votis-

72 325 143 367 que
167 311 402 365 nuptialibus
426 317 538 365 paeto
562 310 683 364 iugali
704 311 850 364 pridem
872 311 1110 361 destinatus,
1139 323 1336 351 consensu
1356 317 1560 363 parentum
1581 310 1721 350 tabulis
1742 310 1859 350 etiam

71 367 231 411 maritus
256 374 522 421 nuncupatus,
557 367 604 406 ad
631 366 784 419 nuptias
810 367 932 406 officio
960 366 1152 422 frequenti
1179 372 1435 420 cognatorum
1463 365 1526 421 et}
1549 366 1716 406 affinium
1744 366 1859 420 stipa-
1884 372 1949 415 294

68 431 151 475 tus,
178 423 330 477 templis
355 430 394 463 et
418 423 576 463 aedibus
601 422 763 477 publicis
788 423 967 463 victimas
992 422 1231 463 immolabat.
1282 420 1432 462 Domus
1459 429 1540 462 tota
1566 422 1688 462 lauris
1714 422 1856 473 obsita,

66 561 230 592 kar-natis
243 559 273 592 δ.
298 571 353 598 pro
366 571 453 592 more
466 570 525 591 suo
549 563 590 591 cf.
605 565 644 592 ad
659 565 694 592 11.
710 572 739 598 p.
755 565 806 592 95.
820 566 850 592 et
864 565 902 592 D.
950 561 1129 600 effectione
1143 566 1178 592 G.
1195 565 1224 592 1.
1239 565 1268 592 2.
1287 564 1323 591 P.
1336 564 1374 591 D.
1389 563 1424 591 Ο.
1467 562 1646 599 pr'geratus
1670 564 1706 591 G.
1719 564 1751 591 2.
1777 566 1858 592 (non

59 608 259 646 pigneratus
274 612 305 636 ur
320 609 398 637 Oud,
413 608 574 643 adnotat.)
590 609 624 638 Ρ,
638 610 676 637 Β,
709 607 884 645 pigmaeus
898 611 934 637 G.
953 611 980 636 1.
1007 610 1115 644 (male
1133 609 1167 637 in
1182 610 1260 638 oud.
1274 608 1437 643 excerptis
1451 605 1855 647 iuveniturpv‘gneraeus).

59 653 259 692 pigneratus
276 654 312 682 F.
332 655 362 682 3.
384 651 412 682 ὃ.
449 654 553 682 Ceteri
573 655 661 682 codd.
681 659 709 682 et
729 661 840 682 omnes
859 655 929 682 edd.
950 658 1026 682 vett.
1045 657 1163 682 hahent
1178 654 1392 690 pt'gnorutus.
1441 653 1574 690 alisque
1592 656 1685 689 nupt.
1699 654 1858 681 Vene1.2.

58 700 265 737 peremptum
279 706 334 732 pro
344 701 524 735 parentum
540 701 575 728 G.
592 701 620 728 1.
634 706 654 728 a
667 707 705 728 m.
721 706 749 732 p.
799 698 912 726 labilis
928 701 962 727 G.
982 700 1007 728 1.
1023 706 1042 727 a
1057 707 1095 728 m.
1110 707 1138 733 p,
1170 697 1290 726 dabilis
1304 699 1382 729 miro
1396 706 1501 728 errore
1514 699 1549 727 0.
1596 700 1813 734 nuncupatur
1827 695 1856 726 δ.

64 741 370 783 offiez'ofrequenti
381 747 598 781 cognatorum
614 746 727 773 desunt
741 745 816 773 ino.
831 751 851 772 a
864 752 903 773 m.
919 752 947 778 p.
963 748 991 772 et
1006 746 1042 772 G.
1055 745 1081 772 1.
1119 742 1242 779 qffim'u
1259 746 1342 772 lunt.
1359 745 1387 772 1.
1424 744 1556 779 stipata
1570 743 1591 771 f.
1602 766 1610 778 ‚
1625 747 1706 772 teste
1719 744 1856 777 noaldo,

63 790 121 819 sed
134 790 212 818 oud.
227 789 304 824 legit
317 789 463 825 stipam.
491 791 574 823 quod
594 790 678 818 idem
697 793 784 817 extat
805 790 838 817 in
852 791 888 817 G.
906 791 932 817 1.
952 791 989 817 R.
1006 789 1026 818 s.
1042 791 1075 818 0.
1089 797 1109 817 a
1122 797 1162 818 m.
1177 798 1205 823 p.
1221 787 1250 818 ὃ.
1279 791 1316 817 In
1331 791 1367 817 G.
1383 790 1412 816 2.
1427 792 1454 816 et
1470 790 1508 816 D.
1529 792 1576 816 est
1591 791 1742 824 stupaen.

1788 787 1822 815 2⁰71
1826 787 1855 814 ²⁸-

65 834 154 861 n’ans
166 833 362 861 immolabat
376 843 432 869 pro
446 834 600 862 victimas
614 837 650 863 G.
664 836 695 863 2.
708 835 744 864 P.
758 838 787 863 et
801 836 838 864 D.
854 841 873 862 a
887 842 926 862 m.
941 842 972 871 p.
1020 833 1147 862 laureis
1163 836 1198 862 G.
1214 836 1243 862 2.
1271 836 1280 869 (
1293 842 1351 863 nec
1366 832 1518 862 lauribus
1539 841 1565 862 c.
1580 834 1743 869 excerptis
1757 833 1856 869 Oud.)

61 879 97 909 Ρ.
111 880 151 908 D.
180 877 332 908 lantibus
347 881 383 909 G.
399 881 427 908 1.

115 995 241 1041 pacto
297 991 432 1043 iuyalt'
478 992 644 1042 pridem
692 993 927 1032 destinatus.

61 1045 294 1098 [Destinare
306 1047 407 1085 idem
422 1061 532 1092 esse,
558 1048 658 1098 quod
676 1050 930 1101 despondere

59 1103 95 1142 in
127 1115 270 1141 caussa
304 1105 537 1155 nuptiarum,
562 1105 625 1143 ubi
652 1110 763 1155 pater
785 1119 831 1143 se
856 1109 928 1143 tra-

60 1158 224 1198 diturum
263 1173 355 1198 esse
391 1159 506 1198 filiam
542 1162 726 1212 promittit
769 1166 808 1199 et
845 1162 927 1199 vitze

59 1228 173 1253 versa
197 1216 458 1262 condicionem
483 1230 506 1254 a
529 1221 637 1267 patre
662 1217 927 1255 adolescentis

57 1272 211 1322 accipit,
231 1272 399 1323 explieat
420 1271 451 1310 T
456 1273 581 1311 aubm.
597 1273 647 1311 ad
661 1272 926 1323 PrologRud.

55 1332 121 1369 45.
147 1327 388 1380 hoeApuleii
412 1328 498 1367 loco
524 1333 562 1367 et
585 1328 712 1368 Plaut.
733 1329 844 1369 Pers.
858 1329 927 1369 lV.

55 1389 92 1431 4.
111 1388 199 1425 115.
214 1385 401 1427 excitatis.
427 1384 501 1423 Hic
514 1399 605 1423 vero
620 1386 839 1426 destinatas
852 1399 925 1424 sua

55 1442 91 1481 vi
115 1440 256 1479 dictum
281 1445 343 1479 est
366 1455 435 1492 pro
463 1442 669 1487 addictus,
694 1444 924 1495 assignatus

50 1502 180 1551 pacto
193 1498 390 1549 nuptiali,
405 1502 445 1536 ut
458 1498 532 1536 hoc
547 1498 806 1537 additamento
821 1499 920 1537 idem

54 1555 121 1600 sit,
147 1554 250 1604 quod
270 1554 509 1606 desponsus.-
535 1553 662 1593 Plauti
675 1560 803 1594 autem
825 1556 920 1594 locis

53 1623 122 1663 pro
148 1624 273 1650 emere
297 1610 440 1649 dictum
466 1615 528 1650 est
553 1611 602 1649 de
623 1614 763 1662 pretio,
789 1612 918 1662 quanti

53 1667 127 1706 sibi
151 1668 310 1712 iuvenes
335 1667 489 1720 pueilas
514 1668 712 1720 parabant.
772 1668 918 1707 Melius

52 1723 101 1766 ad
119 1736 231 1762 suam
254 1724 487 1763 sententiam
512 1724 735 1763 firmandam
756 1724 917 1764 Taubm.

52 1779 236 1829 adhibere
254 1782 376 1831 potuit
391 1779 467 1820 Cic.
483 1780 574 1820 Har.
589 1781 712 1833 Resp.
728 1785 763 1822 3.
780 1783 848 1821 cui
860 1795 918 1820 me

47 1837 292 1889 praeripere
317 1838 559 1889 desponsam
580 1839 660 1876 iam
685 1843 723 1877 et
741 1839 915 1877 destina-

51 1897 130 1933 tam
153 1892 349 1945 qloriam,
375 1894 495 1933 valde
519 1899 577 1933 est
598 1893 812 1947 iniquum]

107 1950 249 2002 officio
276 1951 490 2002 frequenti
520 1956 800 2002 coynatorum.
844 1950 916 2003 [cf.

52 2004 150 2044 Cort.
176 2005 227 2044 ad
252 2004 397 2044 Lucan.
423 2005 466 2044 11.
496 2010 585 2046 170.
622 2006 685 2045 De
710 2020 792 2045 voe.
828 2009 916 2060 offi-

50 2063 154 2102 ciam
179 2061 228 2100 cs.
252 2059 335 2100 lntt.
361 2061 412 2101 ad
435 2060 595 2101 Petron.
623 2076 653 2101 c.
681 2067 744 2103 25.
770 2076 808 2114 p.
839 2067 916 2104 120

48 2117 204 2170 Burm]

106 2174 265 2226 templis
289 2179 328 2213 et
350 2175 520 2214 aedibus
534 2176 716 2227 publicis
738 2176 916 2215 victimas

47 2230 291 2274 immolabat.
329 2229 536 2282 Comparat
551 2231 648 2270 Elm.
669 2232 719 2269 de
731 2245 838 2269 more
851 2245 915 2270 ve-

47 2290 188 2333 terum,
214 2290 303 2325 ante
327 2289 480 2338 nuptias
501 2287 832 2327 concelebrandas
854 2302 916 2327 sa-

49 2342 255 2384 crificandi:
282 2341 436 2395 Ulpian.
464 2343 538 2382 Tit.
558 2343 608 2382 X.
631 2347 751 2396 farre
776 2358 914 2384 conce-

48 2400 160 2442 m‘tur
184 2400 226 2438 in
250 2413 426 2446 manum,
452 2402 573 2440 certis
596 2400 724 2439 verbis
749 2405 788 2439 et
811 2403 915 2439 testi-

50 2454 120 2500 bus
141 2456 280 2500 decem
300 2457 581 2507 praesentibus
605 2462 644 2496 et
665 2457 832 2495 solemni
855 2471 914 2496 sa-

49 2513 205 2565 crificio
238 2515 376 2564 facto,
413 2515 455 2552 in
488 2527 569 2566 quo
594 2514 722 2564 panis
753 2527 916 2566 quoque

45 2569 211 2620 farreus
240 2568 468 2610 adhibetur.
507 2569 617 2608 Serv.
650 2569 699 2610 ad
724 2569 824 2608 Aen.
850 2569 913 2608 ΙΙΙ.

51 2627 140 2674 136.
167 2621 287 2664 Taeit.
301 2625 486 2664 Ann.X1.
503 2629 567 2666 27.
591 2624 719 2664 Plaut.
739 2624 912 2664 Au1.1V.

49 2682 85 2731 2.
116 2684 152 2742 53
183 2679 319 2735 Igiban.
351 2682 386 2720 in
417 2681 564 2721 Moros.
596 2695 633 2733 p.
665 2685 758 2722 327.
790 2678 910 2733 γάμου

48 2750 176 2788 atacem,-
192 2735 278 2788 ἡκεν
303 2742 377 2776 cet.

99 2793 244 2844 (lomus
274 2794 402 2834 ῖαανὶε
432 2795 561 2834 obsita
592 2799 664 2833 ete.
712 2793 754 2832 In
782 2796 910 2837 euius-

48 2845 143 2896 libet
165 2848 315 2894 jaetltia
351 2850 424 2890 diei
463 2850 556 2890 sesti
587 2852 723 2901 ianuas
756 2851 908 2890 aedium

49 2904 231 2956 qmabant
252 2910 407 2946 veteres
428 2907 548 2956 lauris
579 2911 618 2945 et
643 2906 813 2947 lucernis
861 2907 908 2946 cf.

48 2957 159 3011 Lips.
182 2959 304 3001 Elect.
329 2962 356 3002 l.
382 2968 421 3006 3.
459 2963 503 3002 T.
530 2963 556 3006 I.
585 2967 675 3005 638.
702 2963 762 3002 ed.
788 2963 912 3003 Voss.

51 3013 159 3055 Colv.
168 3021 370 3068 praeterea
388 3022 530 3060 excitat
542 3020 724 3070 Andiros.
737 3019 789 3057 de
802 3020 910 3072 Virg.

49 3069 95 3109 Π-
117 3085 156 3123 p.
181 3076 271 3119 538.
296 3075 368 3116 Sic
392 3078 511 3117 etiam
535 3079 654 3128 rirqo
678 3081 818 3117 nostra
843 3077 910 3118 de.-

51 3126 137 3166 buit
153 3130 271 3179 prins
305 3145 444 3171 amore
475 3136 552 3186 pio
589 3133 748 3177 ludere,
784 3146 909 3173 aurea

987 994 1070 1031 tori
1106 993 1287 1032 caelestis
1319 993 1463 1045 fulcra
1488 992 1654 1037 morari,
1690 993 1733 1030 in
1763 992 1854 1043 ipso

990 1049 1180 1088 vestibulo
1216 1050 1470 1101 nuptiarum,
1507 1054 1546 1088 et
1576 1049 1707 1100 postis
1733 1049 1850 1099 fron-

988 1106 1098 1144 dimn
1122 1106 1236 1143 sertis
1255 1119 1418 1144 cernere
1439 1110 1658 1144 coronatos
1677 1109 1716 1143 et
1734 1104 1851 1143 chori

985 1162 1200 1212 strepentis
1247 1162 1414 1200 interius
1463 1161 1629 1200 haurire
1670 1160 1851 1199 delicias.

985 1216 1131 1255 Lucan.
1157 1215 1200 1254 ll.
1228 1221 1319 1257 354.
1345 1217 1474 1268 ibique
1499 1215 1582 1254 lntt.
1611 1215 1771 1254 Tertull.
1804 1215 1853 1253 de

988 1272 1124 1311 coron.
1162 1277 1223 1313 13.
1255 1287 1290 1325 p.
1321 1276 1410 1316 109.
1444 1271 1484 1311 C.
1510 1273 1653 1323 Rigalt.
1681 1273 1731 1310 de
1757 1272 1852 1311 Idol.

986 1343 1015 1368 c.
1047 1334 1107 1369 15.
1132 1343 1169 1380 p.
1191 1333 1254 1369 94.
1280 1328 1326 1367 B.
1354 1329 1410 1368 At
1432 1343 1539 1368 nunc
1565 1330 1701 1367 lucent
1727 1330 1853 1368 taber-

985 1399 1060 1425 nae
1083 1390 1123 1424 et
1147 1387 1294 1424 ιἰιηιιαε
1317 1390 1501 1424 nostrae:
1522 1386 1666 1437 plnres
1691 1387 1771 1424 iam
1796 1387 1852 1423 in-

983 1443 1111 1481 venies
1137 1442 1390 1481 ethnicorum
1414 1442 1499 1479 sine.
1525 1443 1700 1480 lacernis
1713 1446 1751 1481 et
1765 1441 1853 1480 lau-

980 1500 1059 1538 reis
1090 1512 1209 1551 quam
1238 1498 1569 1537 Christianorum.
1620 1498 1757 1550 Eryo,
1795 1499 1853 1535 in-

983 1556 1080 1607 quit,
1107 1555 1235 1594 leonor
1261 1555 1329 1593 dei
1352 1559 1420 1598 est,
1447 1555 1616 1593 lucerna
1637 1567 1722 1606 pro
1745 1555 1850 1606 sori-

980 1612 1051 1650 bus
1071 1616 1110 1650 et
1130 1610 1270 1650 laurus
1289 1612 1331 1648 e‘n
1346 1611 1533 1663 postibus
1557 1615 1630 1648 etc.
1666 1611 1849 1649 Ambros.

979 1668 1103 1707 Sernl.
1118 1666 1201 1706 XC.
1227 1681 1385 1706 rel-ersa
1411 1669 1544 1719 iqz'tm·
1568 1667 1626 1706 ad
1641 1666 1849 1719 palatium

974 1726 1086 1777 facit
1114 1724 1315 1777 yandt'nm
1346 1729 1384 1762 et
1411 1724 1527 1774 patri
1556 1737 1628 1762 sno
1662 1723 1849 1775 Auyusto

978 1786 1016 1820 et
1047 1780 1251 1833 fratribus
1286 1782 1366 1818 suis
1395 1780 1722 1831 imperatoribus.
1776 1779 1848 1819 Co-

974 1842 1146 1876 ronatur
1177 1837 1316 1875 civitas
1352 1841 1455 1881 tota,
1483 1838 1532 1888 fit
1561 1836 1717 1875 laett'tia
1748 1837 1848 1875 mili-

976 1894 1154 1933 tantibus
1183 1898 1304 1945 atque
1337 1894 1528 1943 privatis,
1568 1892 1709 1944 quibus
1746 1891 1846 1930 Ehn.

976 1950 1082 1988 addit
1108 1949 1269 1988 Tei-tull.
1296 1948 1469 2000 Apolog.
1497 1951 1561 1988 35.
1587 1961 1623 2000 p.
1646 1951 1711 1989 29.
1738 1948 1788 1986 A.
1809 1952 1848 1986 et

977 2006 1018 2044 C.
1045 2005 1197 2044 Martio.
1223 2004 1451 2042 Bracarens.
1486 2005 1521 2043 in
1549 2003 1732 2056 Excerpt.
1760 2018 1845 2055 cap.

977 2062 1098 2114 Syn0.
1126 2061 1191 2100 Gr.
1218 2075 1248 2099 c.
1271 2065 1334 2101 74.
1360 2075 1441 2100 non
1469 2062 1566 2099 licet
1589 2062 1752 2113 iniquas
1779 2061 1845 2100 ob·

975 2120 1219 2159 ,terrationes
1249 2131 1376 2169 σθεν-ε
1401 2117 1542 2157 diebus
1571 2117 1847 2156 Calendarum

974 2180 1012 2214 et
1032 2176 1131 2213 ociis
1151 2187 1301 2213 vacare
1317 2174 1557 2225 yente'libus,
1582 2187 1710 2227 neque
1724 2174 1845 2213 lauro

974 2236 1046 2270 aut
1071 2231 1284 2270 viriditate
1306 2230 1498 2269 arborum
1513 2231 1678 2282 cin-qere
1692 2230 1844 2269 domus.

975 2286 1113 2340 [Plura
1126 2287 1271 2325 dabunt
1290 2286 1340 2324 de
1361 2286 1501 2324 laureis
1521 2290 1559 2324 et
1575 2286 1745 2332 floribus,
1766 2287 1844 2337 qui-

973 2345 1047 2382 bus
1084 2344 1222 2382 ianuae
1258 2343 1538 2381 coronabantur
1574 2343 1756 2394 sagittar.
1794 2343 1844 2380 de

973 2399 1051 2439 lan.
1078 2400 1167 2438 vet.
1194 2413 1224 2438 c.
1241 2403 1305 2439 30.
1332 2413 1366 2438 n.
1386 2402 1446 2440 16.
1473 2404 1533 2440 17.
1554 2403 1618 2439 25.
1645 2399 1680 2437 in
1703 2400 1842 2438 Graev.

975 2455 1095 2496 Thes.
1110 2457 1241 2506 Antiq.
1259 2454 1444 2495 T01n.VI.
1456 2469 1495 2510 p.
1512 2460 1593 2496 514
1607 2469 1666 2507 sq.
1688 2460 1767 2496 518
1781 2469 1843 2507 sq.

972 2512 1151 2551 Brisson.
1184 2512 1234 2550 de
1258 2513 1328 2550 ritu
1354 2517 1460 2563 nupt.
1487 2512 1524 2551 in
1547 2513 1669 2550 eiusd.
1686 2510 1842 2550 T.Vlll.

972 2583 1008 2621 p.
1039 2573 1144 2610 1040
1169 2582 1228 2620 sq.
1255 2567 1339 2606 Intt.
1365 2568 1414 2607 ad
1442 2568 1570 2607 luven.
1591 2567 1658 2606 VI.
1684 2572 1749 2608 51.
1777 2573 1841 2609 79.

973 2629 1065 2671 227.
1112 2624 1202 2664 XII.
1234 2627 1298 2665 91.
1331 2629 1396 2665 92.
1428 2624 1615 2664 Wernsd.
1647 2625 1696 2663 ad
1721 2623 1840 2663 Rutu.

970 2681 1054 2721 ltin.
1085 2681 1113 2721 l.
1145 2686 1238 2722 424.
1274 2682 1309 2720 in
1342 2680 1452 2719 Poet.
1484 2681 1572 2720 Lat.
1599 2680 1693 2718 Min.
1721 2679 1766 2719 T.
1792 2680 1841 2720 V.

967 2752 1005 2790 p.
1036 2739 1126 2780 152.
1157 2738 1283 2778 Bach.
1309 2737 1359 2777 ad
1385 2736 1498 2776 Ovid.
1530 2736 1627 2775 Met.
1652 2735 1721 2775 lv.
1747 2741 1842 2778 760.

967 2794 1030 2841 De
1053 2794 1223 2834 lucernis
1251 2793 1301 2833 cf.
1328 2793 1478 2832 Ferrar.
1504 2793 1554 2831 de
1578 2797 1670 2831 vett.
1698 2791 1840 2832 lucem.

966 2850 1132 2904 sepulcr.
1159 2854 1194 2890 in
1220 2851 1362 2890 (ἔπιον.
1379 2849 1674 2900 Thes.Anti‹1q.
1691 2848 1735 2888 T.
1749 2848 1839 2888 ΧΠ.

966 2922 1003 2960 p.
1025 2911 1116 2950 998.
1143 2908 1326 2960 sagittar.
1351 2906 1377 2945 l.
1398 2921 1428 2946 c.
1456 2921 1486 2945 c.
1510 2910 1575 2946 32.
1601 2909 1730 2958 p.521
1749 2920 1838 2958 sqq.

968 2963 1146 3004 Brisson.
1172 2979 1208 3016 p.
1239 2963 1383 3015 1035]

1025 3021 1163 3071 lauris.
1212 3019 1439 3073 [Lauribus
1468 3018 1646 3070 sormam,
1678 3031 1778 3070 quae
1803 3020 1837 3058 in

967 3091 1043 3127 uuo
1069 3078 1154 3118 eod.
1181 3076 1314 3116 Guels.
1335 3080 1369 3116 1.
1398 3076 1552 3127 legitur,
1578 3089 1651 3114 non
1676 3089 1839 3128 sperne-

967 3146 1066 3179 rem,
1104 3135 1137 3172 si
1165 3133 1299 3185 plures
1331 3131 1413 3170 libri
1440 3131 1684 3178 addicerent,
1721 3147 1837 3184 quum
