2155 3590
754 155 1169 200 PRAEFATIO.
1812 156 1866 184 vn

73 290 208 340 postea
243 281 290 321 ab
328 293 404 321 uno
441 277 527 319 viro
558 277 683 317 factos
714 288 802 315 esse
833 270 1102 326 cognoscitur.
1165 265 1279 320 Quod
1311 271 1390 304 tum
1423 263 1469 302 de
1499 259 1684 302 Vulcanii
1715 265 1793 298 tum
1821 256 1866 296 de

74 349 278 393 Wowcrii
308 346 541 389 editionibus
572 344 775 384 dicendum
807 348 887 392 est,
925 339 990 394 qui
1020 338 1059 378 in
1086 334 1216 378 Colvii
1240 332 1475 374 auctoritate
1501 328 1757 384 persistentes
1789 338 1867 364 non

75 421 130 461 ita
164 418 322 458 multum
360 429 446 456 cnm
484 427 530 453 eo
562 412 772 461 dissident3
812 409 912 463 quod
942 420 1078 448 verum
1112 416 1199 444 esse
1230 401 1266 442 ei
1293 400 1445 440 facilius
1476 395 1698 451 apparebit,
1738 392 1868 447 quiin

78 485 207 530 Colvii
244 481 546 526 commentarios
583 486 766 520 accurate
802 474 1065 531 inquisiverit.
1134 471 1262 524 Quum
1300 468 1403 509 enim
1441 465 1628 521 plurima,
1669 475 1767 516 quae
1803 460 1869 500 ille

78 555 245 597 feliciter
274 550 497 593 emendavit
526 548 589 589 vel
619 562 668 588 ex
702 547 788 587 cod.
816 544 1050 585 auctoritate
1080 546 1213 595 aperte
1240 536 1431 582 restituit,
1464 534 1505 574 in
1537 538 1686 572 textum
1713 535 1870 582 recepta

77 638 156 664 non
181 622 281 672 sint,
309 618 526 662 Vulcanius
551 617 590 656 in
617 616 731 667 longe
758 614 930 669 pluribus
956 611 1052 652 locis
1077 609 1125 649 ab
1145 608 1228 648 eius
1249 605 1420 646 editione
1442 601 1655 643 recessisse
1672 598 1868 645 videatur,

79 705 190 746 quam
218 704 260 731 re
284 703 380 730 vera
412 693 473 727 est
502 686 668 734 factum,
703 697 775 723 nec
807 681 1026 735 negandum
1059 684 1119 718 est
1149 690 1236 716 eum
1268 673 1332 728 qui
1358 672 1485 712 obiter
1512 675 1661 710 tantum
1687 665 1873 707 Vulcanii

78 759 288 801 editionem
323 755 446 796 oculis
483 753 715 808 perlustrat,
755 750 878 804 decipi
916 761 1051 803 posse,
1090 752 1133 786 ut
1169 743 1264 784 satis
1296 753 1480 794 magnum
1512 750 1600 777 esse
1631 736 1805 775 locorum
1832 733 1872 772 in

80 828 217 882 quibus
242 840 264 866 a
290 825 461 879 priorum
488 820 683 862 sententia
709 817 942 859 dissenserit
967 827 1169 855 numerum
1191 811 1313 866 primo
1333 809 1517 862 adspectu
1538 804 1755 853 existimet,
1784 801 1874 855 quia

80 909 215 936 omnes
239 893 302 934 vel
327 892 549 933 levissimae
575 887 867 929 emendationes
894 884 1035 925 litteris
1061 880 1232 934 longiori
1262 876 1472 919 intervallo
1501 872 1637 929 positis
1666 872 1874 911 denotatae

81 970 192 1014 sunt,
221 961 294 1003 etsi
321 961 366 1000 ad
394 957 696 1014 typographicos
727 968 884 995 errores
910 960 950 994 et
974 963 1160 1007 perversa
1186 943 1490 1000 interpungendi
1516 942 1629 996 signa
1656 939 1755 979 haud
1783 951 1874 978 raro

82 1045 151 1073 eae
183 1029 393 1086 pertinent.
452 1030 638 1067 Attamen
673 1024 796 1064 maius
822 1029 882 1063 est
906 1019 1090 1062 Vulcanii
1120 1017 1159 1057 in
1186 1014 1343 1070 Apuleii
1369 1013 1492 1053 libros
1518 1009 1722 1058 meritum,
1763 1020 1875 1060 quam

81 1097 304 1147 Wowerii,
338 1097 401 1150 qui
435 1092 670 1135 coniecturis
695 1091 905 1132 maximam
933 1095 1080 1144 partem
1106 1082 1385 1126 infelicissimis
1411 1080 1640 1135 scriptorem
1674 1090 1784 1117 suum
1812 1088 1878 1129 po-

82 1168 158 1209 tius
182 1165 402 1220 inquinavit
426 1176 538 1216 quam
565 1159 801 1200 emendavit.

195 1245 278 1285 Has
315 1243 497 1296 vulgatae
533 1239 712 1280 lectionis
750 1237 941 1278 editiones
972 1232 1320 1274 Elmenhorstiana
1356 1228 1514 1282 excepit
1556 1239 1654 1279 quae
1693 1222 1879 1264 diversis-

82 1313 180 1354 sima
210 1311 250 1351 in
281 1318 485 1363 utramque
516 1314 663 1362 partem
695 1305 836 1346 iudicia
863 1302 1003 1352 subiit,
1032 1302 1070 1341 in
1097 1300 1236 1354 quibus
1262 1305 1329 1338 aut
1354 1294 1652 1350 comprobandis
1683 1299 1750 1333 aut
1775 1292 1880 1331 refu-

84 1380 211 1422 tandis
237 1392 284 1419 ne
310 1378 452 1418 multus
478 1376 571 1425 sim,
600 1374 730 1414 statim
757 1386 856 1424 quae
882 1385 967 1411 mea
994 1370 1044 1409 sit
1069 1367 1281 1417 sententia,
1311 1364 1485 1405 breviter
1509 1375 1713 1416 exponam.
1774 1358 1881 1412 Quo—

84 1449 186 1489 niam
212 1461 308 1488 vero
340 1459 438 1500 quae
470 1445 554 1498 quis
586 1442 762 1483 effecerit
787 1441 826 1480 in
853 1453 895 1479 re
921 1438 995 1478 sibi
1022 1436 1219 1492 proposita
1247 1448 1323 1474 uon
1351 1447 1403 1473 ex
1429 1445 1592 1472 numero
1623 1443 1757 1469 eorum
1784 1440 1882 1480 quae

84 1522 317 1557 consecutus
343 1521 402 1554 est
426 1513 493 1553 sed
519 1526 568 1552 ex
595 1525 641 1552 eo
667 1510 768 1564 quod
796 1515 996 1563 praestare
1022 1506 1086 1546 ille
1113 1519 1133 1545 e
1159 1519 1201 1544 re
1222 1509 1313 1543 nata
1335 1501 1472 1556 potuit,
1502 1497 1751 1553 ponderanda
1774 1502 1880 1542 sunt,

85 1583 398 1626 Elmenhorstius
426 1596 502 1621 non
530 1579 648 1620 tantis
674 1578 765 1618 mihi
792 1577 942 1631 quidem
970 1573 1190 1615 efferendus
1217 1571 1372 1611 videtur
1398 1582 1484 1609 esse
1504 1566 1698 1615 laudibus,
1727 1563 1883 1618 quantis

84 1652 266 1707 aequales
297 1665 382 1691 eum
415 1649 615 1690 celebrare
641 1646 830 1687 solebant.
891 1643 1082 1697 Quamvis
1108 1641 1210 1682 enim
1238 1640 1282 1679 de
1310 1645 1421 1679 textu
1447 1635 1689 1677 emendando
1722 1632 1884 1673 multum

85 1736 170 1763 euni
209 1719 398 1761 meruisse
436 1725 475 1758 61
511 1717 658 1770 aliquot
694 1715 789 1755 locis
834 1727 967 1753 veram
1011 1710 1216 1752 lectionem
1262 1706 1483 1748 restituisse
1522 1703 1660 1757 negari
1697 1707 1881 1755 nequeat,

86 1798 215 1831 tamen
241 1788 273 1828 si
299 1801 432 1828 sanam
460 1791 496 1826 et
521 1792 666 1824 certam
695 1782 914 1836 corrigendi
944 1780 1134 1821 rationem
1163 1783 1320 1818 secutus
1347 1781 1472 1822 esset,
1500 1773 1584 1828 plus
1611 1771 1800 1825 proficere
1822 1768 1884 1808 ille

88 1858 297 1913 potuisset,
331 1855 468 1909 quippe
502 1853 566 1907 qui
593 1852 711 1892 tantis
738 1851 924 1891 librorum
952 1847 1136 1889 subsidiis
1163 1844 1319 1899 quantis
1345 1850 1436 1884 ante
1462 1856 1547 1882 eum
1582 1854 1695 1880 nemo
1722 1837 1886 1891 largiter

87 1932 193 1968 esset
223 1925 453 1965 instructus.
515 1920 561 1961 In
594 1934 709 1960 manu
742 1926 857 1959 erant
888 1932 969 1963 non,
998 1916 1122 1957 solum
1156 1913 1330 1953 codicum
1364 1910 1682 1951 Florentinorum
1710 1906 1886 1946 collatio-

88 2009 180 2045 nes,
219 2006 383 2047 quorum
420 1990 552 2030 varias
589 1988 804 2042 scripturas
836 2000 919 2027 cum
947 1982 1241 2024 Elmenhorstio
1272 1977 1591 2031 Lindenbrogius
1625 1974 1887 2016 communica-

89 2069 222 2112 verat,
261 2060 328 2101 sed
365 2059 530 2100 aliorum
562 2070 713 2110 quoque
739 2053 930 2103 Palatini,
974 2050 1176 2099 Fulviani,
1211 2047 1454 2097 Bertiniani,
1488 2045 1686 2100 Lipsiani,
1722 2042 1888 2083 Puteani

89 2136 300 2184 excerpta,
339 2141 392 2167 ex
422 2126 560 2180 quibus
594 2131 743 2164 textum
776 2121 1016 2162 constituere
1047 2118 1353 2159 emendatiorem
1386 2114 1529 2155 nemini
1562 2113 1637 2153 nisi
1663 2112 1781 2152 stulto
1813 2125 1888 2150 non

91 2198 277 2239 licuisset.
338 2194 511 2235 Primum
549 2199 676 2231 autem
716 2191 787 2230 hoc
824 2202 960 2230 errore
998 2187 1093 2228 satis
1126 2199 1268 2239 magno
1300 2185 1430 2238 lapsus
1463 2190 1523 2222 est
1553 2180 1886 2228 Elmenllorstius,

93 2265 192 2321 quod
219 2270 362 2318 quanta
389 2261 623 2302 auctoritate
649 2258 791 2312 singuli
819 2257 960 2311 quique
987 2256 1096 2295 codd.
1123 2260 1257 2294 essent
1282 2260 1350 2293 aut
1375 2250 1575 2306 ignoravit
1600 2256 1666 2289 aut
1693 2247 1886 2302 neglexit,

94 2341 135 2374 ut
164 2336 201 2373 in
234 2332 334 2372 hanc
363 2328 590 2383 saepissime
622 2327 809 2367 incideret
846 2324 1173 2373 inconstantiam,
1208 2336 1259 2362 ex
1297 2334 1371 2375 qua
1398 2333 1548 2360 summa
1574 2318 1658 2358 sine
1685 2316 1799 2357 dubio
1826 2330 1890 2356 ca-

93 2402 247 2443 lamitas
285 2400 331 2439 ad
369 2405 524 2439 veteres
561 2395 774 2450 scriptores
811 2392 1063 2439 redundavit,
1105 2391 1167 2431 ubi
1201 2390 1354 2429 animus
1392 2388 1504 2428 modo
1543 2387 1615 2427 huc
1655 2386 1768 2425 modo
1800 2384 1891 2423 illuc

93 2471 304 2511 distractus
330 2481 443 2520 quam
470 2464 704 2505 sententiani
731 2469 918 2516 sequatur
942 2460 1108 2515 pessime
1136 2458 1322 2507 haesitat,
1350 2456 1487 2510 quippe
1513 2462 1620 2495 certo
1647 2452 1778 2493 iudicii
1806 2453 1891 2491 fun-

94 2539 275 2579 damento
307 2535 514 2575 destitutus
546 2540 585 2573 et
615 2546 667 2571 ex
699 2529 955 2571 momentario
987 2529 1097 2582 quasi
1130 2527 1316 2567 instinctu
1349 2525 1453 2565 inter
1483 2523 1636 2575 singula
1670 2521 1796 2576 potius
1823 2519 1891 2559 eli-

95 2619 206 2661 gens.
267 2603 370 2644 Hinc
396 2615 487 2642 raro
513 2601 553 2641 in
578 2598 860 2640 Elmenl1‹›rstii
887 2597 1054 2637 editione
1079 2609 1198 2636 sanas
1225 2594 1397 2634 rationes
1424 2591 1589 2647 perspici
1615 2591 1725 2639 licet,
1754 2587 1891 2642 quibus

95 2675 233 2715 ductus
258 2672 363 2712 inter
388 2670 518 2710 varias
544 2668 733 2709 lectiones
760 2667 948 2706 delectum
977 2664 1176 2712 habuerit,
1205 2662 1360 2716 saepius
1386 2675 1439 2701 ex
1464 2660 1548 2700 solo
1575 2657 1722 2712 ingenii
1748 2656 1829 2707 sui,
1858 2655 1891 2696 si

96 2742 195 2797 quod
221 2748 302 2791 est,
330 2740 474 2793 impetu
499 2737 627 2778 subito
653 2750 704 2776 ex
730 2734 927 2775 codicibus
952 2732 1230 2773 diversissimis
1256 2729 1523 2771 diversissima
1551 2727 1734 2766 miscens.
1780 2723 1891 2777 Quae

97 2825 211 2865 quum
239 2809 292 2849 ita
317 2808 417 2856 sint,
455 2805 701 2845 mirationem
729 2804 859 2843 facere
885 2800 1039 2855 nequit,
1067 2815 1138 2841 cur
1163 2797 1478 2840 Elmenliorstius
1504 2795 1568 2849 qui
1595 2794 1642 2834 ob
1668 2793 1892 2847 largissima

97 2879 269 2919 codicum
307 2875 480 2916 subsidia
506 2873 649 2927 optima
675 2884 849 2926 quaeque
875 2884 916 2910 se
943 2869 1220 2924 praestiturum
1253 2881 1340 2907 esse
1377 2879 1482 2919 spem
1522 2863 1758 2908 excitasset,
1804 2875 1891 2914 pro-

98 2946 228 2987 missis
265 2952 371 2986 stare
409 2957 486 2983 non
524 2941 713 2996 potuerit,
752 2946 793 2979 at
829 2938 948 2978 nihilo
984 2940 1110 2977 minus
1142 2935 1312 2976 omnium
1346 2946 1444 2988 quae
1474 2932 1563 2972 inde
1601 2931 1647 2970 ab
1685 2929 1838 2969 Iuntina
1866 2930 1892 2971 ,2

98 3028 219 3068 usque
244 3013 290 3054 ad
317 3009 635 3064 Oudendorpium
662 3020 914 3062 comparuere
939 3005 1151 3046 editionum
1177 3003 1327 3044 dederit
1352 2999 1744 3056 praestantissimam.

210 3092 311 3133 Tum
343 3091 420 3131 alio
452 3089 607 3130 nomine
638 3085 980 3128 vehementissime
1004 3083 1286 3138 vituperandus
1311 3088 1384 3120 est.
1447 3078 1549 3120 Nam
1577 3093 1691 3132 quum
1717 3076 1891 3117 Linden-

101 3161 262 3216 brogius
277 3159 482 3214 Apuleium
505 3155 747 3198 emendatius
767 3155 882 3194 edere
903 3160 993 3194 ante
1008 3149 1338 3192 Elmenliorstium
1361 3148 1564 3188 consilium
1581 3147 1763 3200 cepisset,
1792 3146 1892 3198 quod
