2221 3667
343 204 398 246 70
591 205 637 245 L.
668 204 888 245 APULEH
918 199 1319 244 MADAURENSIS
1343 197 1886 240 METAMORPHOSEON

276 322 317 354 77
345 317 576 357 seniculum.
638 316 683 358 In
716 318 861 372 angulo
891 316 1065 357 sedebat.
1101 312 1108 368 Ι
1141 312 1267 366 Quem
1299 312 1504 353 confestim
1531 328 1596 367 pro
1623 313 1830 354 aedilitatis
1856 313 2016 368 imperio
2042 309 2139 354 voce

345 373 560 426 asperrima
593 374 819 428 increpans:
859 372 939 413 Iam
972 373 1063 421 iam,
1091 368 1237 421 inquit⁷
1273 381 1345 408 nec
1370 369 1505 408 amieis
1532 370 1684 423 quidem
1717 369 1863 409 uostris
1894 370 1956 410 vel
1982 366 2139 410 omnino

276 434 319 466 78
345 429 432 469 ullis
464 429 678 482 hospitibus
706 430 712 486 1
740 429 919 484 parcitis,
955 427 1054 481 quod
1082 432 1160 464 tam
1187 424 1340 478 magnis
1366 425 1500 479 pretiis
1532 426 1656 480 pisces
1682 426 1846 466 frivolos
1871 425 2074 476 indicatis,
2103 432 2142 465 et

345 486 478 526 florem
514 486 768 526 Thessalicae
805 484 979 538 regionis
1016 483 1063 521 ad
1100 481 1228 521 instar
1262 480 1484 522 solitudinis
1521 490 1560 522 et
1595 482 1743 536 scopuli
1775 481 1944 522 edulium
1977 482 2141 522 caritate

345 542 558 582 deducitis?
594 541 671 583 Sed
703 556 779 582 non
814 542 982 594 impune.
1044 536 1127 577 Iam
1153 536 1255 576 enim
1282 537 1377 577 faxo
1402 537 1527 588 scias,
1561 552 1673 591 quem
1706 539 1753 578 ad
1778 539 1933 578 modum
1959 538 2029 578 suh
2055 551 2141 578 meo

275 603 318 635 7‘.)
344 599 573 653 magisterio
604 599 695 639 mali
728 598 866 638 debent
900 593 1089 636 coerceri.
1152 592 1205 633 Et
1225 591 1230 649 Ι
1253 594 1414 647 profusa
1443 594 1483 634 in
1517 594 1680 635 medium
1708 595 1898 649 sportula,
1927 594 2033 635 iubet
2057 593 2142 635 offi-

344 739 532 778 confestum
541 741 654 768 vfflwt.
670 740 699 766 ⁸2,
746 733 1008 773 inquitiame'am
1028 733 1062 761 F.
1075 733 1195 761 1.G.D.
1211 733 1246 760 P.
1260 733 1294 761 Ο.
1309 734 1346 761 R.
1363 733 1383 762 t'.
1399 735 1468 760 tam
1481 734 1549 761 iam
1563 737 1606 763 Μ.
1620 734 1687 761 iam
1708 734 1816 772 inquit
1838 743 1901 763 non
1922 735 2089 769 repetitum
2109 734 2142 772 β.

343 786 420 812 ΡΝ
440 792 499 811 ms.
518 785 631 818 insipit
654 784 721 810 eod.
742 779 770 809 ὸ.
829 779 948 807 andeis
970 777 1098 806 nostris
1112 776 1241 815 quidem
1256 778 1291 805 G.
1306 779 1344 806 Ι).
1360 778 1380 806 f.
1430 777 1503 806 odio
1518 787 1574 813 pro
1587 780 1718 806 omnino
1733 788 1761 815 p.
1790 779 1846 815 [ex
1860 781 2049 816 compendio
2069 777 2143 816 ι’ἦᾶ]

344 828 433 866 qaod
456 831 490 857 F.
511 832 540 858 3.
568 831 602 856 G.
630 830 665 856 1).
694 824 773 863 qaid
798 829 867 852 tane.
891 825 927 852 F.
948 826 972 852 1.
1000 826 1035 852 B.
1055 827 1084 852 et
1104 824 1175 851 edd.
1204 826 1330 857 praeter
1352 825 1435 852 lunt.
1456 826 1486 852 ⁴3.
1518 826 1554 852 ln
1574 825 1691 854 ceteris
1709 826 1836 853 videtur
1856 826 1916 862 qut·
1934 829 2003 853 tam
2024 829 2144 854 extare.

346 878 414 901 tam
435 878 524 902 abc-s!
546 883 563 902 a
585 876 620 901 1).
671 870 854 898 erudientis
874 871 907 898 F.
926 871 953 898 1.
973 871 1011 898 Ι).
1031 865 1060 896 ὃ.
1114 866 1333 895 Thessalicae
1352 869 1387 898 F.
1402 870 1432 897 3.
1457 870 1492 897 G.
1514 871 1550 897 D.
1568 868 1603 903 [a
1617 877 1656 898 m.
1671 869 1714 905 s.]
1729 871 1762 898 0.
1777 871 1812 898 1..
1839 872 1873 898 In
1888 871 2005 899 ceteris
2020 873 2099 899 Mss.
2114 874 2143 899 et

343 921 413 947 eald.
436 923 481 946 est
509 916 715 945 Thessaliae.
764 915 878 942 susem·
896 923 951 949 pro
971 913 1133 941 adinstar
1152 914 1188 941 F.
1208 914 1233 940 1.
1248 914 1330 941 lunt.
1346 915 1375 940 2.
1391 912 1524 949 postulr'
1536 923 1590 949 pro
1604 913 1734 950 scopuli
1745 912 1773 942 ὸ’.
1789 916 1939 943 caritate
1951 914 2095 943 edulium
2109 918 2145 944 G.

342 966 378 993 P.
398 966 434 992 l).
456 966 489 991 0.
508 964 527 992 s.
576 961 735 989 (aedilium
754 962 882 989 Yicent.
930 958 1074 987 ‹leduin‘s
1097 967 1126 993 p.
1148 956 1271 986 ducitis
1290 959 1327 986 1..
1375 965 1464 986 saxo
1484 960 1610 988 Vieent.
1659 967 1729 986 meo
1756 968 1844 997 mag.
1859 962 1894 989 Ε,
1910 963 1940 989 3,
1954 963 1990 990 G,
2006 962 2093 990 110.
2108 962 2145 989 Β,

343 1010 378 1038 1¹.
404 1013 431 1036 et
457 1010 526 1036 cdd.
547 1013 621 1036 velt.
659 1010 693 1036 ln
723 1007 839 1035 ceteris
865 1009 912 1034 est
940 1007 1057 1033 nostro
1077 1011 1165 1041 mag.

342 1052 493 1081 debeant.
613 1050 618 1057 “
633 1039 639 1056 ¹

341 1175 587 1223 indignantis,
608 1174 682 1211 iam
696 1174 840 1211 monuit
853 1172 956 1211 Oud.
972 1171 1061 1210 coll.
1076 1170 1212 1209 Heius.

341 1232 390 1268 ad
423 1231 534 1269 Ovid.
569 1231 699 1268 Amor.
727 1229 788 1268 111.
816 1234 852 1271 8.
882 1234 915 1269 1.
946 1229 1093 1267 Veehn.
1120 1227 1213 1265 Hel-

342 1288 416 1326 len.
440 1286 483 1326 11.
510 1292 546 1328 3.
572 1302 608 1340 p.
625 1291 717 1328 423.
738 1286 859 1325 Heus.
882 1285 1048 1337 Giphan.
1075 1286 1110 1323 in
1137 1284 1212 1322 ind.

340 1344 495 1383 Luc-ret.
527 1359 560 1383 s.
592 1358 651 1382 vv.
685 1349 723 1383 et
754 1348 930 1397 qarmtas
955 1348 993 1382 et
1017 1343 1118 1395 qais.
1147 1340 1212 1392 [cf.

340 1400 467 1439 Hand.
507 1399 673 1439 Tursell.
700 1399 743 1439 11.
776 1415 812 1452 p.
839 1403 933 1440 493.
971 1413 1005 1437 n.
1047 1404 1110 1439 14.
1152 1401 1214 1438 15.

342 1470 521 1509 quosque
545 1459 594 1496 ibi
621 1457 795 1509 profert]

399 1539 525 1577 Humi
548 1537 725 1577 sedebat.
752 1536 997 1588 Saepissime
1022 1536 1073 1573 ita
1094 1534 1215 1585 loqui-

341 1600 400 1633 tur
413 1594 620 1645 Apuleius,
639 1597 680 1631 ut
693 1593 892 1631 relativum
907 1593 1072 1630 omittat:
1099 1603 1215 1642 quam

341 1651 573 1701 elegantiam
593 1651 733 1688 librarii
755 1664 826 1688 non
849 1649 1112 1698 intelligentes
1132 1660 1216 1698 pra-

342 1722 390 1746 ve
428 1708 727 1746 commutabant.
766 1706 814 1745 cs.
854 1705 949 1744 Met.
976 1704 1019 1743 ll.
1058 1718 1094 1756 p.
1124 1707 1214 1744 143.

342 1779 483 1804 senem.
515 1763 729 1802 Insistebat
760 1763 940 1815 lapidem
964 1760 1026 1800 111.
1057 1775 1094 1812 p.
1125 1764 1215 1800 184.

341 1822 494 1861 Eodem
519 1821 634 1858 modo
661 1821 774 1859 etiam
800 1820 900 1858 alios
929 1820 1136 1869 scriptores
1165 1817 1215 1854 lo-

343 1883 454 1916 cutos
507 1890 602 1915 esse
654 1877 818 1928 probant
872 1874 954 1913 lntt.
1008 1875 1058 1912 ad
1108 1874 1215 1912 Suet.

341 1934 433 1973 0111.
461 1949 490 1973 e.
506 1938 541 1975 9.
569 1932 703 1971 Heius.
730 1933 779 1970 ad
807 1932 913 1981 Virg.
935 1931 1033 1969 Aen.
1050 1930 1095 1968 ll.
1122 1934 1214 1971 342.

342 1991 408 2042 [et'.
432 1990 508 2029 (Tic.
535 1990 584 2028 de
603 1989 652 2028 N.
674 1989 724 2027 D.
740 1988 765 2027 l.
794 1993 857 2030 36.
879 1988 1016 2027 Heius,
1037 1987 1086 2025 ad
1101 1987 1215 2025 ovid.

340 2047 448 2086 Fast.
465 2046 526 2086 lll.
541 2051 605 2087 37.
631 2046 698 2084 Dr.
718 2046 766 2084 ad
782 2045 865 2083 Liv.
879 2043 1007 2082 XXII.
1025 2048 1087 2084 46.
1104 2048 1139 2084 9.
1169 2042 1217 2080 Et

342 2107 393 2143 ita
423 2104 584 2143 stabiliri
616 2106 748 2155 potest
774 2102 884 2141 loeus
910 2101 1052 2152 Hygin.
1081 2101 1156 2139 fab.
1184 2114 1214 2137 e.

342 2166 406 2202 75.
440 2175 475 2211 p.
503 2164 597 2201 223.
635 2160 698 2196 ubi
736 2157 844 2209 lego:
884 2158 953 2197 Ad
988 2157 1215 2196 (sharibdin

342 2223 399 2257 est
418 2217 618 2270 perlatas.
668 2218 746 2255 Ter
772 2217 839 2254 die
866 2214 1135 2266 absorbebat]

393 2299 477 2338 pro
503 2285 729 2324 aedililatis
753 2284 939 2335 imperio,
972 2281 1125 2333 [Quum
1150 2282 1215 2319 bo-

341 2343 497 2381 nitatem
528 2342 709 2379 mercium
748 2339 897 2377 aediles
929 2342 1119 2383 curarent,
1164 2339 1215 2376 iu-

341 2400 393 2437 ris
424 2399 629 2436 dictionem
661 2397 873 2441 habebant,
910 2397 943 2433 si
970 2396 1056 2446 quis
1085 2398 1216 2432 contra

342 2456 452 2505 leges
479 2458 628 2505 egerat:
655 2453 701 2492 cs.
729 2453 861 2503 fragm.
885 2456 920 2492 2.
947 2453 975 2503 ξ.
998 2455 1061 2491 34.
1089 2451 1123 2489 l*
1165 2451 1214 2488 de

340 2513 433 2562 orig.
467 2511 535 2549 1111.
559 2517 592 2551 1.
620 2514 656 2551 2.
685 2510 725 2548 sr.
749 2509 772 2547 Ι.
806 2510 836 2560 ξ.
861 2515 894 2548 1.
928 2509 968 2547 t'r.
993 2512 1056 2548 63.
1093 2509 1137 2545 i).
1165 2508 1214 2545 (le

340 2568 453 2606 aedil.
486 2567 598 2606 edict.
633 2571 697 2607 21.
735 2571 766 2606 1.
800 2565 929 2605 Aurei.
962 2565 1063 2603 Vict.
1091 2565 1139 2602 de
1162 2564 1213 2602 Υ.

339 2625 463 2664 illust.
480 2629 544 2664 72.
571 2637 673 2674 quos
686 2622 845 2661 &Valter
869 2624 1012 2660 excitat
1038 2623 1072 2659 in
1100 2622 1213 2658 libro:

343 2681 585 2722 Geso-hicme
616 2681 686 2719 des
717 2686 819 2718 rom.
853 2678 1006 2717 Rechts
1033 2677 1057 2715 Ι.
1096 2692 1126 2716 c.
1153 2682 1213 2717 18.

340 2752 376 2789 p.
398 2742 484 2778 160.
502 2736 668 2776 fasani».
685 2737 733 2774 ad
751 2736 856 2774 Pers.
874 2734 898 2773 1.
919 2738 1008 2775 130.
1029 2734 1213 2772 W'ernsd.

340 2794 389 2832 ad
420 2793 531 2832 Poet.
564 2794 627 2832 lat.
660 2795 748 2832 min.
783 2791 826 2831 T.
848 2792 896 2830 Υ.
928 2804 964 2842 p.
987 2795 1078 2831 609.
1111 2790 1213 2842 Rup.

340 2851 389 2889 ad
415 2850 491 2888 inv,
512 2850 562 2888 X.
592 2849 704 2904 101]

397 2920 532 2970 ‘inquit
569 2918 699 2971 [quod
730 2919 764 2956 in
796 2915 928 2956 multis
961 2914 1073 2953 codd.
1108 2928 1213 2965 prae-

341 2976 454 3012 fixum
480 2975 602 3015 vides.
622 2976 837 3026 probarem,
862 2975 895 3012 si
916 2971 1075 3011 Florent
1092 2975 1127 3011 3.
1154 2985 1214 3010 ae-

341 3032 513 3075 cederet,
553 3044 785 3084 quamquam
819 3031 934 3069 rarior
965 3032 1026 3067 est
1057 3028 1118 3066 hie
1149 3042 1213 3065 vo-

341 3088 396 3125 cis
417 3089 568 3138 positus
590 3088 636 3126 es.
652 3086 792 3126 Catuli.
812 3085 898 3126 LV.
923 3091 984 3127 11.
1013 3085 1214 3137 quaedam

341 3145 473 3197 inquit
493 3144 643 3183 nudam
663 3145 1015 3183 sinuum-edacem.
1051 3140 1213 3179 Librarii

340 3201 374 3237 111
406 3200 481 3238 hoc
512 3202 628 3238 verbo
662 3201 842 3251 ponendo
867 3215 942 3238 non
970 3200 1021 3237 ita
1046 3199 1212 3237 accurati

1225 1001 1342 1031 debent
1362 1005 1397 1033 F.
1411 1006 1442 1032 3.
1463 1006 1498 1033 G.
1519 1006 1556 1033 D.
1579 1005 1600 1033 f.
1621 1001 1650 1033 δ’.
1670 1003 1767 1032 debeo
1788 1013 1816 1039 p.
1851 1007 1888 1034 In
1914 1007 2032 1036 celeris
2057 1010 2147 1036 extat

1273 1169 1397 1209 fuisse
1421 1172 1606 1211 ridentur.
1663 1174 1834 1224 Saepius
1860 1174 1959 1212 enim
1985 1186 2146 1225 praepo·

1271 1229 1387 1266 situm
1411 1228 1446 1266 in
1474 1228 1595 1267 Codd.
1623 1229 1728 1284 legi]
2092 1268 2093 1271 ,

1329 1297 1410 1334 iam
1436 1298 1525 1336 iam.
1554 1295 1620 1349 [cf.
1647 1313 1683 1350 p.
1700 1302 1763 1340 55.
1792 1298 1888 1337 Sall.
1915 1297 1960 1336 B.
1981 1296 2009 1336 1.
2034 1311 2065 1337 e.
2085 1302 2146 1337 17.

1273 1351 1399 1391 Hand.
1444 1352 1556 1392 Turs.
1582 1353 1643 1393 111.
1681 1369 1718 1406 p.
1749 1359 1838 1395 155.
1876 1367 1936 1405 sq.
1962 1354 2146 1406 Wagner.

1275 1409 1436 1455 Quaest.
1480 1410 1614 1461 virgil.
1638 1410 1787 1450 XXIV.
1832 1415 1867 1452 9.
1909 1424 1946 1463 p.
1972 1413 2065 1451 493.
2110 1414 2148 1448 et

1274 1466 1386 1504 eund.
1413 1466 1462 1504 ad
1489 1466 1600 1518 Eleg.
1628 1468 1678 1507 ad
1702 1467 1869 1506 messal.
1896 1480 1932 1518 p.
1951 1465 2034 1520 13.]

1332 1523 1590 1563 Thessalicae
1615 1523 1684 1576 [ex
1709 1528 1802 1575 optt.
1829 1523 1930 1562 Mss.
1957 1524 2146 1562 revocavi.

1275 1579 1322 1619 el'.
1348 1593 1466 1631 supra
1491 1594 1528 1631 p.
1555 1581 1638 1634 24]

1332 1649 1390 1686 ad
1419 1649 1550 1688 instar
1589 1647 1662 1702 [cs.
1696 1648 1822 1688 Hand.
1857 1646 2072 1686 Tursell.1.
2111 1661 2146 1698 p.

1279 1708 1368 1745 133.
1392 1704 1500 1743 Seru
1528 1705 1577 1744 ad
1599 1706 1696 1743 Aen.
1721 1705 1764 1743 ll.
1790 1703 1952 1744 ·15.X11.
1967 1704 2060 1745 923.
2082 1703 2147 1742 ibi-

1276 1774 1352 1811 que
1365 1761 1513 1805 Eurum
1539 1762 1587 1801 ad
1602 1763 1702 1800 Aen.
1718 1761 1782 1800 Vl.
1798 1765 1891 1802 866.
1913 1761 1977 1798 ubi
1997 1774 2046 1798 ex
2060 1760 2147 1799 loeo

1276 1818 1325 1855 ad
1351 1819 1449 1856 Aen.
1477 1817 1520 1856 11.
1552 1824 1613 1858 15.
1647 1818 1931 1856 e111en‹lan‹lum
1955 1820 2035 1855 est:
2075 1816 2149 1856 Ad

1275 1876 1432 1914 instar
1457 1876 1558 1913 enim
1578 1890 1659 1914 non
1680 1876 1866 1919 dicinms.
1891 1873 2023 1926 quod
2042 1873 2149 1912 Pro·

1277 1932 1346 1969 bas
1369 1931 1561 1970 declinavi.
1584 1932 1715 1984 qaod
1733 1932 1832 1969 enim
1854 1931 1915 1969 hie
1934 1933 1996 1968 est
2016 1943 2148 1982 quam—

1277 2002 1415 2040 quaon
1442 1987 1488 2026 cs.
1515 1986 1632 2039 Prop.
1659 1987 1722 2026 HI.
1753 1993 1784 2027 1.
1813 1986 1897 2040 49]

1333 2056 1550 2095 deduc-llis.
1594 2056 1811 2094 Dedaee'lis
1846 2054 2016 2106 praefert
2045 2052 2148 2092 Oud.

1277 2113 1478 2163 explicans
1494 2113 1678 2166 differtis.
1701 2113 1922 2163 infatuatis.
1955 2109 2148 2162 Equidem

1276 2168 1419 2207 Floridi
1469 2170 1589 2219 probo
1632 2170 1886 2206 sententiam:
1937 2168 2150 2218 Recliyitc's

1275 2226 1413 2265 arbem
1455 2226 1687 2264 Thessaliae
1725 2225 2050 2278 florentissimam
2093 2223 2150 2262 ad

1272 2285 1450 2335 formam
1475 2282 1720 2320 solitudinis.
1747 2281 1793 2320 ct'.
1810 2281 1909 2319 (fort.
1937 2281 1986 2319 ad
2000 2280 2147 2319 Lucan.

1278 2337 1318 2376 11.
1347 2343 1438 2379 294.
1475 2340 1552 2392 flos
1588 2339 1821 2378 Thessaliae.
1859 2336 1931 2390 [ef.
1963 2336 2068 2390 Rup.
2099 2336 2146 2373 ad

1275 2395 1351 2434 luv.
1380 2396 1461 2434 Sat.
1489 2395 1536 2433 Υ.
1563 2394 1648 2447 56]
2060 2390 2062 2393 .

1330 2463 1576 2515 ⁷11affl'stert‘o.
1591 2462 1693 2500 Oud.
1709 2461 1759 2500 de
1772 2461 1808 2500 11.
1823 2474 1857 2500 v.
1873 2461 2015 2499 excitat
2030 2460 2147 2499 Gron.

1273 2521 1322 2559 ad
1342 2518 1598 2564 Liv.XX1V,
1621 2523 1684 2559 25.
1706 2523 1744 2556 et
1762 2531 1837 2557 sua
1856 2518 1943 2556 diet.
1966 2517 2016 2556 ad
2037 2516 2148 2555 Suet.

1274 2576 1395 2626 Calig.
1412 2579 1476 2618 22.
1505 2575 1587 2628 [ubi
1614 2575 1661 2614 cf.
1689 2575 1802 2613 etiam
1824 2574 1948 2619 Wolf,
1977 2571 2147 2613 Casaub.

1273 2634 1322 2673 ad
1349 2632 1512 2684 Capitol.
1539 2631 1658 2672 Mare.
1685 2632 1775 2670 Ant.
1802 2644 1832 2669 e.
1860 2627 1919 2685 4.]
2110 2662 2113 2681 .

1331 2689 1489 2730 debent.
1528 2688 1586 2726 Ex
1624 2693 1729 2742 oppt.
1769 2687 1879 2726 codd.
1918 2688 1970 2725 ita
2003 2686 2148 2746 recepi,

1275 2749 1364 2798 quia
1387 2747 1549 2797 saepius
1577 2746 1611 2783 in
1634 2746 1807 2784 oratione
1829 2743 1987 2794 obliqua
2006 2739 2149 2782 indic'a-

1273 2806 1374 2843 tivus
1411 2803 1614 2847 invenitur,
1653 2803 1716 2854 qui
1752 2814 1775 2838 a
1810 2799 1944 2839 sciolis
1980 2799 2149 2856 librariis

1272 2865 1420 2899 temere
1454 2859 1681 2897 mutabatur.
1725 2856 1826 2895 Oud.
1865 2857 1916 2895 de
1955 2855 2030 2895 hoe
2069 2869 2150 2895 usu

1273 2920 1471 2968 comparat
1503 2915 1592 2953 dict.
1626 2915 1673 2953 ad
1707 2912 1819 2951 Caes.
1851 2912 1897 2951 B.
1932 2912 1978 2951 G.
2004 2911 2050 2951 ll.
2078 2916 2142 2953 32.

1274 2975 1403 3012 Burni.
1431 2972 1480 3011 ad
1504 2970 1692 3011 Lueand.
1711 2974 1799 3010 126.
1826 2969 1954 3008 Bentl.
1980 2969 2030 3008 ad
2051 2968 2144 3012 Hor.

1274 3030 1356 3069 Sat.
1382 3029 1408 3068 I.
1439 3035 1500 3070 11.
1527 3033 1563 3068 2.
1591 3027 1744 3081 [Perlk.
1770 3025 1902 3064 Horat.
1930 3039 1966 3077 p.
1987 3029 2051 3066 50.
2078 3029 2142 3067 5⁷5.

1274 3086 1399 3136 Sillig.
1425 3086 1475 3124 ad
1495 3082 1751 3123 Catull.LX1.
1780 3087 1843 3122 77.
1871 3082 1969 3120 Coi-t.
1997 3081 2045 3120 ad
2065 3080 2142 3120 Lu-

1273 3142 1395 3182 011111.
1426 3146 1515 3182 126.
1543 3139 1608 3179 Υ1.
1636 3143 1728 3180 593.
1758 3139 1839 3176 lntt.
1867 3138 1916 3177 ad
1935 3136 2140 3189 VirgEcl.

1273 3199 1338 3238 IV.
1365 3199 1429 3242 52.
1462 3197 1591 3237 Burm.
1618 3197 1668 3235 ad
1692 3195 1808 3247 Prop.
1834 3194 1859 3233 1.
1888 3199 1923 3236 2.
1951 3197 1986 3235 9.
2035 3193 2141 3233 Nihil
