2155 3590
11 283 14 294 ‘
73 274 127 314 ,in
160 280 311 314 nostro.

485 105 674 146 LIBER
701 106 729 146 1.
788 105 916 147 CAP.
945 104 1092 147 XXIII.
1119 104 1270 145 XXIV.
1834 104 1890 147 67

12 205 17 246 ἶ
73 230 180 258 ‚cens
210 225 250 258 et
273 231 364 258 ecce
394 218 486 260 illud
517 218 738 259 cubiculum
761 219 970 260 honestum
994 217 1299 273 receptaculum.
1360 214 1442 257 Fac
1467 215 1636 257 libenter
1660 215 1884 257 deverseris

371 272 477 315 Nam
506 281 547 315 et
574 274 764 316 maiorem
801 276 956 317 domum
982 274 1209 330 dignatione
1233 281 1302 314 tua
1327 272 1491 321 feceris,
1519 279 1559 313 et
1594 271 1665 312 tihi
1688 272 1886 327 specimen

72 329 298 383 gloriosum
331 331 556 385 arrogaris,
595 331 630 371 si
660 338 868 373 contentus
893 333 977 373 lare
1001 331 1166 388 parvulo
1190 329 1336 371 Thesei
1360 328 1465 370 illius
1492 328 1738 383 cognominis
1762 328 1886 383 patris

84 386 139 427 tui
161 386 167 442 Ι
186 386 353 427 virtutes
379 387 656 438 aemulaveris,
684 388 750 442 qui
775 402 854 428 non
879 395 940 429 est
963 395 1195 443 aspernatus
1216 385 1386 427 Hecales
1411 399 1510 426 anus
1525 385 1734 440 hospitium
1749 392 1881 426 tenue.
1911 395 1954 431 72

81 440 136 482 Et
170 449 312 483 vocata
353 444 553 484 ancillula:
595 442 730 495 Fotis,
770 444 917 498 inquit,
964 442 1207 501 sarcinullas
1244 442 1408 498 hospitis
1445 449 1648 496 susceptas
1686 457 1773 482 cum
1810 442 1882 482 fide
1904 450 2004 497 [113]

81 499 203 539 conde
228 499 267 538 in
292 499 385 539 illud
411 500 644 551 cubiculum,
673 514 718 540 ac
744 501 859 541 simul
884 515 935 541 ex
961 500 1228 555 promptuario
1254 499 1382 540 oleum
1401 499 1537 539 unctui
1557 505 1595 539 et
1617 499 1739 539 lintea
1760 498 1885 539 tersui

79 562 119 595 et
143 562 273 596 cetera
300 555 387 596 huic
414 557 538 597 eidem
563 557 650 598 usui
675 558 810 611 profer
835 557 973 608 ociter,
1002 565 1042 598 et
1067 557 1257 613 hospitem
1281 570 1410 597 meum
1434 555 1581 611 produc
1607 555 1654 596 ad
1679 555 1884 610 proximas

77 610 257 652 balneas:
291 610 298 668 Ι
329 612 426 653 satis
451 613 574 654 arduo
600 613 742 654 itinere
768 620 885 668 atque
909 614 1066 668 prolixo
1092 613 1281 668 fatigatus
1307 620 1382 654 est.
1932 622 1973 655 73

588 764 1032 811 CAPUT
1136 762 1365 815 XXIV.

185 882 259 924 His
285 897 358 938 ego
385 884 526 925 auditis
553 898 683 925 mores
709 892 825 938 atquc
856 885 1136 939 parsimoniam
1166 885 1412 926 ratiocinans
1442 882 1629 935 Milonis,
1663 883 1879 938 volensque

72 954 133 981 me
165 940 290 981 artius
322 941 357 980 ei
384 941 615 982 conciliare:
663 939 795 991 Nihil,
832 942 1006 995 inquam,
1042 956 1175 982 rerum
1202 942 1389 992 istarum,
1426 954 1524 994 quae
1550 941 1704 981 itineris
1737 941 1880 994 ubique

72 1011 143 1037 nos
170 997 422 1047 comitantur,
451 998 689 1052 indigenius.
747 996 825 1038 Sed
851 1005 890 1039 et
915 998 1075 1038 balneas
1102 998 1217 1039 facile
1243 997 1576 1052 percontabimur.
1626 996 1750 1038 Plane
1777 998 1879 1051 quod

71 1061 132 1094 est
167 1053 259 1094 mihi
293 1068 441 1094 summe
472 1054 744 1108 praecipuum,
785 1068 907 1108 equo,
947 1055 1011 1107 qui
1043 1068 1104 1094 me
1135 1062 1295 1094 strenue
1328 1054 1533 1107 pervexit,
1570 1054 1728 1094 foenum
1761 1061 1877 1108 atquc

70 1109 257 1150 hordeum
289 1111 459 1164 acceptis
490 1111 577 1150 istis
613 1111 823 1151 nummulis
863 1118 904 1151 tu
935 1109 1046 1151 Fotis
1080 1111 1213 1150 emito.
1276 1109 1351 1150 His
1383 1110 1482 1150 actis
1507 1117 1547 1150 et
1571 1110 1688 1151 rebus
1714 1110 1811 1151 meis
1836 1110 1878 1150 in

68 1165 135 1206 illo
167 1166 345 1206 cubiculo
377 1167 544 1207 conditis
575 1181 745 1221 pergens
776 1167 859 1221 ipse
890 1168 938 1207 ad
970 1167 1154 1217 balneas,
1195 1174 1237 1206 ut
1268 1167 1376 1220 prius
1408 1167 1553 1220 aliquid
1586 1167 1698 1207 nohis
1730 1166 1875 1207 cibatui

68 1222 351 1277 prospicerem,
397 1224 525 1264 forum
563 1223 753 1278 cupidinis
797 1230 908 1277 peto,
947 1223 1066 1276 inque
1102 1236 1148 1263 eo
1187 1223 1377 1277 piscatum
1415 1223 1613 1278 opiparem
1651 1223 1875 1278 expositum

65 1337 160 1367 istud
175 1338 361 1367 cubiculum
381 1341 418 1368 R.
439 1340 462 1368 s.
481 1341 520 1368 D.
569 1338 728 1368 decertas
746 1348 776 1374 p.
796 1338 977 1368 diverseris
998 1340 1069 1369 edd.
1092 1343 1170 1368 vett.
1218 1338 1347 1367 nostris
1373 1342 1458 1368 lunt.
1473 1341 1504 1368 2).
1531 1343 1668 1368 nostras
1685 1342 1769 1369 lunt.
1791 1342 1820 1370 1.
1840 1341 1875 1368 1'11

64 1387 183 1412 nostro
203 1386 252 1414 ed.
267 1392 313 1419 pr.
361 1385 409 1412 sis
422 1393 479 1420 pro
493 1384 566 1420 sip.
580 1389 609 1413 et
623 1386 693 1414 edd.
708 1388 784 1414 vett.
799 1389 926 1420 praeter
938 1387 1021 1413 lunt.
1035 1387 1065 1413 2.
1114 1384 1264 1421 part-ulo
1284 1383 1405 1413 Thesei
1426 1386 1566 1414 Vulcan.
1582 1387 1610 1413 2.
1625 1387 1708 1414 Elm.
1757 1394 1872 1414 aemu-

65 1429 152 1458 laris
176 1431 211 1459 G.
260 1428 420 1458 alesanus
435 1431 470 1458 F.
484 1431 515 1459 3.
531 1432 566 1458 G.
587 1431 622 1459 P.
636 1431 674 1459 R.
690 1430 711 1458 f.
726 1438 755 1465 p.
772 1431 853 1459 Coll.
866 1432 906 1459 V.
921 1431 970 1459 ed.
986 1438 1031 1464 pr.
1046 1430 1174 1459 Vicent.
1187 1431 1301 1459 Venet.
1318 1427 1348 1458 4.
1362 1431 1471 1459 Paris.
1492 1428 1608 1463 ιιῐρίᾶἶῖ
1620 1432 1658 1459 D.
1673 1435 1702 1459 et
1717 1431 1749 1459 in
1763 1439 1864 1467 marg.

64 1482 131 1505 am.
145 1484 172 1504 s.
187 1473 241 1503 vel
251 1473 423 1504 alemans.
449 1474 606 1514 alefaues
619 1477 655 1503 Β.
670 1473 812 1503 alnonis
826 1477 860 1504 0.
875 1480 904 1503 et
919 1476 1003 1504 inter
1014 1476 1143 1504 litteras
1157 1473 1258 1503 ullius
1272 1473 1425 1503 lemuim's.
1473 1478 1512 1503 at
1526 1479 1652 1504 vocata
1665 1477 1779 1505 Vener.
1793 1479 1824 1506 2.
1842 1479 1871 1505 4.

62 1523 145 1550 lunt.
164 1522 187 1549 1.
236 1519 364 1548 ancilla
384 1522 420 1549 G.
440 1522 475 1549 P.
496 1522 534 1549 D.
555 1522 590 1550 0.
612 1522 648 1549 L.
670 1520 691 1550 f.
711 1518 830 1548 Fortis
850 1520 961 1558 inquit
979 1518 1170 1548 lan-inulas
1188 1521 1303 1550 Vener.
1324 1522 1353 1549 ἱ).
1402 1519 1499 1548 crede
1519 1530 1576 1556 pro
1595 1519 1697 1549 conde
1710 1523 1745 1550 B.
1762 1531 1790 1557 p.
1840 1524 1876 1550 et

57 1565 295 1602 promptuario
310 1567 345 1594 G.
360 1567 395 1594 P.
410 1570 438 1595 et
454 1567 550 1600 plane
563 1573 580 1593 e
593 1567 751 1595 omittitur
764 1566 797 1594 in
812 1567 846 1595 P.
862 1574 904 1595 ex
917 1568 992 1594 coll.
1007 1567 1096 1594 Grut.
1144 1569 1180 1593 et
1197 1570 1273 1595 ante
1286 1564 1393 1593 lintea
1406 1569 1496 1594 abes!
1512 1569 1551 1595 ab
1565 1566 1872 1596 Elm.1³ric.Florid.

61 1608 147 1639 haee
165 1609 268 1638 eidem
285 1612 357 1640 Ber.
378 1612 451 1640 Ald.
465 1612 579 1640 Venet.
594 1613 624 1640 4.
646 1616 675 1641 et
695 1619 807 1641 omnes
826 1615 900 1640 ante
914 1612 1004 1640 Colv.
1018 1609 1082 1638 lzoc
1093 1612 1133 1640 D.
1176 1610 1299 1651 perfer
1312 1613 1348 1640 B.
1362 1611 1530 1652 proferas
1544 1613 1579 1640 G.
1596 1613 1630 1641 P.
1645 1613 1684 1640 D.
1697 1613 1734 1640 L.
1750 1613 1784 1641 0.
1800 1612 1822 1642 f.
1835 1620 1873 1642 π.

61 1655 187 1685 vociter
201 1658 236 1685 G.
252 1656 393 1684 comiter
406 1657 427 1685 f.

151 1709 231 1739 ergo
250 1703 288 1731 D.
307 1700 345 1737 [a
363 1710 402 1731 m.
423 1700 468 1737 p.]
489 1702 524 1730 0.
566 1701 818 1739 parcimoniam
838 1704 875 1731 D.
925 1701 1107 1739 valensque
1126 1702 1242 1730 arcius
1261 1701 1485 1730 eae'consil1'm·i
1498 1703 1518 1731 f.
1567 1710 1681 1730 rerum
1695 1705 1785 1732 abest
1799 1711 1819 1732 a
1832 1704 1871 1732 D.

60 1746 198 1775 illarum
218 1754 273 1782 pro
291 1746 437 1775 istarum
458 1747 479 1775 f.
530 1746 597 1775 rite
616 1752 693 1777 ante
712 1755 772 1775 nos
793 1748 930 1777 inseruit
953 1749 988 1776 B.
1036 1754 1197 1775 summum
1212 1755 1329 1784 praec.
1352 1748 1372 1776 f.
1392 1755 1517 1776 summe
1529 1748 1735 1785 principiam
1756 1750 1804 1777 ed.
1826 1757 1871 1783 pr.

61 1793 131 1821 Vic.
152 1793 234 1822 Ven.
249 1793 279 1820 2.
299 1794 328 1821 4.
354 1793 428 1821 Par.
454 1799 580 1820 summo
596 1792 800 1830 principium
824 1794 907 1821 lunt.
922 1795 952 1821 2².
1011 1801 1119 1830 aequo
1134 1794 1260 1821 Vicent.
1310 1793 1500 1832 fenumque
1519 1796 1623 1830 aeque
1643 1791 1675 1820 h.
1696 1796 1734 1822 D.
1794 1794 1871 1822 islis

47 1837 150 1866 *abest
165 1844 185 1866 a
196 1839 234 1866 D.
283 1837 392 1865 numia
405 1838 440 1866 0.
487 1837 621 1866 actibus
636 1847 665 1874 p.
714 1836 897 1866 reconditis
910 1839 946 1866 P.
995 1836 1160 1874 cupidinis
1175 1839 1209 1867 F.
1224 1839 1255 1866 3.
1271 1840 1307 1867 G.
1321 1840 1358 1866 D.
1373 1840 1408 1867 L.
1425 1847 1453 1873 p.
1469 1843 1500 1866 ut
1521 1839 1609 1867 infra
1628 1847 1656 1873 p.
1673 1841 1726 1867 74.
1775 1840 1869 1874 cupi-

44 1880 182 1910 ·ditalv‘s
202 1882 224 1912 f.
244 1890 285 1911 ex
305 1885 512 1919 glossemate.
542 1885 579 1912 In
597 1883 714 1913 cereris
728 1884 824 1913 libris
838 1887 866 1913 et
882 1884 953 1912 edd.
968 1886 1016 1912 est
1030 1881 1212 1920 cupedinis.
1260 1883 1294 1912 in
1309 1891 1373 1921 quo
1381 1883 1572 1920 piscarium
1588 1883 1609 1912 s.
1658 1891 1816 1921 opparem
1830 1885 1868 1914 D.

47 1935 82 1962 ‚a
93 1935 133 1957 m.
147 1937 178 1964 p.
191 1936 373 1966 opyparem
386 1930 421 1957 G.

58 2025 155 2066 bulI.
185 2025 252 2065 IV.
290 2031 324 2067 1.
350 2029 414 2067 94.
447 2026 572 2066 Munk
602 2027 653 2067 ad
683 2026 796 2079 Fulg.
830 2026 929 2080 Exp.

58 2096 95 2134 p.
121 2096 153 2121 s.
180 2096 217 2134 p.
244 2087 336 2123 774.
364 2082 491 2136 Stav.]

115 2139 304 2178 Hecales.
331 2139 480 2178 Hecale
505 2154 603 2179 anus
623 2144 705 2180 erat
719 2139 929 2185 Thessala,

58 2208 160 2246 quae
190 2194 390 2234 Theseum
425 2195 720 2236 adolescentem
757 2197 928 2248 hospitio

57 2252 222 2302 benigue
246 2256 465 2303 exceperat.
493 2251 560 2305 [cs.
586 2252 672 2292 Intt.
697 2253 746 2291 ad
772 2251 927 2292 Petron.

57 2322 89 2347 c.
124 2311 214 2349 135.
247 2322 283 2360 p.
310 2312 403 2350 837.
435 2322 495 2360 sq.
526 2309 657 2349 Burm.
684 2307 853 2348 Taubm.
879 2309 929 2348 ad

55 2363 182 2403 Plaut.
222 2364 372 2405 Cistell.
397 2364 423 2404 Ι.
459 2370 492 2405 1.
524 2370 588 2407 50.
613 2366 743 2405 Burm.
775 2367 825 2405 ad
848 2366 928 2404 An-

55 2420 150 2460 thol.
177 2421 223 2460 L.
251 2421 294 2460 T.
316 2421 343 2460 l.
370 2435 406 2472 p.
423 2425 515 2463 593.
542 2426 580 2461 et
606 2421 650 2461 T.
677 2421 722 2461 II.
749 2436 785 2473 p.
812 2421 924 2475 489]

112 2491 200 2517 cum
220 2479 316 2531 fide.
344 2476 489 2531 [Hand.
517 2478 685 2518 Tursell.
707 2477 752 2517 II.
779 2493 815 2531 p.
834 2483 924 2520 158.

53 2532 148 2573 Met.
179 2533 226 2574 IL
262 2548 300 2587 p.
329 2539 419 2576 170.
451 2533 550 2575 Prie.
583 2535 633 2574 ad
663 2535 760 2574 Met.
789 2534 854 2574 VI.
887 2549 924 2588 p.

111 2648 253 2687 conde.
295 2647 498 2694 Condere,
525 2648 630 2700 quod
655 2647 745 2686 alibi
772 2661 805 2687 c.
830 2647 923 2687 Abi.

53 2705 294 2751 construitur,
326 2704 373 2743 cf.
407 2704 504 2743 iufra
526 2718 564 2757 p.
592 2708 655 2745 73.
689 2705 731 2743 in
756 2704 835 2743 Ιιοι·
859 2718 924 2744 cu-

54 2760 192 2800 bic-ulo
224 2761 420 2807 conditis,
457 2762 574 2800 etiam
604 2761 698 2800 Ace.
724 2760 922 2806 adsciscit,

54 2829 170 2868 quem
215 2830 329 2855 usum
375 2816 477 2856 Oud.
526 2817 693 2856 illustrat
735 2830 785 2855 ex
826 2816 924 2856 locis

53 2871 160 2924 Virg.
200 2873 342 2925 Geor-g.
380 2873 447 2914 IV.
483 2877 546 2915 67.
578 2872 694 2925 Apul.
727 2873 824 2912 Met.
856 2872 923 2912 Vl.

53 2941 91 2980 p.
117 2932 209 2970 422.
236 2930 324 2969 coll.
350 2930 478 2970 Burin.
505 2931 555 2969 ad
575 2929 683 2969 Suet.
704 2930 808 2981 Aug.
833 2933 923 2971 100.

53 2983 222 3025 Miscell.
266 2985 367 3026 Obs.
408 2987 498 3026 Vol.
536 2985 623 3025 Vll.
663 2984 773 3025 Tom.
812 2989 850 3027 2.
886 2999 923 3038 p.

110 3098 233 3139 lintea
274 3102 399 3140 tersui
442 3099 509 3153 [cf.
556 3098 681 3138 Ursin.
725 3099 830 3151 App.
874 3099 923 3138 ad

991 2025 1147 2066 Ciacon.
1185 2027 1234 2066 de
1270 2027 1364 2066 tricl.
1403 2041 1439 2079 p.
1473 2033 1549 2070 147
1598 2027 1768 2068 luvenal.
1800 2027 1864 2067 III.

990 2082 1103 2136 263]

1042 2143 1194 2192 profer
1258 2141 1475 2193 Proferas,
1502 2142 1608 2193 quod
1633 2143 1669 2179 in
1695 2140 1865 2180 nonnull.

988 2196 1102 2234 codd.
1134 2196 1289 2247 legitur,
1327 2196 1429 2236 Oud.
1461 2212 1509 2235 eo
1536 2198 1727 2243 defendit,
1761 2198 1866 2248 quod

989 2254 1090 2291 varis
1127 2253 1255 2291 modis
1293 2254 1426 2305 optimi
1463 2256 1675 2305 scriptores
1707 2255 1866 2305 iungere

987 2308 1162 2355 soleant,
1211 2309 1298 2349 coll.
1345 2310 1442 2349 locis
1486 2310 1595 2350 Suet.
1640 2310 1754 2350 Caes.
1799 2314 1863 2351 88.

986 2365 1090 2404 Veli.
1120 2364 1166 2404 II.
1188 2369 1253 2406 24.
1283 2366 1428 2417 Wopk.
1456 2367 1491 2405 in
1514 2367 1628 2406 Misc.
1651 2368 1750 2406 Obs.
1772 2367 1863 2412 Vol.

986 2420 1088 2460 Vlll.
1110 2421 1219 2461 Tom.
1236 2421 1262 2460 I.
1279 2436 1315 2473 p.
1331 2426 1395 2463 37.
1417 2422 1483 2462 Dr.
1505 2424 1554 2461 ad
1568 2423 1652 2462 Liv.
1668 2421 1864 2467 XXXIX,

988 2482 1057 2523 14,
1089 2482 1126 2519 9.
1159 2482 1197 2517 et
1221 2477 1324 2518 Oud.
1357 2479 1406 2518 ad
1433 2479 1549 2518 Caes.
1576 2479 1622 2519 Β.
1650 2479 1697 2519 G.
1724 2478 1769 2518 ll.
1800 2483 1862 2520 10.

983 2534 1048 2574 De
1072 2535 1299 2586 imperativo
1333 2540 1371 2574 et
1400 2537 1644 2574 subiunctivo
1670 2537 1722 2574 ita
1747 2549 1863 2587 copu-

986 2590 1074 2630 latis
1112 2591 1261 2630 confert
1297 2591 1427 2630 Burin.
1466 2592 1517 2630 ad
1555 2591 1642 2631 val.
1676 2590 1805 2631 Flacc.
1833 2591 1861 2630 I.

987 2651 1051 2688 16.
1078 2647 1158 2701 [cui
1184 2648 1286 2687 adde
1308 2648 1493 2698 Wagner.
1520 2649 1555 2686 in
1571 2646 1861 2699 Quaestvirg.

983 2702 1050 2743 Vl.
1081 2718 1118 2755 p.
1139 2707 1232 2745 394.
1267 2705 1330 2755 qui
1360 2703 1526 2756 plurima
1557 2704 1739 2755 exempla
1769 2718 1861 2743 enu-

981 2764 1105 2800 merat
1130 2765 1169 2799 et
1193 2764 1396 2812 praeterea
1422 2759 1543 2800 Orell.
1571 2761 1620 2799 ad
1645 2761 1791 2800 Arnob.
1813 2759 1858 2800 11.

982 2830 1014 2856 c.
1041 2820 1106 2858 30.
1133 2815 1178 2855 T.
1205 2816 1248 2855 II.
1276 2830 1312 2868 p.
1339 2815 1425 2869 45]

1041 2872 1140 2912 Cir.
1166 2871 1315 2911 XXIV.
1343 2878 1505 2912 strenue
1530 2873 1729 2925 [Beroald.
1757 2874 1860 2914 male

983 2929 1153 2982 explicat
1178 2929 1386 2968 celeriter.-
1411 2933 1475 2967 est
1494 2931 1593 2968 enim
1622 2930 1859 2983 diliycnter,

982 2987 1140 3032 validm
1171 2985 1217 3024 cf.
1244 2985 1371 3024 Doed.
1398 2985 1494 3036 Syn.
1522 2985 1567 3025 ΙΙ.
1593 2999 1629 3038 p.
1661 2986 1772 3039 129]

1035 3041 1412 3095 sorum-cupz'dt'm's
1444 3040 1709 3094 [Quamquam
1737 3044 1860 3083 autera

983 3113 1139 3152 quoque
1158 3098 1279 3137 forma
1297 3099 1460 3151 capedo
1481 3112 1550 3150 per
1568 3112 1615 3138 se
1635 3101 1860 3152 comproba-

1596 3154 1621 3196 5
1636 3155 1653 3174 *
