2155 3590
631 114 819 154 LIBER
854 115 927 154 lX.
989 114 1116 154 CAP.
1147 113 1359 153 XXXIX.
1811 112 1893 153 859

108 227 220 269 nobis
250 226 387 267 obvius
418 226 586 280 superbo
616 233 731 280 atque
761 227 966 280 arroganti
995 240 1176 267 sermone
1206 232 1478 280 percontttur,
1511 237 1697 278 quorsum
1727 236 1891 264 vacuum

106 286 268 325 duceret
295 281 474 323 asinum?
521 282 577 322 At
606 297 714 323 meus
751 283 875 323 adhuc
916 296 1097 323 moerore
1133 281 1350 336 permixtus
1388 288 1427 322 et
1462 280 1558 321 alias
1595 279 1708 321 latini
1743 293 1891 320 sermo-

106 340 167 380 nis
203 340 368 393 ignarus
406 338 548 378 tacitus
584 339 839 393 praeteribat.
908 338 996 380 Nec
1032 339 1143 379 miles
1178 338 1242 378 ille
1279 337 1512 377 familialem
1549 336 1732 377 cohibere
1769 335 1895 389 quivit

105 395 374 446 insolentiam3
402 395 470 435 sed
494 395 720 449 indignatus
745 395 898 436 silentio
929 395 1034 445 eius,
1068 401 1111 435 ut
1139 393 1340 443 convicio,
1375 393 1443 434 viti
1474 406 1586 446 quam
1620 392 1779 433 tenebat
1799 392 1805 447 l
1825 391 1892 431 ob·
1917 396 2016 436 [236]

106 453 272 493 tundens
307 465 394 492 eum
423 449 430 506 Ι
458 427 601 491 domoc>
609 465 696 492 meo
732 452 952 506 proturbat.

103 577 321 617 corrogatum,
345 580 427 614 quod
440 581 591 614 excerpta
603 580 638 608 G.
653 581 683 608 2.
708 580 787 608 Oud.
802 582 1012 615 praebebant,
1039 580 1072 607 iu
1085 579 1154 607 cod.
1174 585 1238 606 non
1256 581 1322 613 est,
1348 578 1405 606 sed
1425 580 1457 605 ut
1478 577 1512 605 iu
1531 579 1604 604 cett.
1622 576 1770 605 omnibus
1789 583 1892 603 arro-

99 628 214 663 gante.
256 627 503 661 percunctatus
522 627 574 652 est
592 633 622 659 p.
641 628 671 653 et
690 625 760 654 edd.
779 628 854 654 ante
873 625 961 654 Colv.
987 625 1023 653 In
1043 627 1116 653 cett.
1130 625 1380 660 percunctatur
1398 624 1450 651 vel
1466 624 1704 657 percontatur.
1750 629 1893 649 vacuum

103 672 140 699 G.
155 672 185 700 2.
199 671 236 698 D.
251 671 287 699 P.
307 678 371 698 non
390 671 519 699 liabent.
566 671 606 697 at
623 676 714 697 meus
732 667 843 697 adhuc
860 671 897 699 F.
916 671 946 698 3.
967 670 1002 698 P.
1022 669 1056 697 in
1075 668 1237 703 excerptis
1257 669 1298 696 ad
1316 674 1418 702 marg.
1438 668 1486 696 ed.
1508 666 1600 695 eotv.
1618 668 1702 694 lunt.
1725 667 1753 694 2.
1779 669 1820 693 ac
1836 665 1893 693 ille

103 713 214 743 adhuc
227 717 264 744 G.
281 716 352 744 1.2.
366 716 401 744 Ο.
414 716 453 744 R.
468 714 489 743 f.
502 721 539 743 π.
552 715 588 742 Ρ.
603 718 682 744 teste
695 715 774 744 Oud.
797 716 836 743 In
848 716 921 744 cett.
936 717 973 741 ae
987 720 1077 742 meus
1090 711 1256 747 dontinus,
1283 713 1367 747 quod
1385 715 1497 741 contra
1510 711 1588 740 Oud.
1607 713 1745 739 mentem
1763 712 1893 740 Ruhnk.

101 760 244 789 retinuit.
291 757 397 787 adhec
409 757 439 788 δ.
486 758 594 787 latino
607 767 758 787 sermone
771 761 806 788 G.
818 761 846 788 1.
860 761 895 789 0.
919 759 1024 788 Huius
1036 758 1286 787 constructionis
1300 757 1445 786 desidero
1460 758 1653 791 exemplum.
1700 753 1804 782 milex
1817 757 1853 784 G.
1864 757 1894 784 1.

92 804 278 844 familwre
301 807 337 834 G.
360 806 389 834 1.
437 802 575 841 conficio
595 806 644 834 etl.
663 813 710 840 pr.
728 805 802 834 Vic.
820 803 970 834 Venet.
979 826 984 832 .
1024 800 1260 839 Confiezmorxel
1275 800 1427 839 conficio
1452 803 1536 836 quod
1557 801 1590 829 in
1611 800 1730 835 priscis
1750 801 1819 829 edd.
1840 800 1894 828 in-

101 851 300 879 venirioud.
321 849 414 887 dicit,
442 849 589 879 innulla
606 850 817 884 conspicuum
836 852 896 878 est.
942 847 1007 877 vi'lz
1022 849 1057 877 1«.
1080 850 1108 877 1.
1125 849 1156 877 3.
1177 849 1213 876 G.
1237 849 1264 877 l.
1283 850 1314 876 2.
1329 849 1366 876 Ρ.
1385 849 1422 876 D.
1439 847 1459 876 f.
1474 849 1511 875 Π.
1526 843 1556 875 ὃ.
1582 845 1696 874 viciL.
1711 846 1744 874 Ο.
1769 847 1806 874 Iu
1820 848 1893 874 cett

100 895 170 923 vite
193 899 321 930 praeter
342 895 470 924 xicent.
489 898 518 924 et
535 896 649 924 Venet.
669 897 699 923 2.
709 916 717 932 ,
743 901 826 929 quae
850 894 946 923 solito
969 901 1056 923 more
1079 895 1197 922 habeut
1222 893 1323 922 zthtte
1359 892 1499 926 Saepius
1524 891 1610 920 enim
1633 890 1893 927 commemoravi,

99 940 228 969 Vicent.
243 948 307 969 uno
321 942 486 974 alteroque
497 943 568 969 loco
582 948 638 975 pro
652 940 796 975 simplici
810 947 826 965 e
838 940 980 968 scribere
993 946 1049 975 ae,
1075 941 1106 967 et
1119 946 1141 966 x
1143 939 1193 966 ice
1206 946 1228 966 v
1230 945 1304 967 ersa
1317 945 1372 972 pro
1387 937 1581 971 diphthongo
1595 943 1636 963 (te
1649 935 1715 964 fere
1728 943 1854 970 semper
1865 943 1892 963 e.

99 984 220 1014 baculo
234 992 328 1023 quem
344 984 476 1012 tenebat
486 985 508 1014 f.
521 992 562 1014 ex
575 987 771 1021 glossemate
784 988 812 1013 et
827 989 939 1013 contra
951 985 1062 1012 stilum
1070 983 1216 1019 Apuleii
1230 990 1321 1017 quent
1336 989 1501 1016 nunquam
1515 980 1655 1009 baculus
1668 982 1725 1009 sed
1738 979 1893 1009 baculum

99 1038 218 1066 genere
229 1033 343 1060 neutro
357 1030 479 1059 dixisse
491 1031 743 1059 demonstratum
757 1031 857 1058 estad
871 1032 946 1058 Met.
961 1030 1015 1059 VI.
1030 1037 1059 1063 p.
1074 1030 1134 1056 4-.4
1120 1030 1148 1056 ).
1188 1030 1304 1065 qnaG.
1320 1030 1336 1055 2
1343 1028 1399 1056 P.
1413 1029 1452 1055 D.
1478 1028 1620 1064 querno.
1631 1021 1716 1065 qj.
1755 1024 1894 1054 tenebar

101 1077 137 1104 G.
150 1077 181 1104 2.
196 1077 232 1104 Ρ.
277 1074 507 1112 percurbatB.
520 1083 549 1109 p
565 1072 593 1104 δ.
608 1076 678 1104 edd.
691 1077 767 1103 v.ett
784 1077 910 1108 praeter
921 1075 1004 1103 lunt.
1018 1076 1048 1102 2.
1075 1071 1269 1110 protrahat
1285 1074 1324 1101 D.
1371 1070 1542 1108 supplicue
1561 1073 1693 1107 Soping.
1711 1079 1753 1100 ex
1771 1071 1895 1100 Saliari

100 1121 244 1150 carmine
256 1122 342 1155 apud
354 1122 490 1150 vat-ron.
502 1121 574 1149 Vn.
588 1116 619 1159 ξ.
635 1121 688 1148 27.
702 1121 750 1148 ed.
765 1121 913 1148 Mueller.
927 1119 1022 1147 citat:
1047 1117 1195 1155 supplic-e
1207 1117 1330 1146 canite.
1354 1118 1398 1146 At
1419 1115 1566 1154 supplzce
1587 1119 1687 1145 cante
1705 1116 1802 1145 lectio
1821 1118 1894 1145 tan-

1024 451 1137 491 Tunc
1173 424 1402 490 hottulaims
1438 449 1638 503 supplicue
1672 448 1889 503 respondit,
1917 453 1982 486 668

100 1167 260 1194 tummodo
273 1169 322 1194 est
335 1165 409 1194 edit.
424 1166 541 1201 princ„
567 1172 663 1199 quam
677 1168 783 1193 tamen
796 1164 1028 1193 restituendam
1042 1172 1116 1192 esse
1129 1165 1287 1192 Muellero
1300 1170 1364 1191 non
1384 1162 1596 1196 improbabile
1615 1163 1673 1191 est.
1699 1163 1787 1197 Quae
1806 1160 1894 1190 anti-

98 1214 198 1245 quata
216 1211 318 1239 forma
335 1214 371 1238 ut
388 1211 471 1239 satis
490 1211 572 1239 tueri
590 1210 711 1246 possit,
737 1212 848 1238 contra
866 1210 956 1237 codd.
976 1211 1080 1237 tamen
1100 1208 1183 1236 mira
1202 1209 1313 1243 prisca
1330 1207 1521 1236 restituendi
1541 1207 1706 1242 prurigine
1720 1206 1894 1241 quicquam

97 1256 216 1285 mutari
239 1259 396 1284 vetamur.
437 1255 522 1284 Dein
545 1256 653 1283 obstat
681 1253 813 1288 Apuleii
846 1254 1023 1282 auctoritas
1038 1275 1045 1289 ‚

93 1299 279 1338 persolutis
299 1300 386 1328 dicit.

151 1422 260 1448 meus
306 1408 447 1449 acl-leuc
491 1422 673 1448 moerore
720 1409 963 1460 perme‘xtus.

98 1463 306 1519 [lamOud.
319 1465 540 1516 corrupisse
555 1464 616 1504 hic
629 1464 774 1516 aliquid
791 1465 965 1503 librarlos

97 1522 272 1561 sentiens
303 1526 346 1560 at
374 1535 481 1561 meas
505 1522 576 1560 ille
599 1521 845 1560 seruiendum
871 1534 966 1559 esse

96 1579 263 1630 putavit,
289 1578 433 1628 quippe
447 1590 561 1628 quem
577 1578 689 1616 lectio
711 1582 755 1617 at
772 1591 878 1617 meus
891 1579 966 1616 ad-

97 1636 179 1675 leuc
203 1633 357 1685 fugisse
381 1633 566 1672 videatur.
614 1634 731 1674 Meus
755 1635 855 1672 enim
881 1647 967 1672 cum

99 1695 232 1730 contra
260 1703 374 1728 usum
411 1689 595 1741 loquendi
632 1689 858 1729 familiarem
895 1690 968 1729 dici

98 1747 345 1798 opinarentur
369 1746 528 1792 librarii,
552 1747 624 1785 ille
647 1759 858 1797 pronomen
884 1746 969 1784 eius

98 1802 186 1842 loco
221 1815 409 1855 posuere,
446 1816 519 1841 non
559 1802 872 1849 considerantes,
916 1803 970 1841 ita

99 1860 228 1898 minus
246 1859 348 1897 bene
368 1859 442 1897 sibi
461 1859 702 1910 respondere
721 1859 791 1898 ille
806 1863 844 1897 et
857 1859 970 1898 miles

97 1916 180 1961 ille,
205 1914 310 1966 quod
323 1915 425 1953 idem
439 1915 668 1966 vituperium
682 1917 797 1954 etiam
812 1916 847 1953 in
863 1914 966 1953 Oud.

96 1972 202 2011 cadit
225 1970 537 2021 explicationem.
606 1970 694 2010 Nec
723 1985 786 2009 me
811 1984 967 2022 quoque

96 2028 381 2068 haesitaturum
412 2026 537 2066 fuisse
567 2028 787 2078 negandum
817 2031 880 2066 est
917 2027 966 2065 de

96 2084 173 2123 hac
198 2083 367 2123 lectione
383 2084 626 2135 recipienda,
657 2084 728 2122 nisi
756 2083 966 2122 consimilis

101 2141 212 2179 locus
227 2138 384 2186 afforet,
409 2141 473 2178 ubi
488 2140 626 2178 eadem
640 2142 787 2179 ratione
805 2144 970 2193 peccant

99 2196 240 2236 librarii
266 2200 305 2234 et
328 2196 439 2234 solus
464 2196 552 2236 cod.
575 2195 747 2236 Florent.
772 2201 807 2237 3.
839 2209 968 2234 veram

98 2253 308 2292 lectionem
333 2252 446 2291 nobis
471 2255 614 2291 serv-,at
662 2252 736 2291 Est
771 2253 837 2291 ille
871 2252 967 2291 Met.

98 2308 165 2348 IX.
190 2323 228 2361 p.
257 2312 348 2350 656.
386 2309 475 2349 Nec
508 2313 688 2349 moratus
723 2323 865 2355 meus,
901 2309 967 2347 ubi

97 2365 145 2404 G.
164 2370 199 2406 1.
213 2369 250 2406 2.
263 2364 405 2416 aliique
424 2365 539 2405 codd.
556 2378 626 2416 pro
645 2379 762 2411 meus,
782 2366 968 2405 dominus

97 2421 251 2473 legunt,
275 2422 513 2473 pronominis
537 2422 761 2472 possessivi
785 2422 966 2472 interpre-

96 2482 326 2524 tamentum,
350 2477 467 2529 longe
485 2477 637 2529 plurimi
653 2491 761 2518 meus
779 2478 966 2518 dominus

98 2534 342 2583 glossemate
367 2547 453 2573 cum
484 2533 651 2585 genuina
680 2533 847 2572 lectione
878 2548 964 2572 con-

97 2591 247 2636 iunct0,
284 2594 324 2629 ut
359 2592 539 2642 saepius,
572 2590 753 2628 scribunt.
808 2589 970 2628 Frustra

98 2651 228 2685 tamen
265 2648 441 2697 quaesivi
478 2647 622 2692 locum,
660 2660 736 2697 quo
767 2660 873 2687 meus
903 2647 965 2685 vel

95 2701 202 2741 aliud
218 2716 432 2755 pronomen
456 2703 730 2754 possessivum
754 2703 893 2742 eadem
916 2703 968 2742 si-

98 2758 340 2810 gnificatione
364 2763 588 2811 usurpatum
614 2758 694 2811 sit.]

152 2871 236 2911 viti.
282 2871 408 2911 Recte
423 2873 567 2910 monuit
581 2871 781 2918 Floridus,
805 2872 964 2910 militem

96 2927 199 2965 hunc
210 2927 335 2966 fuisse
347 2930 577 2979 gregarium,
591 2928 663 2966 sed
679 2940 765 2967 eum
780 2927 964 2975 fortasse,

97 2983 202 3032 quod
232 2983 321 3024 huic
350 2985 546 3023 hominum
571 2985 703 3036 generi
728 2985 826 3022 satis
857 2984 964 3022 fami·

98 3039 180 3078 liari
218 3040 374 3087 fuisset,
411 3041 563 3092 insigne
594 3054 808 3092 usurpasse
833 3054 963 3079 mune-

95 3095 147 3134 ris
193 3097 297 3147 quod
341 3111 413 3137 non
451 3098 669 3150 gessisset,
718 3110 794 3149 quo
830 3097 964 3137 maiori

1084 1253 1138 1287 qui
1163 1255 1240 1282 Met.
1264 1254 1317 1281 XI.
1349 1261 1379 1288 p.
1407 1254 1480 1281 806.
1520 1250 1738 1290 supplicue
1764 1250 1893 1289 graciis

1023 1411 1134 1446 esset
1162 1408 1316 1446 rusticis
1353 1407 1553 1445 formidini.
1631 1407 1758 1446 Vitmn
1792 1405 1894 1444 enim

1025 1464 1290 1503 centurionum
1316 1463 1441 1502 fuisse
1467 1463 1635 1514 insigne,
1661 1462 1725 1513 qui
1750 1461 1894 1500 milites

1024 1534 1074 1559 ea
1116 1521 1334 1571 castigabat
1375 1520 1540 1572 probant
1573 1518 1685 1571 Lips.
1723 1518 1773 1555 de
1808 1517 1893 1556 Mil.

1023 1577 1199 1616 RomV.
1222 1580 1284 1617 18.
1311 1575 1528 1615 Casaubon.
1553 1575 1603 1614 ad
1631 1575 1760 1626 Spart.
1774 1573 1895 1613 Hadr.

1028 1637 1089 1675 10.
1115 1633 1261 1672 Ruder.
1287 1633 1337 1671 ad
1361 1632 1528 1671 Martial.
1552 1631 1603 1670 X.
1630 1635 1694 1672 26.
1725 1635 1758 1670 1.
1807 1630 1894 1669 lntt.

1027 1690 1076 1729 ad
1102 1688 1350 1728 Iuven.V1H.
1381 1693 1474 1729 247.
1507 1691 1548 1727 et
1576 1688 1627 1727 ad
1653 1687 1720 1726 Sil.
1734 1686 1802 1726 Vl.
1827 1690 1893 1727 43.

1026 1746 1129 1784 Infra
1153 1746 1245 1784 dicit
1257 1744 1377 1796 Apul.
1390 1746 1546 1784 inversa
1559 1745 1637 1784 vite
1657 1744 1708 1782 cle
1723 1744 1895 1782 castiore

1027 1803 1202 1849 nodulo,
1250 1805 1292 1840 ut
1332 1800 1502 1839 Iuvenal.
1539 1799 1564 1839 l.
1589 1814 1623 1839 c.
1663 1800 1895 1839 nodosam

1026 1863 1121 1910 post
1156 1859 1257 1897 haec
1296 1857 1525 1910 sranyebat
1563 1857 1714 1896 vertice
1765 1856 1893 1894 vitem.

1024 1914 1127 1953 Infra
1156 1915 1325 1952 nominat
1355 1913 1542 1952 baculum
1575 1926 1614 1965 p.
1642 1915 1757 1959 673..
1792 1910 1896 1950 unde

1025 1970 1162 2021 glossa
1187 1970 1272 2008 cod.
1295 1969 1326 2008 F
1329 1983 1390 2008 ux.
1412 1968 1589 2020 prosecta
1612 1969 1763 2006 videtur
1787 1981 1896 2006 esse.

1024 2027 1088 2066 De
1119 2026 1276 2066 ablativi
1304 2025 1573 2064 terminatione
1602 2026 1674 2065 viti
1704 2038 1772 2076 pro
1804 2025 1894 2069 vite,

1025 2087 1065 2121 ut
1095 2084 1205 2134 iqui,
1234 2083 1356 2134 fusti,
1386 2083 1516 2134 parti,
1549 2082 1632 2126 ovi,
1666 2081 1756 2120 orbi
1779 2080 1894 2119 simil.

1027 2139 1076 2179 cf.
1102 2138 1264 2178 Taubm.
1291 2139 1340 2177 ad
1365 2137 1491 2176 Plaut.
1517 2136 1841 2176 Menaechm.lll.
1857 2140 1895 2177 2.

1031 2196 1095 2237 14.
1141 2194 1209 2234 Dr.
1236 2195 1286 2234 ad
1317 2195 1388 2234 Sil.
1407 2193 1492 2233 wi.
1519 2198 1612 2235 368.
1660 2193 1819 2245 Forbig.
1846 2192 1896 2231 ad

1026 2251 1182 2291 Lucret.
1213 2250 1239 2290 1.
1272 2254 1367 2292 977.
1398 2252 1462 2302 qui
1493 2251 1660 2303 plurima
1689 2250 1775 2288 eius
1799 2262 1895 2288 usus

1026 2306 1209 2360 exempla
1223 2307 1381 2360 profert,
1396 2307 1499 2346 Cot-t.
1512 2307 1562 2346 ad
1570 2305 1791 2346 Lucan.lll.
1803 2309 1897 2347 667.

1025 2365 1075 2404 V.
1104 2368 1213 2410 173.‚
1244 2365 1310 2403 ubi
1339 2363 1548 2403 lectionem
1579 2363 1694 2402 huius
1721 2362 1794 2400 loci
1818 2363 1896 2400 vin-

1025 2421 1145 2468 dicat,
1182 2421 1311 2459 Burm.
1349 2420 1395 2460 ad
1433 2419 1609 2472 Propert.
1643 2417 1670 2458 Ι.
1704 2422 1739 2459 9.
1769 2423 1830 2458 17.
1858 2421 1896 2455 et

1022 2477 1260 2530 praeceteris
1297 2477 1418 2516 Voss.
1456 2477 1506 2515 de
1542 2476 1710 2526 Analog.
1748 2473 1792 2513 ll.
1833 2478 1897 2514 12.

1022 2547 1061 2585 p.
1077 2538 1158 2576 612
1171 2547 1278 2585 sqq„
1304 2534 1368 2585 qui
1382 2534 1453 2573 viti
1465 2532 1771 2571 terminationem
1791 2531 1897 2581 igno-

1026 2604 1140 2629 rasse
1175 2590 1342 2638 videtur3
1379 2589 1539 2628 forsitan
1571 2588 1647 2627 hoc
1687 2600 1803 2626 unum
1834 2590 1897 2624 est

1026 2647 1262 2698 exemplum.
1268 2645 1284 2699 ]

1078 2703 1312 2755 proturbat.
1361 2701 1409 2742 cf.
1436 2702 1487 2741 ad
1513 2701 1608 2740 Met.
1628 2699 1698 2739 IX.
1718 2714 1755 2752 p.
1777 2703 1896 2745 648„

1023 2760 1089 2797 ubi
1113 2759 1252 2798 eadem
1277 2763 1341 2797 est
1369 2758 1547 2797 lectionis
1579 2758 1757 2796 varietas.
1818 2754 1897 2793 Hic

1023 2813 1128 2855 Oud.
1141 2815 1306 2854 eandem
1324 2815 1555 2854 sententiam
1571 2826 1774 2865 exponens
1787 2811 1896 2850 addit

1028 2875 1211 2910 auctores
1240 2871 1326 2910 lntt.
1359 2872 1409 2910 ad
1439 2870 1607 2908 Frontin.
1633 2868 1678 2908 ll.
1704 2873 1740 2910 2.
1788 2868 1899 2919 Yirg.

1022 2927 1122 2966 Aen.
1154 2926 1223 2967 lX.
1254 2932 1366 2972 441„
1403 2927 1535 2977 ibique
1558 2926 1686 2965 Burm.
1719 2928 1760 2963 et
1784 2925 1894 2963 Serv.

1023 2984 1122 3023 Stat.
1138 2983 1315 3023 Thebv.
1331 2987 1423 3025 664.
1451 2982 1614 3034 [Arnob.
1633 2981 1679 3020 ll.
1696 2985 1760 3022 50.
1782 2994 1896 3033 pro-

1023 3041 1241 3085 turbare,
1263 3040 1430 3092 pellere.
1458 3038 1514 3077 tta
1537 3039 1637 3078 Dict.
1653 3037 1755 3076 Cret.
1770 3036 1836 3076 lv.
1858 3041 1894 3077 3.

1026 3096 1119 3135 dicit
1144 3097 1378 3138 deturbat
1400 3094 1534 3150 equa]
