<?xml version="1.0" encoding="UTF-8"?>
<!DOCTYPE html PUBLIC "-//W3C//DTD XHTML 1.0 Transitional//EN"
    "http://www.w3.org/TR/xhtml1/DTD/xhtml1-transitional.dtd">
<html xmlns="http://www.w3.org/1999/xhtml" xml:lang="en" lang="en">
 <head>
  <title>
</title>
<meta http-equiv="Content-Type" content="text/html;charset=utf-8" />
  <meta name='ocr-system' content='tesseract 3.04.00' />
  <meta name='ocr-capabilities' content='ocr_page ocr_carea ocr_par ocr_line ocrx_word'/>
</head>
<body>
  <div class='ocr_page' id='page_1' title='image "./operaomnia01apuluoft/operaomnia01apuluoft_0292.png"; bbox 0 0 2221 3667; ppageno 0'>
   <div class='ocr_carea' id='block_1_1' title="bbox 252 131 1816 180">
    <p class='ocr_par' dir='ltr' id='par_1_1' title="bbox 252 131 1816 180">
     <span class='ocr_line' id='line_1_1' title="bbox 252 131 1816 180; baseline -0.005 0"><span class='ocrx_word' id='word_1_1' title='bbox 252 135 334 180; x_wconf 82' lang='lat'><strong>156</strong></span> <span class='ocrx_word' id='word_1_2' title='bbox 517 134 564 176; x_wconf 81' lang='lat' dir='ltr'><strong>L.</strong></span> <span class='ocrx_word' id='word_1_3' title='bbox 596 135 814 176; x_wconf 85' lang='lat' dir='ltr'>APULEH</span> <span class='ocrx_word' id='word_1_4' title='bbox 845 132 1246 176; x_wconf 83' lang='lat' dir='ltr'><strong>MADAURENSIS</strong></span> <span class='ocrx_word' id='word_1_5' title='bbox 1276 131 1816 173; x_wconf 72' lang='lat' dir='ltr'>METAMORPHOSEON</span> 
     </span>
    </p>
   </div>
   <div class='ocr_carea' id='block_1_2' title="bbox 164 245 2053 473">
    <p class='ocr_par' dir='ltr' id='par_1_2' title="bbox 164 245 2053 473">
     <span class='ocr_line' id='line_1_2' title="bbox 252 245 2051 303; baseline -0.002 -13"><span class='ocrx_word' id='word_1_6' title='bbox 252 250 326 290; x_wconf 87' lang='lat' dir='ltr'><strong>hoc</strong></span> <span class='ocrx_word' id='word_1_7' title='bbox 351 249 534 303; x_wconf 78' lang='lat' dir='ltr'><strong>guttatim</strong></span> <span class='ocrx_word' id='word_1_8' title='bbox 560 250 686 291; x_wconf 89' lang='lat' dir='ltr'><strong>defluo</strong></span> <span class='ocrx_word' id='word_1_9' title='bbox 711 251 841 291; x_wconf 79' lang='lat' dir='ltr'><strong>infusa</strong></span> <span class='ocrx_word' id='word_1_10' title='bbox 868 263 989 302; x_wconf 81' lang='lat' dir='ltr'><strong>aqua,</strong></span> <span class='ocrx_word' id='word_1_11' title='bbox 1018 246 1198 300; x_wconf 88' lang='lat' dir='ltr'><strong>populum</strong></span> <span class='ocrx_word' id='word_1_12' title='bbox 1223 246 1280 285; x_wconf 84' lang='lat' dir='ltr'><strong>sic</strong></span> <span class='ocrx_word' id='word_1_13' title='bbox 1306 246 1461 288; x_wconf 73' lang='lat' dir='ltr'><strong>adorat:</strong></span> <span class='ocrx_word' id='word_1_14' title='bbox 1484 245 1626 300; x_wconf 81' lang='lat' dir='ltr'><strong>Neque</strong></span> <span class='ocrx_word' id='word_1_15' title='bbox 1653 261 1773 301; x_wconf 83' lang='lat' dir='ltr'><strong>parva</strong></span> <span class='ocrx_word' id='word_1_16' title='bbox 1793 260 1856 286; x_wconf 89' lang='lat' dir='ltr'><strong>res</strong></span> <span class='ocrx_word' id='word_1_17' title='bbox 1876 259 1921 286; x_wconf 84' lang='lat' dir='ltr'><strong>ac</strong></span> <span class='ocrx_word' id='word_1_18' title='bbox 1942 260 2051 300; x_wconf 86' lang='lat' dir='ltr'><strong>prae-</strong></span> 
     </span>
     <span class='ocr_line' id='line_1_3' title="bbox 164 302 2050 360; baseline -0.001 -15"><span class='ocrx_word' id='word_1_19' title='bbox 164 311 228 345; x_wconf 83' lang='grc'><strong>178</strong></span> <span class='ocrx_word' id='word_1_20' title='bbox 253 309 361 359; x_wconf 80' lang='lat' dir='ltr'>cipue</span> <span class='ocrx_word' id='word_1_21' title='bbox 387 319 519 360; x_wconf 88' lang='lat' dir='ltr'><strong>pacem</strong></span> <span class='ocrx_word' id='word_1_22' title='bbox 548 306 719 347; x_wconf 85' lang='lat' dir='ltr'><strong>civitatis</strong></span> <span class='ocrx_word' id='word_1_23' title='bbox 746 313 910 347; x_wconf 86' lang='lat' dir='ltr'><strong>cunctae</strong></span> <span class='ocrx_word' id='word_1_24' title='bbox 935 303 1150 356; x_wconf 78' lang='lat' dir='ltr'><strong>respiciens</strong></span> <span class='ocrx_word' id='word_1_25' title='bbox 1176 309 1213 341; x_wconf 91' lang='lat' dir='ltr'><strong>et</strong></span> <span class='ocrx_word' id='word_1_26' title='bbox 1240 302 1420 356; x_wconf 80' lang='lat' dir='ltr'><strong>exemplo</strong></span> <span class='ocrx_word' id='word_1_27' title='bbox 1445 303 1550 344; x_wconf 89' lang='lat' dir='ltr'><strong>serio</strong></span> <span class='ocrx_word' id='word_1_28' title='bbox 1583 302 1812 358; x_wconf 72' lang='lat' dir='ltr'><strong>profultura</strong></span> <span class='ocrx_word' id='word_1_29' title='bbox 1841 309 2050 353; x_wconf 83' lang='lat' dir='ltr'><strong>tractatur,</strong></span> 
     </span>
     <span class='ocr_line' id='line_1_4' title="bbox 250 359 2053 415; baseline -0.002 -13"><span class='ocrx_word' id='word_1_30' title='bbox 250 361 428 415; x_wconf 80' lang='lat' dir='ltr'><strong>Quirites</strong></span> <span class='ocrx_word' id='word_1_31' title='bbox 454 363 709 403; x_wconf 78' lang='lat' dir='ltr'><strong>sanctissimi.</strong></span> <span class='ocrx_word' id='word_1_32' title='bbox 773 362 906 415; x_wconf 79' lang='lat' dir='ltr'><strong>Quare</strong></span> <span class='ocrx_word' id='word_1_33' title='bbox 945 360 1069 411; x_wconf 74' lang='lat' dir='ltr'><strong>magis</strong></span> <span class='ocrx_word' id='word_1_34' title='bbox 1107 359 1291 411; x_wconf 80' lang='lat' dir='ltr'><strong>congruit</strong></span> <span class='ocrx_word' id='word_1_35' title='bbox 1322 359 1456 399; x_wconf 90' lang='lat' dir='ltr'><strong>sedulo</strong></span> <span class='ocrx_word' id='word_1_36' title='bbox 1488 360 1666 413; x_wconf 78' lang='lat' dir='ltr'><strong>singulos</strong></span> <span class='ocrx_word' id='word_1_37' title='bbox 1698 367 1813 412; x_wconf 86' lang='lat' dir='ltr'><strong>atque</strong></span> <span class='ocrx_word' id='word_1_38' title='bbox 1844 359 2053 399; x_wconf 89' lang='lat' dir='ltr'><strong>universos</strong></span> 
     </span>
     <span class='ocr_line' id='line_1_5' title="bbox 249 414 2053 473; baseline -0.002 -15"><span class='ocrx_word' id='word_1_39' title='bbox 249 432 321 459; x_wconf 79' lang='lat' dir='ltr'><strong>vos</strong></span> <span class='ocrx_word' id='word_1_40' title='bbox 352 432 423 472; x_wconf 90' lang='lat' dir='ltr'><strong>pro</strong></span> <span class='ocrx_word' id='word_1_41' title='bbox 454 419 645 473; x_wconf 85' lang='lat' dir='ltr'><strong>dignitate</strong></span> <span class='ocrx_word' id='word_1_42' title='bbox 671 419 821 473; x_wconf 76' lang='lat' dir='ltr'><strong>publica</strong></span> <span class='ocrx_word' id='word_1_43' title='bbox 855 416 1061 471; x_wconf 79' lang='lat' dir='ltr'><strong>providere</strong></span> <span class='ocrx_word' id='word_1_44' title='bbox 1089 427 1135 453; x_wconf 89' lang='lat' dir='ltr'><strong>ne</strong></span> <span class='ocrx_word' id='word_1_45' title='bbox 1168 414 1344 454; x_wconf 83' lang='lat' dir='ltr'><strong>nefarius</strong></span> <span class='ocrx_word' id='word_1_46' title='bbox 1376 415 1567 456; x_wconf 80' lang='lat' dir='ltr'><strong>homicida</strong></span> <span class='ocrx_word' id='word_1_47' title='bbox 1602 422 1763 456; x_wconf 70' lang='lat' dir='ltr'><strong>tautam</strong></span> <span class='ocrx_word' id='word_1_48' title='bbox 1797 415 1972 455; x_wconf 81' lang='lat' dir='ltr'><strong>caedium</strong></span> <span class='ocrx_word' id='word_1_49' title='bbox 1997 415 2053 455; x_wconf 86' lang='lat' dir='ltr'><strong>la-</strong></span> 
     </span>
    </p>
   </div>
   <div class='ocr_carea' id='block_1_3' title="bbox 248 518 2053 562">
    <p class='ocr_par' dir='ltr' id='par_1_3' title="bbox 248 518 2053 562">
     <span class='ocr_line' id='line_1_6' title="bbox 248 518 2053 562; baseline -0.001 -10"><span class='ocrx_word' id='word_1_50' title='bbox 248 527 283 552; x_wconf 79' lang='lat' dir='ltr'><strong>et</strong></span> <span class='ocrx_word' id='word_1_51' title='bbox 292 524 458 562; x_wconf 74' lang='lat' dir='ltr'><strong>guttatim</strong></span> <span class='ocrx_word' id='word_1_52' title='bbox 473 524 495 552; x_wconf 87' lang='lat' dir='ltr'><strong>f.</strong></span> <span class='ocrx_word' id='word_1_53' title='bbox 532 522 645 562; x_wconf 68' lang='lat' dir='ltr'><strong>deflua</strong></span> <span class='ocrx_word' id='word_1_54' title='bbox 660 525 794 558; x_wconf 70' lang='lat' dir='ltr'><strong>Lipsius</strong></span> <span class='ocrx_word' id='word_1_55' title='bbox 808 524 903 551; x_wconf 71' lang='lat' dir='ltr'><strong>Vulc.</strong></span> <span class='ocrx_word' id='word_1_56' title='bbox 918 524 948 549; x_wconf 72' lang='lat'><strong>2².</strong></span> <span class='ocrx_word' id='word_1_57' title='bbox 964 520 1073 548; x_wconf 71' lang='lat' dir='ltr'><strong>u&#39;ow.</strong></span> <span class='ocrx_word' id='word_1_58' title='bbox 1087 523 1115 548; x_wconf 77' lang='lat' dir='ltr'><strong>et</strong></span> <span class='ocrx_word' id='word_1_59' title='bbox 1132 520 1272 549; x_wconf 79' lang='lat' dir='ltr'><strong>Scriver.</strong></span> <span class='ocrx_word' id='word_1_60' title='bbox 1288 524 1399 550; x_wconf 81' lang='lat' dir='ltr'><strong>contra</strong></span> <span class='ocrx_word' id='word_1_61' title='bbox 1411 529 1522 549; x_wconf 83' lang='lat' dir='ltr'><strong>omnes</strong></span> <span class='ocrx_word' id='word_1_62' title='bbox 1535 525 1616 552; x_wconf 79' lang='lat' dir='ltr'><strong>mss.</strong></span> <span class='ocrx_word' id='word_1_63' title='bbox 1631 527 1659 551; x_wconf 83' lang='lat' dir='ltr'><strong>et</strong></span> <span class='ocrx_word' id='word_1_64' title='bbox 1674 524 1744 551; x_wconf 67' lang='lat' dir='ltr'><strong>eald.</strong></span> <span class='ocrx_word' id='word_1_65' title='bbox 1781 529 1840 548; x_wconf 82' lang='lat' dir='ltr'><strong>uec</strong></span> <span class='ocrx_word' id='word_1_66' title='bbox 1848 529 1964 558; x_wconf 73' lang='lat' dir='ltr'><strong>putem</strong></span> <span class='ocrx_word' id='word_1_67' title='bbox 1973 518 2002 550; x_wconf 85' lang='grc' dir='ltr'><strong>δ.</strong></span> <span class='ocrx_word' id='word_1_68' title='bbox 2015 523 2053 550; x_wconf 91' lang='grc' dir='ltr'><strong>Ι).</strong></span> 
     </span>
    </p>
   </div>
   <div class='ocr_carea' id='block_1_4' title="bbox 247 565 2056 650">
    <p class='ocr_par' dir='ltr' id='par_1_4' title="bbox 247 565 2056 650">
     <span class='ocr_line' id='line_1_7' title="bbox 248 565 2054 606; baseline -0.001 -10"><span class='ocrx_word' id='word_1_69' title='bbox 248 570 485 606; x_wconf 70' lang='lat' dir='ltr'><strong>‹ze-praecipue</strong></span> <span class='ocrx_word' id='word_1_70' title='bbox 508 571 544 599; x_wconf 76' lang='lat' dir='ltr'><strong>F.</strong></span> <span class='ocrx_word' id='word_1_71' title='bbox 561 572 589 598; x_wconf 88' lang='lat'><strong>1.</strong></span> <span class='ocrx_word' id='word_1_72' title='bbox 616 572 646 598; x_wconf 84' lang='lat'><strong>3.</strong></span> <span class='ocrx_word' id='word_1_73' title='bbox 668 572 702 597; x_wconf 85' lang='lat' dir='ltr'><strong>G.</strong></span> <span class='ocrx_word' id='word_1_74' title='bbox 721 571 746 597; x_wconf 86' lang='lat'><strong>1.</strong></span> <span class='ocrx_word' id='word_1_75' title='bbox 763 571 791 596; x_wconf 75' lang='lat'><strong>2.</strong></span> <span class='ocrx_word' id='word_1_76' title='bbox 811 569 849 595; x_wconf 88' lang='lat' dir='ltr'><strong>D.</strong></span> <span class='ocrx_word' id='word_1_77' title='bbox 869 569 906 595; x_wconf 83' lang='lat' dir='ltr'><strong>R.</strong></span> <span class='ocrx_word' id='word_1_78' title='bbox 943 568 975 592; x_wconf 79' lang='lat' dir='ltr'><strong>el</strong></span> <span class='ocrx_word' id='word_1_79' title='bbox 991 568 1079 592; x_wconf 72' lang='lat' dir='ltr'><strong>extat</strong></span> <span class='ocrx_word' id='word_1_80' title='bbox 1095 565 1127 592; x_wconf 90' lang='lat' dir='ltr'><strong>iu</strong></span> <span class='ocrx_word' id='word_1_81' title='bbox 1143 566 1276 599; x_wconf 65' lang='lat' dir='ltr'><strong>ceteris,</strong></span> <span class='ocrx_word' id='word_1_82' title='bbox 1303 572 1387 599; x_wconf 84' lang='lat' dir='ltr'><strong>quae</strong></span> <span class='ocrx_word' id='word_1_83' title='bbox 1399 568 1562 595; x_wconf 78' lang='lat' dir='ltr'><strong>sententia</strong></span> <span class='ocrx_word' id='word_1_84' title='bbox 1576 572 1623 595; x_wconf 77' lang='lat' dir='ltr'><strong>est</strong></span> <span class='ocrx_word' id='word_1_85' title='bbox 1639 569 1717 596; x_wconf 71' lang='lat' dir='ltr'><strong>Ouit.</strong></span> <span class='ocrx_word' id='word_1_86' title='bbox 1756 565 2004 603; x_wconf 72' lang='lat' dir='ltr'><strong>sedpraect&#39;pue</strong></span> <span class='ocrx_word' id='word_1_87' title='bbox 2017 568 2054 595; x_wconf 90' lang='lat' dir='ltr'><strong>B.</strong></span> 
     </span>
     <span class='ocr_line' id='line_1_8' title="bbox 247 610 2056 650; baseline -0.003 -6"><span class='ocrx_word' id='word_1_88' title='bbox 247 616 331 650; x_wconf 77' lang='lat' dir='ltr'><strong>quod</strong></span> <span class='ocrx_word' id='word_1_89' title='bbox 344 615 663 649; x_wconf 73' lang='lat' dir='ltr'><strong>interpretamentum</strong></span> <span class='ocrx_word' id='word_1_90' title='bbox 680 614 904 644; x_wconf 67' lang='lat' dir='ltr'><strong>videturesse,</strong></span> <span class='ocrx_word' id='word_1_91' title='bbox 919 615 946 639; x_wconf 77' lang='lat' dir='ltr'><strong>et</strong></span> <span class='ocrx_word' id='word_1_92' title='bbox 961 611 1150 638; x_wconf 70' lang='lat' dir='ltr'><strong>eud.w0w.</strong></span> <span class='ocrx_word' id='word_1_93' title='bbox 1166 610 1361 638; x_wconf 74' lang='lat' dir='ltr'><strong>Eimscriv.</strong></span> <span class='ocrx_word' id='word_1_94' title='bbox 1375 619 1448 639; x_wconf 88' lang='lat' dir='ltr'><strong>cum</strong></span> <span class='ocrx_word' id='word_1_95' title='bbox 1463 620 1552 645; x_wconf 81' lang='lat' dir='ltr'><strong>seqq.</strong></span> <span class='ocrx_word' id='word_1_96' title='bbox 1578 614 1855 642; x_wconf 71' lang='lat' dir='ltr'><strong>at11a1›·÷11um.2.</strong></span> <span class='ocrx_word' id='word_1_97' title='bbox 1870 615 1902 640; x_wconf 86' lang='lat' dir='ltr'><strong>ut</strong></span> <span class='ocrx_word' id='word_1_98' title='bbox 1917 612 2056 640; x_wconf 82' lang='lat' dir='ltr'><strong>coniecit</strong></span> 
     </span>
    </p>
   </div>
   <div class='ocr_carea' id='block_1_5' title="bbox 246 655 1117 695">
    <p class='ocr_par' dir='ltr' id='par_1_5' title="bbox 246 655 1117 695">
     <span class='ocr_line' id='line_1_9' title="bbox 246 655 1117 695; baseline -0.007 -6"><span class='ocrx_word' id='word_1_99' title='bbox 246 668 373 695; x_wconf 80' lang='lat' dir='ltr'><strong>quoque</strong></span> <span class='ocrx_word' id='word_1_100' title='bbox 393 661 482 689; x_wconf 79' lang='lat' dir='ltr'><strong>Grut.</strong></span> <span class='ocrx_word' id='word_1_101' title='bbox 503 662 598 694; x_wconf 73' lang='lat' dir='ltr'><strong>susp.</strong></span> <span class='ocrx_word' id='word_1_102' title='bbox 615 661 669 689; x_wconf 73' lang='lat' dir='ltr'><strong>VI.</strong></span> <span class='ocrx_word' id='word_1_103' title='bbox 684 659 714 686; x_wconf 86' lang='lat'><strong>6.</strong></span> <span class='ocrx_word' id='word_1_104' title='bbox 762 659 885 686; x_wconf 76' lang='lat' dir='ltr'><strong>cuncta</strong></span> <span class='ocrx_word' id='word_1_105' title='bbox 905 655 1059 684; x_wconf 71' lang='lat' dir='ltr'><strong>civitatis</strong></span> <span class='ocrx_word' id='word_1_106' title='bbox 1078 656 1117 683; x_wconf 85' lang='grc' dir='ltr'><strong>Ι).</strong></span> 
     </span>
    </p>
   </div>
   <div class='ocr_carea' id='block_1_6' title="bbox 246 706 744 741">
    <p class='ocr_par' dir='ltr' id='par_1_6' title="bbox 246 706 744 741">
     <span class='ocr_line' id='line_1_10' title="bbox 246 706 744 741; baseline -0.008 -7"><span class='ocrx_word' id='word_1_107' title='bbox 246 710 356 734; x_wconf 79' lang='lat' dir='ltr'><strong>enotat</strong></span> <span class='ocrx_word' id='word_1_108' title='bbox 366 728 373 741; x_wconf 90' lang='lat'>‚</span> <span class='ocrx_word' id='word_1_109' title='bbox 399 706 433 734; x_wconf 90' lang='lat' dir='ltr'><strong>in</strong></span> <span class='ocrx_word' id='word_1_110' title='bbox 447 710 560 734; x_wconf 80' lang='lat' dir='ltr'><strong>neutro</strong></span> <span class='ocrx_word' id='word_1_111' title='bbox 573 707 744 738; x_wconf 74' lang='lat' dir='ltr'><strong>comparet.</strong></span> 
     </span>
    </p>
   </div>
   <div class='ocr_carea' id='block_1_7' title="bbox 792 701 1208 728">
    <p class='ocr_par' dir='ltr' id='par_1_7' title="bbox 792 701 1208 728">
     <span class='ocr_line' id='line_1_11' title="bbox 792 701 1208 728; baseline 0 0"><span class='ocrx_word' id='word_1_112' title='bbox 792 705 825 728; x_wconf 79' lang='lat' dir='ltr'><strong>et</strong></span> <span class='ocrx_word' id='word_1_113' title='bbox 838 701 1012 728; x_wconf 61' lang='lat' dir='ltr'><strong>uuit-ersus</strong></span> <span class='ocrx_word' id='word_1_114' title='bbox 1029 701 1050 728; x_wconf 86' lang='lat' dir='ltr'><strong>f.</strong></span> <span class='ocrx_word' id='word_1_115' title='bbox 1098 707 1159 727; x_wconf 79' lang='lat' dir='ltr'><strong>uos</strong></span> <span class='ocrx_word' id='word_1_116' title='bbox 1173 701 1208 728; x_wconf 80' lang='lat' dir='ltr'><strong>B.</strong></span> 
     </span>
    </p>
   </div>
   <div class='ocr_carea' id='block_1_8' title="bbox 1166 653 2054 694">
    <p class='ocr_par' dir='ltr' id='par_1_8' title="bbox 1166 653 2054 694">
     <span class='ocr_line' id='line_1_12' title="bbox 1166 653 2054 694; baseline 0.003 -13"><span class='ocrx_word' id='word_1_117' title='bbox 1166 656 1326 682; x_wconf 78' lang='lat' dir='ltr'><strong>tractato</strong></span> <span class='ocrx_word' id='word_1_118' title='bbox 1348 653 1377 684; x_wconf 67' lang='lat' dir='ltr'><strong>a.</strong></span> <span class='ocrx_word' id='word_1_119' title='bbox 1426 663 1576 692; x_wconf 74' lang='lat' dir='ltr'><strong>quaeras</strong></span> <span class='ocrx_word' id='word_1_120' title='bbox 1595 659 1678 691; x_wconf 79' lang='lat' dir='ltr'><strong>quod</strong></span> <span class='ocrx_word' id='word_1_121' title='bbox 1698 659 1776 686; x_wconf 83' lang='lat' dir='ltr'><strong>oud.</strong></span> <span class='ocrx_word' id='word_1_122' title='bbox 1793 666 1846 692; x_wconf 87' lang='lat' dir='ltr'><strong>pro</strong></span> <span class='ocrx_word' id='word_1_123' title='bbox 1867 665 1975 694; x_wconf 79' lang='lat' dir='ltr'><strong>quare</strong></span> <span class='ocrx_word' id='word_1_124' title='bbox 1988 666 2004 685; x_wconf 84' lang='lat' dir='ltr'><strong>e</strong></span> <span class='ocrx_word' id='word_1_125' title='bbox 2018 658 2054 685; x_wconf 87' lang='lat' dir='ltr'><strong>G.</strong></span> 
     </span>
    </p>
   </div>
   <div class='ocr_carea' id='block_1_9' title="bbox 1259 699 2056 736">
    <p class='ocr_par' dir='ltr' id='par_1_9' title="bbox 1259 699 2056 736">
     <span class='ocr_line' id='line_1_13' title="bbox 1259 699 2056 736; baseline 0.003 -10"><span class='ocrx_word' id='word_1_126' title='bbox 1259 703 1366 727; x_wconf 78' lang='lat' dir='ltr'><strong>tutam</strong></span> <span class='ocrx_word' id='word_1_127' title='bbox 1381 699 1512 728; x_wconf 72' lang='lat' dir='ltr'><strong>aedium</strong></span> <span class='ocrx_word' id='word_1_128' title='bbox 1527 702 1563 730; x_wconf 79' lang='lat' dir='ltr'><strong>F.</strong></span> <span class='ocrx_word' id='word_1_129' title='bbox 1578 703 1607 731; x_wconf 79' lang='lat'><strong>3.</strong></span> <span class='ocrx_word' id='word_1_130' title='bbox 1623 704 1659 731; x_wconf 86' lang='lat' dir='ltr'><strong>G.</strong></span> <span class='ocrx_word' id='word_1_131' title='bbox 1677 704 1703 731; x_wconf 87' lang='grc' dir='ltr'><strong>Ι.</strong></span> <span class='ocrx_word' id='word_1_132' title='bbox 1742 702 1813 736; x_wconf 80' lang='lat' dir='ltr'><strong>(lta</strong></span> <span class='ocrx_word' id='word_1_133' title='bbox 1832 703 1961 731; x_wconf 77' lang='lat' dir='ltr'><strong>variant</strong></span> <span class='ocrx_word' id='word_1_134' title='bbox 1977 709 2056 729; x_wconf 79' lang='lat' dir='ltr'><strong>cae-</strong></span> 
     </span>
    </p>
   </div>
   <div class='ocr_carea' id='block_1_10' title="bbox 246 743 2055 829">
    <p class='ocr_par' dir='ltr' id='par_1_10' title="bbox 246 743 2055 829">
     <span class='ocr_line' id='line_1_14' title="bbox 246 743 2055 784; baseline -0.001 -7"><span class='ocrx_word' id='word_1_135' title='bbox 246 749 341 778; x_wconf 75' lang='lat' dir='ltr'><strong>ditur</strong></span> <span class='ocrx_word' id='word_1_136' title='bbox 360 755 390 779; x_wconf 81' lang='lat' dir='ltr'><strong>et</strong></span> <span class='ocrx_word' id='word_1_137' title='bbox 409 749 522 778; x_wconf 78' lang='lat' dir='ltr'><strong>editur</strong></span> <span class='ocrx_word' id='word_1_138' title='bbox 541 751 625 784; x_wconf 80' lang='lat' dir='ltr'><strong>apud</strong></span> <span class='ocrx_word' id='word_1_139' title='bbox 646 749 735 783; x_wconf 66' lang='lat' dir='ltr'><strong>virg.</strong></span> <span class='ocrx_word' id='word_1_140' title='bbox 756 750 870 781; x_wconf 71' lang='lat' dir='ltr'><strong>Georg.</strong></span> <span class='ocrx_word' id='word_1_141' title='bbox 890 749 913 775; x_wconf 93' lang='grc' dir='ltr'><strong>Ι.</strong></span> <span class='ocrx_word' id='word_1_142' title='bbox 936 746 1038 781; x_wconf 81' lang='grc'><strong>173.)</strong></span> <span class='ocrx_word' id='word_1_143' title='bbox 1065 748 1173 772; x_wconf 75' lang='lat' dir='ltr'><strong>totam</strong></span> <span class='ocrx_word' id='word_1_144' title='bbox 1192 743 1323 772; x_wconf 65' lang='lat' dir='ltr'><strong>laedium</strong></span> <span class='ocrx_word' id='word_1_145' title='bbox 1344 747 1382 774; x_wconf 85' lang='lat' dir='ltr'><strong>D.</strong></span> <span class='ocrx_word' id='word_1_146' title='bbox 1405 743 1435 774; x_wconf 69' lang='grc' dir='ltr'><strong>δ’.</strong></span> <span class='ocrx_word' id='word_1_147' title='bbox 1451 746 1472 774; x_wconf 85' lang='lat' dir='ltr'><strong>f.</strong></span> <span class='ocrx_word' id='word_1_148' title='bbox 1486 747 1521 774; x_wconf 91' lang='grc'><strong>0.</strong></span> <span class='ocrx_word' id='word_1_149' title='bbox 1536 747 1572 775; x_wconf 88' lang='grc' dir='ltr'><strong>Ρ.</strong></span> <span class='ocrx_word' id='word_1_150' title='bbox 1587 748 1635 775; x_wconf 82' lang='lat' dir='ltr'><strong>ed.</strong></span> <span class='ocrx_word' id='word_1_151' title='bbox 1650 755 1694 781; x_wconf 89' lang='lat' dir='ltr'><strong>pr.</strong></span> <span class='ocrx_word' id='word_1_152' title='bbox 1709 748 1836 776; x_wconf 75' lang='lat' dir='ltr'><strong>Viceut.</strong></span> <span class='ocrx_word' id='word_1_153' title='bbox 1850 749 1964 776; x_wconf 76' lang='lat' dir='ltr'><strong>Venet.</strong></span> <span class='ocrx_word' id='word_1_154' title='bbox 1980 749 2009 775; x_wconf 76' lang='lat'><strong>2.</strong></span> <span class='ocrx_word' id='word_1_155' title='bbox 2025 749 2055 776; x_wconf 80' lang='grc'><strong>4.</strong></span> 
     </span>
     <span class='ocr_line' id='line_1_15' title="bbox 246 792 2055 829; baseline -0.003 -4"><span class='ocrx_word' id='word_1_156' title='bbox 246 796 352 825; x_wconf 85' lang='lat' dir='ltr'><strong>Paris.</strong></span> <span class='ocrx_word' id='word_1_157' title='bbox 379 794 436 829; x_wconf 82' lang='lat' dir='ltr'><strong>[In</strong></span> <span class='ocrx_word' id='word_1_158' title='bbox 451 797 485 822; x_wconf 87' lang='lat' dir='ltr'><strong>G.</strong></span> <span class='ocrx_word' id='word_1_159' title='bbox 501 797 530 822; x_wconf 64' lang='grc' dir='ltr'><strong>ζ).</strong></span> <span class='ocrx_word' id='word_1_160' title='bbox 544 802 562 822; x_wconf 83' lang='lat' dir='ltr'><strong>a</strong></span> <span class='ocrx_word' id='word_1_161' title='bbox 577 802 616 823; x_wconf 90' lang='lat' dir='ltr'><strong>m.</strong></span> <span class='ocrx_word' id='word_1_162' title='bbox 631 802 660 827; x_wconf 88' lang='lat' dir='ltr'><strong>p.</strong></span> <span class='ocrx_word' id='word_1_163' title='bbox 678 793 804 821; x_wconf 72' lang='lat' dir='ltr'><strong>videtur</strong></span> <span class='ocrx_word' id='word_1_164' title='bbox 818 792 924 820; x_wconf 74' lang='lat' dir='ltr'><strong>fuisse</strong></span> <span class='ocrx_word' id='word_1_165' title='bbox 937 794 1059 819; x_wconf 81' lang='lat' dir='ltr'><strong>metum</strong></span> <span class='ocrx_word' id='word_1_166' title='bbox 1075 793 1126 820; x_wconf 77' lang='lat' dir='ltr'><strong>vel</strong></span> <span class='ocrx_word' id='word_1_167' title='bbox 1141 798 1267 818; x_wconf 81' lang='lat' dir='ltr'><strong>merum</strong></span> <span class='ocrx_word' id='word_1_168' title='bbox 1278 813 1285 827; x_wconf 84' lang='lat'>,</span> <span class='ocrx_word' id='word_1_169' title='bbox 1307 793 1389 825; x_wconf 77' lang='lat' dir='ltr'><strong>quod</strong></span> <span class='ocrx_word' id='word_1_170' title='bbox 1403 795 1511 820; x_wconf 79' lang='lat' dir='ltr'><strong>tamen</strong></span> <span class='ocrx_word' id='word_1_171' title='bbox 1524 796 1676 821; x_wconf 82' lang='lat' dir='ltr'><strong>accurate</strong></span> <span class='ocrx_word' id='word_1_172' title='bbox 1690 793 1831 828; x_wconf 72' lang='lat' dir='ltr'><strong>perspici</strong></span> <span class='ocrx_word' id='word_1_173' title='bbox 1846 801 1908 822; x_wconf 84' lang='lat' dir='ltr'><strong>non</strong></span> <span class='ocrx_word' id='word_1_174' title='bbox 1923 796 2055 828; x_wconf 83' lang='lat' dir='ltr'><strong>poterat.</strong></span> 
     </span>
    </p>
   </div>
   <div class='ocr_carea' id='block_1_11' title="bbox 239 868 1126 3188">
    <p class='ocr_par' dir='ltr' id='par_1_11' title="bbox 239 868 1126 3188">
     <span class='ocr_line' id='line_1_16' title="bbox 246 868 1125 923; baseline -0.007 -12"><span class='ocrx_word' id='word_1_175' title='bbox 246 872 296 911; x_wconf 84' lang='lat' dir='ltr'><strong>cf.</strong></span> <span class='ocrx_word' id='word_1_176' title='bbox 329 885 378 910; x_wconf 89' lang='lat' dir='ltr'><strong>ea</strong></span> <span class='ocrx_word' id='word_1_177' title='bbox 408 884 508 923; x_wconf 84' lang='lat' dir='ltr'><strong>quae</strong></span> <span class='ocrx_word' id='word_1_178' title='bbox 539 872 719 907; x_wconf 83' lang='lat' dir='ltr'><strong>accurate</strong></span> <span class='ocrx_word' id='word_1_179' title='bbox 750 868 892 906; x_wconf 86' lang='lat' dir='ltr'><strong>docent</strong></span> <span class='ocrx_word' id='word_1_180' title='bbox 916 868 1053 907; x_wconf 86' lang='lat' dir='ltr'><strong>Meier.</strong></span> <span class='ocrx_word' id='word_1_181' title='bbox 1087 871 1125 905; x_wconf 86' lang='lat' dir='ltr'><strong>et</strong></span> 
     </span>
     <span class='ocr_line' id='line_1_17' title="bbox 249 924 1121 968; baseline -0.006 -1"><span class='ocrx_word' id='word_1_182' title='bbox 249 929 484 968; x_wconf 76' lang='lat' dir='ltr'><strong>Schtimann.</strong></span> <span class='ocrx_word' id='word_1_183' title='bbox 511 927 545 964; x_wconf 90' lang='lat' dir='ltr'><strong>in</strong></span> <span class='ocrx_word' id='word_1_184' title='bbox 574 926 688 963; x_wconf 84' lang='lat' dir='ltr'><strong>libro:</strong></span> <span class='ocrx_word' id='word_1_185' title='bbox 716 924 804 963; x_wconf 80' lang='lat' dir='ltr'><strong>Der</strong></span> <span class='ocrx_word' id='word_1_186' title='bbox 819 924 1004 964; x_wconf 69' lang='lat' dir='ltr'><strong>Attisclee</strong></span> <span class='ocrx_word' id='word_1_187' title='bbox 1018 924 1121 963; x_wconf 81' lang='lat' dir='ltr'><strong>Pro-</strong></span> 
     </span>
     <span class='ocr_line' id='line_1_18' title="bbox 249 981 1122 1036; baseline -0.005 -11"><span class='ocrx_word' id='word_1_188' title='bbox 249 999 330 1025; x_wconf 80' lang='lat' dir='ltr'><strong>cess</strong></span> <span class='ocrx_word' id='word_1_189' title='bbox 354 999 389 1036; x_wconf 88' lang='lat' dir='ltr'><strong>p.</strong></span> <span class='ocrx_word' id='word_1_190' title='bbox 418 987 497 1024; x_wconf 87' lang='lat'><strong>713</strong></span> <span class='ocrx_word' id='word_1_191' title='bbox 523 996 612 1033; x_wconf 88' lang='lat' dir='ltr'><strong>sqq.</strong></span> <span class='ocrx_word' id='word_1_192' title='bbox 640 981 806 1019; x_wconf 68' lang='lat' dir='ltr'><strong>Matthia</strong></span> <span class='ocrx_word' id='word_1_193' title='bbox 832 981 883 1019; x_wconf 91' lang='lat' dir='ltr'><strong>de</strong></span> <span class='ocrx_word' id='word_1_194' title='bbox 908 981 1058 1019; x_wconf 84' lang='lat' dir='ltr'><strong>iudiciis</strong></span> <span class='ocrx_word' id='word_1_195' title='bbox 1083 994 1122 1032; x_wconf 89' lang='lat' dir='ltr'><strong>p.</strong></span> 
     </span>
     <span class='ocr_line' id='line_1_19' title="bbox 248 1037 1123 1082; baseline -0.009 1"><span class='ocrx_word' id='word_1_196' title='bbox 248 1045 339 1082; x_wconf 80' lang='lat'><strong>269.</strong></span> <span class='ocrx_word' id='word_1_197' title='bbox 366 1040 539 1078; x_wconf 88' lang='lat' dir='ltr'><strong>Platner.</strong></span> <span class='ocrx_word' id='word_1_198' title='bbox 572 1039 607 1076; x_wconf 92' lang='lat' dir='ltr'><strong>in</strong></span> <span class='ocrx_word' id='word_1_199' title='bbox 641 1037 758 1075; x_wconf 89' lang='lat' dir='ltr'><strong>libro:</strong></span> <span class='ocrx_word' id='word_1_200' title='bbox 792 1038 999 1077; x_wconf 71' lang='lat' dir='ltr'><strong>Attiseher</strong></span> <span class='ocrx_word' id='word_1_201' title='bbox 1018 1038 1123 1076; x_wconf 73' lang='lat' dir='ltr'><strong>Pro-</strong></span> 
     </span>
     <span class='ocr_line' id='line_1_20' title="bbox 246 1091 1124 1147; baseline -0.002 -11"><span class='ocrx_word' id='word_1_202' title='bbox 246 1112 328 1136; x_wconf 73' lang='lat' dir='ltr'><strong>cess</strong></span> <span class='ocrx_word' id='word_1_203' title='bbox 352 1110 388 1147; x_wconf 85' lang='lat' dir='ltr'><strong>p.</strong></span> <span class='ocrx_word' id='word_1_204' title='bbox 408 1100 498 1136; x_wconf 88' lang='lat'><strong>185.</strong></span> <span class='ocrx_word' id='word_1_205' title='bbox 519 1094 625 1146; x_wconf 65' lang='lat' dir='ltr'><strong>Lyd.</strong></span> <span class='ocrx_word' id='word_1_206' title='bbox 653 1094 703 1132; x_wconf 85' lang='lat' dir='ltr'><strong>de</strong></span> <span class='ocrx_word' id='word_1_207' title='bbox 722 1091 830 1145; x_wconf 79' lang='lat' dir='ltr'><strong>Mag.</strong></span> <span class='ocrx_word' id='word_1_208' title='bbox 857 1094 905 1133; x_wconf 83' lang='lat' dir='ltr'><strong>R.</strong></span> <span class='ocrx_word' id='word_1_209' title='bbox 925 1094 975 1133; x_wconf 85' lang='lat' dir='ltr'><strong>R.</strong></span> <span class='ocrx_word' id='word_1_210' title='bbox 995 1093 1041 1134; x_wconf 89' lang='lat' dir='ltr'><strong>ll.</strong></span> <span class='ocrx_word' id='word_1_211' title='bbox 1060 1098 1124 1134; x_wconf 89' lang='grc'><strong>16.</strong></span> 
     </span>
     <span class='ocr_line' id='line_1_21' title="bbox 244 1149 1124 1191; baseline -0.002 0"><span class='ocrx_word' id='word_1_212' title='bbox 244 1153 387 1191; x_wconf 83' lang='lat' dir='ltr'><strong>Pollet.</strong></span> <span class='ocrx_word' id='word_1_213' title='bbox 402 1152 503 1190; x_wconf 89' lang='lat' dir='ltr'><strong>Hist.</strong></span> <span class='ocrx_word' id='word_1_214' title='bbox 519 1150 611 1189; x_wconf 85' lang='lat' dir='ltr'><strong>Fori</strong></span> <span class='ocrx_word' id='word_1_215' title='bbox 624 1151 739 1189; x_wconf 83' lang='lat' dir='ltr'><strong>Rom.</strong></span> <span class='ocrx_word' id='word_1_216' title='bbox 756 1150 783 1189; x_wconf 90' lang='lat' dir='ltr'><strong>l.</strong></span> <span class='ocrx_word' id='word_1_217' title='bbox 800 1164 830 1189; x_wconf 85' lang='lat' dir='ltr'><strong>e.</strong></span> <span class='ocrx_word' id='word_1_218' title='bbox 844 1149 914 1189; x_wconf 81' lang='lat' dir='ltr'><strong>XI.</strong></span> <span class='ocrx_word' id='word_1_219' title='bbox 931 1152 966 1189; x_wconf 89' lang='lat' dir='ltr'><strong>in</strong></span> <span class='ocrx_word' id='word_1_220' title='bbox 986 1149 1124 1190; x_wconf 80' lang='lat' dir='ltr'><strong>Pelen.</strong></span> 
     </span>
     <span class='ocr_line' id='line_1_22' title="bbox 245 1206 1126 1261; baseline -0.003 -13"><span class='ocrx_word' id='word_1_221' title='bbox 245 1210 369 1261; x_wconf 86' lang='lat' dir='ltr'><strong>Supp.</strong></span> <span class='ocrx_word' id='word_1_222' title='bbox 386 1208 507 1247; x_wconf 80' lang='lat' dir='ltr'><strong>Thes.</strong></span> <span class='ocrx_word' id='word_1_223' title='bbox 522 1209 655 1258; x_wconf 80' lang='lat' dir='ltr'><strong>Antiq.</strong></span> <span class='ocrx_word' id='word_1_224' title='bbox 668 1206 739 1245; x_wconf 81' lang='lat' dir='ltr'><strong>XI.</strong></span> <span class='ocrx_word' id='word_1_225' title='bbox 755 1212 979 1259; x_wconf 80' lang='lat' dir='ltr'><strong>p.399sqq.</strong></span> <span class='ocrx_word' id='word_1_226' title='bbox 1011 1207 1126 1246; x_wconf 88' lang='lat' dir='ltr'><strong>Hunc</strong></span> 
     </span>
     <span class='ocr_line' id='line_1_23' title="bbox 245 1264 1125 1316; baseline -0.002 -12"><span class='ocrx_word' id='word_1_227' title='bbox 245 1279 393 1304; x_wconf 87' lang='lat' dir='ltr'><strong>morem</strong></span> <span class='ocrx_word' id='word_1_228' title='bbox 426 1266 702 1316; x_wconf 86' lang='lat' dir='ltr'><strong>imperatorum</strong></span> <span class='ocrx_word' id='word_1_229' title='bbox 727 1265 970 1315; x_wconf 80' lang='lat' dir='ltr'><strong>temporibus</strong></span> <span class='ocrx_word' id='word_1_230' title='bbox 997 1264 1125 1302; x_wconf 83' lang='lat' dir='ltr'><strong>adhuc</strong></span> 
     </span>
     <span class='ocr_line' id='line_1_24' title="bbox 245 1321 1122 1374; baseline -0.002 -14"><span class='ocrx_word' id='word_1_231' title='bbox 245 1323 436 1374; x_wconf 84' lang='lat' dir='ltr'><strong>viguisse,</strong></span> <span class='ocrx_word' id='word_1_232' title='bbox 462 1336 537 1360; x_wconf 90' lang='lat' dir='ltr'><strong>non</strong></span> <span class='ocrx_word' id='word_1_233' title='bbox 558 1321 687 1359; x_wconf 88' lang='lat' dir='ltr'><strong>solum</strong></span> <span class='ocrx_word' id='word_1_234' title='bbox 702 1321 766 1359; x_wconf 88' lang='lat' dir='ltr'><strong>hic</strong></span> <span class='ocrx_word' id='word_1_235' title='bbox 784 1321 857 1358; x_wconf 80' lang='lat' dir='ltr'><strong>sed</strong></span> <span class='ocrx_word' id='word_1_236' title='bbox 879 1321 941 1359; x_wconf 86' lang='lat' dir='ltr'><strong>alii</strong></span> <span class='ocrx_word' id='word_1_237' title='bbox 965 1334 1122 1372; x_wconf 89' lang='lat' dir='ltr'><strong>quoque</strong></span> 
     </span>
     <span class='ocr_line' id='line_1_25' title="bbox 243 1377 1120 1431; baseline -0.005 -12"><span class='ocrx_word' id='word_1_238' title='bbox 243 1379 404 1431; x_wconf 87' lang='lat' dir='ltr'><strong>Apuleii</strong></span> <span class='ocrx_word' id='word_1_239' title='bbox 437 1379 513 1417; x_wconf 83' lang='lat' dir='ltr'><strong>loci</strong></span> <span class='ocrx_word' id='word_1_240' title='bbox 543 1382 680 1429; x_wconf 83' lang='lat' dir='ltr'><strong>aperte</strong></span> <span class='ocrx_word' id='word_1_241' title='bbox 712 1378 880 1416; x_wconf 85' lang='lat' dir='ltr'><strong>indicant</strong></span> <span class='ocrx_word' id='word_1_242' title='bbox 911 1379 945 1415; x_wconf 88' lang='lat' dir='ltr'><strong>in</strong></span> <span class='ocrx_word' id='word_1_243' title='bbox 972 1377 1120 1428; x_wconf 81' lang='lat' dir='ltr'><strong>Apolo-</strong></span> 
     </span>
     <span class='ocr_line' id='line_1_26' title="bbox 244 1433 1121 1487; baseline -0.003 -12"><span class='ocrx_word' id='word_1_244' title='bbox 244 1438 319 1487; x_wconf 83' lang='lat' dir='ltr'><strong>gia.</strong></span> <span class='ocrx_word' id='word_1_245' title='bbox 368 1435 415 1474; x_wconf 84' lang='lat' dir='ltr'><strong>ct.</strong></span> <span class='ocrx_word' id='word_1_246' title='bbox 442 1435 561 1487; x_wconf 83' lang='lat' dir='ltr'><strong>Apol.</strong></span> <span class='ocrx_word' id='word_1_247' title='bbox 588 1448 625 1486; x_wconf 88' lang='lat' dir='ltr'><strong>p.</strong></span> <span class='ocrx_word' id='word_1_248' title='bbox 647 1439 739 1474; x_wconf 76' lang='lat'><strong>455.</strong></span> <span class='ocrx_word' id='word_1_249' title='bbox 800 1433 948 1472; x_wconf 86' lang='lat' dir='ltr'><strong>Priscis</strong></span> <span class='ocrx_word' id='word_1_250' title='bbox 975 1435 1029 1472; x_wconf 84' lang='lat' dir='ltr'><strong>rei</strong></span> <span class='ocrx_word' id='word_1_251' title='bbox 1055 1448 1121 1485; x_wconf 90' lang='lat' dir='ltr'><strong>pu-</strong></span> 
     </span>
     <span class='ocr_line' id='line_1_27' title="bbox 242 1490 1121 1544; baseline -0.005 -12"><span class='ocrx_word' id='word_1_252' title='bbox 242 1492 370 1532; x_wconf 87' lang='lat' dir='ltr'><strong>blicae</strong></span> <span class='ocrx_word' id='word_1_253' title='bbox 393 1492 634 1544; x_wconf 76' lang='lat' dir='ltr'><strong>temporibus</strong></span> <span class='ocrx_word' id='word_1_254' title='bbox 660 1490 781 1530; x_wconf 85' lang='lat' dir='ltr'><strong>libera</strong></span> <span class='ocrx_word' id='word_1_255' title='bbox 801 1495 885 1530; x_wconf 86' lang='lat' dir='ltr'><strong>erat</strong></span> <span class='ocrx_word' id='word_1_256' title='bbox 905 1492 1121 1529; x_wconf 84' lang='lat' dir='ltr'><strong>oratoribus</strong></span> 
     </span>
     <span class='ocr_line' id='line_1_28' title="bbox 243 1548 1119 1598; baseline -0.003 -10"><span class='ocrx_word' id='word_1_257' title='bbox 243 1548 464 1588; x_wconf 87' lang='lat' dir='ltr'><strong>disserendi</strong></span> <span class='ocrx_word' id='word_1_258' title='bbox 502 1548 669 1586; x_wconf 78' lang='lat' dir='ltr'><strong>facultas</strong></span> <span class='ocrx_word' id='word_1_259' title='bbox 700 1552 805 1586; x_wconf 81' lang='lat' dir='ltr'><strong>certo</strong></span> <span class='ocrx_word' id='word_1_260' title='bbox 837 1551 1015 1598; x_wconf 85' lang='lat' dir='ltr'><strong>tempore</strong></span> <span class='ocrx_word' id='word_1_261' title='bbox 1047 1562 1119 1585; x_wconf 90' lang='lat' dir='ltr'><strong>non</strong></span> 
     </span>
     <span class='ocr_line' id='line_1_29' title="bbox 243 1603 1119 1657; baseline -0.005 -12"><span class='ocrx_word' id='word_1_262' title='bbox 243 1606 445 1657; x_wconf 78' lang='lat' dir='ltr'><strong>impedita.</strong></span> <span class='ocrx_word' id='word_1_263' title='bbox 471 1610 510 1643; x_wconf 89' lang='lat' dir='ltr'><strong>et</strong></span> <span class='ocrx_word' id='word_1_264' title='bbox 531 1604 560 1643; x_wconf 78' lang='lat' dir='ltr'><strong><em>C</em></strong></span> <span class='ocrx_word' id='word_1_265' title='bbox 564 1619 597 1643; x_wconf 86' lang='lat' dir='ltr'><strong>n.</strong></span> <span class='ocrx_word' id='word_1_266' title='bbox 612 1603 827 1656; x_wconf 86' lang='lat' dir='ltr'><strong>Pompeius</strong></span> <span class='ocrx_word' id='word_1_267' title='bbox 853 1606 998 1655; x_wconf 85' lang='lat' dir='ltr'><strong>primus</strong></span> <span class='ocrx_word' id='word_1_268' title='bbox 1025 1609 1119 1650; x_wconf 78' lang='lat' dir='ltr'><strong>erat,</strong></span> 
     </span>
     <span class='ocr_line' id='line_1_30' title="bbox 244 1659 1119 1714; baseline -0.002 -13"><span class='ocrx_word' id='word_1_269' title='bbox 244 1664 310 1714; x_wconf 87' lang='lat' dir='ltr'><strong>qui</strong></span> <span class='ocrx_word' id='word_1_270' title='bbox 341 1662 474 1701; x_wconf 79' lang='lat' dir='ltr'><strong>frenos</strong></span> <span class='ocrx_word' id='word_1_271' title='bbox 505 1662 729 1712; x_wconf 81' lang='lat' dir='ltr'><strong>imponebat</strong></span> <span class='ocrx_word' id='word_1_272' title='bbox 761 1659 1026 1711; x_wconf 79' lang='lat' dir='ltr'><strong>eloquentiae3</strong></span> <span class='ocrx_word' id='word_1_273' title='bbox 1070 1660 1119 1699; x_wconf 84' lang='lat' dir='ltr'><strong>cf.</strong></span> 
     </span>
     <span class='ocr_line' id='line_1_31' title="bbox 245 1717 1121 1767; baseline -0.006 -8"><span class='ocrx_word' id='word_1_274' title='bbox 245 1719 340 1759; x_wconf 86' lang='lat' dir='ltr'><strong>Tac.</strong></span> <span class='ocrx_word' id='word_1_275' title='bbox 366 1720 416 1757; x_wconf 87' lang='lat' dir='ltr'><strong>de</strong></span> <span class='ocrx_word' id='word_1_276' title='bbox 442 1719 552 1757; x_wconf 88' lang='lat' dir='ltr'><strong>Orat.</strong></span> <span class='ocrx_word' id='word_1_277' title='bbox 578 1732 608 1756; x_wconf 87' lang='lat' dir='ltr'><strong>c.</strong></span> <span class='ocrx_word' id='word_1_278' title='bbox 625 1722 690 1757; x_wconf 87' lang='lat'><strong>38.</strong></span> <span class='ocrx_word' id='word_1_279' title='bbox 718 1718 808 1767; x_wconf 89' lang='lat' dir='ltr'><strong>ibiq.</strong></span> <span class='ocrx_word' id='word_1_280' title='bbox 834 1717 919 1756; x_wconf 78' lang='lat' dir='ltr'><strong>lntt.</strong></span> <span class='ocrx_word' id='word_1_281' title='bbox 948 1717 1033 1755; x_wconf 83' lang='lat' dir='ltr'><strong>Has</strong></span> <span class='ocrx_word' id='word_1_282' title='bbox 1058 1731 1121 1755; x_wconf 82' lang='lat' dir='ltr'><strong>an-</strong></span> 
     </span>
     <span class='ocr_line' id='line_1_32' title="bbox 243 1774 1121 1827; baseline -0.005 -12"><span class='ocrx_word' id='word_1_283' title='bbox 243 1778 395 1827; x_wconf 82' lang='lat' dir='ltr'><strong>gustias</strong></span> <span class='ocrx_word' id='word_1_284' title='bbox 415 1780 457 1814; x_wconf 89' lang='lat' dir='ltr'><strong>ut</strong></span> <span class='ocrx_word' id='word_1_285' title='bbox 471 1775 721 1825; x_wconf 75' lang='lat' dir='ltr'><strong>eloquentiae</strong></span> <span class='ocrx_word' id='word_1_286' title='bbox 737 1775 909 1812; x_wconf 79' lang='lat' dir='ltr'><strong>inimicas</strong></span> <span class='ocrx_word' id='word_1_287' title='bbox 926 1774 1041 1811; x_wconf 79' lang='lat' dir='ltr'><strong>valde</strong></span> <span class='ocrx_word' id='word_1_288' title='bbox 1055 1774 1121 1811; x_wconf 86' lang='lat' dir='ltr'><strong>(le-</strong></span> 
     </span>
     <span class='ocr_line' id='line_1_33' title="bbox 242 1829 1122 1884; baseline -0.003 -12"><span class='ocrx_word' id='word_1_289' title='bbox 242 1833 449 1884; x_wconf 85' lang='lat' dir='ltr'><strong>plorahaut</strong></span> <span class='ocrx_word' id='word_1_290' title='bbox 479 1832 669 1870; x_wconf 80' lang='lat' dir='ltr'><strong>rhetores.</strong></span> <span class='ocrx_word' id='word_1_291' title='bbox 719 1830 769 1869; x_wconf 86' lang='lat' dir='ltr'><strong>cf.</strong></span> <span class='ocrx_word' id='word_1_292' title='bbox 800 1829 933 1876; x_wconf 86' lang='lat' dir='ltr'><strong>Quint.</strong></span> <span class='ocrx_word' id='word_1_293' title='bbox 962 1829 1051 1868; x_wconf 83' lang='lat' dir='ltr'><strong>XII.</strong></span> <span class='ocrx_word' id='word_1_294' title='bbox 1085 1834 1122 1871; x_wconf 86' lang='grc'><strong>6.</strong></span> 
     </span>
     <span class='ocr_line' id='line_1_34' title="bbox 243 1887 1122 1940; baseline -0.005 -12"><span class='ocrx_word' id='word_1_295' title='bbox 243 1890 273 1940; x_wconf 78' lang='lat'><strong>§.</strong></span> <span class='ocrx_word' id='word_1_296' title='bbox 290 1895 325 1930; x_wconf 90' lang='lat'><strong>5.</strong></span> <span class='ocrx_word' id='word_1_297' title='bbox 352 1889 452 1928; x_wconf 91' lang='lat' dir='ltr'><strong>Plin.</strong></span> <span class='ocrx_word' id='word_1_298' title='bbox 478 1887 604 1939; x_wconf 76' lang='lat' dir='ltr'><strong>Epist.</strong></span> <span class='ocrx_word' id='word_1_299' title='bbox 625 1887 694 1925; x_wconf 58' lang='lat' dir='ltr'><strong>Vl.</strong></span> <span class='ocrx_word' id='word_1_300' title='bbox 710 1892 760 1932; x_wconf 81' lang='grc'><strong>2.,</strong></span> <span class='ocrx_word' id='word_1_301' title='bbox 786 1887 890 1926; x_wconf 85' lang='lat' dir='ltr'><strong>unde</strong></span> <span class='ocrx_word' id='word_1_302' title='bbox 916 1891 1122 1938; x_wconf 84' lang='lat' dir='ltr'><strong>praeterea</strong></span> 
     </span>
     <span class='ocr_line' id='line_1_35' title="bbox 242 1943 1122 1995; baseline -0.005 -10"><span class='ocrx_word' id='word_1_303' title='bbox 242 1947 441 1992; x_wconf 81' lang='lat' dir='ltr'><strong>discimus,</strong></span> <span class='ocrx_word' id='word_1_304' title='bbox 468 1945 568 1984; x_wconf 82' lang='lat' dir='ltr'><strong>duas</strong></span> <span class='ocrx_word' id='word_1_305' title='bbox 593 1944 779 1995; x_wconf 84' lang='lat' dir='ltr'><strong>pluresve</strong></span> <span class='ocrx_word' id='word_1_306' title='bbox 806 1943 1039 1995; x_wconf 75' lang='lat' dir='ltr'><strong>clepsydras</strong></span> <span class='ocrx_word' id='word_1_307' title='bbox 1052 1958 1122 1995; x_wconf 85' lang='lat' dir='ltr'><strong>pro</strong></span> 
     </span>
     <span class='ocr_line' id='line_1_36' title="bbox 244 2001 1123 2052; baseline -0.003 -11"><span class='ocrx_word' id='word_1_308' title='bbox 244 2016 474 2042; x_wconf 82' lang='lat' dir='ltr'><strong>caussarum</strong></span> <span class='ocrx_word' id='word_1_309' title='bbox 517 2002 707 2052; x_wconf 73' lang='lat' dir='ltr'><strong>gravitate</strong></span> <span class='ocrx_word' id='word_1_310' title='bbox 749 2002 967 2040; x_wconf 84' lang='lat' dir='ltr'><strong>oratoribus</strong></span> <span class='ocrx_word' id='word_1_311' title='bbox 1010 2001 1123 2039; x_wconf 74' lang='lat' dir='ltr'><strong>«latas</strong></span> 
     </span>
     <span class='ocr_line' id='line_1_37' title="bbox 243 2058 1122 2109; baseline -0.005 -11"><span class='ocrx_word' id='word_1_312' title='bbox 243 2074 350 2099; x_wconf 87' lang='lat' dir='ltr'><strong>esse.</strong></span> <span class='ocrx_word' id='word_1_313' title='bbox 399 2059 513 2106; x_wconf 83' lang='lat' dir='ltr'><strong>Quae</strong></span> <span class='ocrx_word' id='word_1_314' title='bbox 538 2063 668 2097; x_wconf 82' lang='lat' dir='ltr'><strong>tamen</strong></span> <span class='ocrx_word' id='word_1_315' title='bbox 694 2059 869 2096; x_wconf 84' lang='lat' dir='ltr'><strong>actiones</strong></span> <span class='ocrx_word' id='word_1_316' title='bbox 895 2058 945 2097; x_wconf 82' lang='lat' dir='ltr'><strong>ad</strong></span> <span class='ocrx_word' id='word_1_317' title='bbox 966 2058 1122 2109; x_wconf 75' lang='lat' dir='ltr'><strong>clepsy-</strong></span> 
     </span>
     <span class='ocr_line' id='line_1_38' title="bbox 243 2114 1121 2166; baseline -0.005 -10"><span class='ocrx_word' id='word_1_318' title='bbox 243 2118 352 2156; x_wconf 87' lang='lat' dir='ltr'><strong>dram</strong></span> <span class='ocrx_word' id='word_1_319' title='bbox 373 2117 515 2162; x_wconf 78' lang='lat' dir='ltr'><strong>(lictae,</strong></span> <span class='ocrx_word' id='word_1_320' title='bbox 543 2119 686 2166; x_wconf 87' lang='lat' dir='ltr'><strong>quotae</strong></span> <span class='ocrx_word' id='word_1_321' title='bbox 700 2114 820 2153; x_wconf 86' lang='lat' dir='ltr'><strong>horae</strong></span> <span class='ocrx_word' id='word_1_322' title='bbox 843 2116 1017 2165; x_wconf 87' lang='lat' dir='ltr'><strong>utrisque</strong></span> <span class='ocrx_word' id='word_1_323' title='bbox 1038 2128 1121 2166; x_wconf 83' lang='lat' dir='ltr'><strong>par-</strong></span> 
     </span>
     <span class='ocr_line' id='line_1_39' title="bbox 242 2173 1122 2217; baseline -0.003 -5"><span class='ocrx_word' id='word_1_324' title='bbox 242 2175 346 2213; x_wconf 87' lang='lat' dir='ltr'><strong>tibus</strong></span> <span class='ocrx_word' id='word_1_325' title='bbox 377 2173 454 2212; x_wconf 85' lang='lat' dir='ltr'><strong>siut</strong></span> <span class='ocrx_word' id='word_1_326' title='bbox 485 2185 720 2217; x_wconf 80' lang='lat' dir='ltr'><strong>concessae,</strong></span> <span class='ocrx_word' id='word_1_327' title='bbox 759 2175 881 2209; x_wconf 76' lang='lat' dir='ltr'><strong>utnnu</strong></span> <span class='ocrx_word' id='word_1_328' title='bbox 914 2176 1122 2210; x_wconf 86' lang='lat' dir='ltr'><strong>accusatus</strong></span> 
     </span>
     <span class='ocr_line' id='line_1_40' title="bbox 242 2228 1122 2281; baseline -0.005 -12"><span class='ocrx_word' id='word_1_329' title='bbox 242 2230 377 2281; x_wconf 89' lang='lat' dir='ltr'><strong>plures</strong></span> <span class='ocrx_word' id='word_1_330' title='bbox 402 2229 583 2268; x_wconf 85' lang='lat' dir='ltr'><strong>habuerit</strong></span> <span class='ocrx_word' id='word_1_331' title='bbox 607 2233 856 2273; x_wconf 77' lang='lat' dir='ltr'><strong>accusatore,</strong></span> <span class='ocrx_word' id='word_1_332' title='bbox 882 2242 946 2266; x_wconf 83' lang='lat' dir='ltr'><strong>res</strong></span> <span class='ocrx_word' id='word_1_333' title='bbox 973 2232 1036 2266; x_wconf 85' lang='lat' dir='ltr'><strong>est</strong></span> <span class='ocrx_word' id='word_1_334' title='bbox 1055 2228 1122 2266; x_wconf 91' lang='lat' dir='ltr'><strong>ad-</strong></span> 
     </span>
     <span class='ocr_line' id='line_1_41' title="bbox 239 2284 1120 2336; baseline -0.005 -10"><span class='ocrx_word' id='word_1_335' title='bbox 239 2288 317 2327; x_wconf 88' lang='lat' dir='ltr'><strong>huc</strong></span> <span class='ocrx_word' id='word_1_336' title='bbox 330 2286 498 2325; x_wconf 88' lang='lat' dir='ltr'><strong>nondum</strong></span> <span class='ocrx_word' id='word_1_337' title='bbox 512 2286 562 2324; x_wconf 86' lang='lat' dir='ltr'><strong>ad</strong></span> <span class='ocrx_word' id='word_1_338' title='bbox 578 2285 760 2336; x_wconf 87' lang='lat' dir='ltr'><strong>liquidum</strong></span> <span class='ocrx_word' id='word_1_339' title='bbox 776 2286 974 2336; x_wconf 80' lang='lat' dir='ltr'><strong>perducta.</strong></span> <span class='ocrx_word' id='word_1_340' title='bbox 1025 2284 1120 2323; x_wconf 85' lang='lat' dir='ltr'><strong>Cum</strong></span> 
     </span>
     <span class='ocr_line' id='line_1_42' title="bbox 241 2341 1119 2392; baseline -0.005 -9"><span class='ocrx_word' id='word_1_341' title='bbox 241 2344 373 2383; x_wconf 86' lang='lat' dir='ltr'><strong>Barth.</strong></span> <span class='ocrx_word' id='word_1_342' title='bbox 405 2342 576 2382; x_wconf 73' lang='lat' dir='ltr'><strong>Advers.</strong></span> <span class='ocrx_word' id='word_1_343' title='bbox 600 2341 648 2380; x_wconf 91' lang='lat' dir='ltr'><strong>L.</strong></span> <span class='ocrx_word' id='word_1_344' title='bbox 676 2356 707 2381; x_wconf 83' lang='lat' dir='ltr'><strong>e.</strong></span> <span class='ocrx_word' id='word_1_345' title='bbox 737 2346 798 2381; x_wconf 84' lang='lat'><strong>12.</strong></span> <span class='ocrx_word' id='word_1_346' title='bbox 825 2355 860 2392; x_wconf 89' lang='lat' dir='ltr'><strong>p.</strong></span> <span class='ocrx_word' id='word_1_347' title='bbox 891 2345 1009 2382; x_wconf 80' lang='lat'><strong>1369.</strong></span> <span class='ocrx_word' id='word_1_348' title='bbox 1042 2347 1119 2380; x_wconf 79' lang='lat' dir='ltr'><strong>sta-</strong></span> 
     </span>
     <span class='ocr_line' id='line_1_43' title="bbox 241 2399 1121 2450; baseline -0.003 -10"><span class='ocrx_word' id='word_1_349' title='bbox 241 2401 396 2445; x_wconf 84' lang='lat' dir='ltr'><strong>tuerim,</strong></span> <span class='ocrx_word' id='word_1_350' title='bbox 428 2400 560 2450; x_wconf 84' lang='lat' dir='ltr'><strong>legem</strong></span> <span class='ocrx_word' id='word_1_351' title='bbox 590 2399 776 2449; x_wconf 84' lang='lat' dir='ltr'><strong>prolixius</strong></span> <span class='ocrx_word' id='word_1_352' title='bbox 808 2403 965 2449; x_wconf 75' lang='lat' dir='ltr'><strong>tempus</strong></span> <span class='ocrx_word' id='word_1_353' title='bbox 997 2400 1032 2437; x_wconf 88' lang='lat' dir='ltr'><strong>in</strong></span> <span class='ocrx_word' id='word_1_354' title='bbox 1060 2412 1121 2437; x_wconf 81' lang='lat' dir='ltr'><strong>ac—</strong></span> 
     </span>
     <span class='ocr_line' id='line_1_44' title="bbox 243 2454 1119 2505; baseline -0.003 -9"><span class='ocrx_word' id='word_1_355' title='bbox 243 2461 421 2496; x_wconf 84' lang='lat' dir='ltr'><strong>cusatum</strong></span> <span class='ocrx_word' id='word_1_356' title='bbox 436 2456 485 2495; x_wconf 92' lang='lat' dir='ltr'><strong>ob</strong></span> <span class='ocrx_word' id='word_1_357' title='bbox 499 2455 776 2494; x_wconf 85' lang='lat' dir='ltr'><strong>humanitatem</strong></span> <span class='ocrx_word' id='word_1_358' title='bbox 792 2456 1040 2505; x_wconf 78' lang='lat' dir='ltr'><strong>poposcisse.</strong></span> <span class='ocrx_word' id='word_1_359' title='bbox 1081 2454 1119 2493; x_wconf 87' lang='lat' dir='ltr'><strong>ln</strong></span> 
     </span>
     <span class='ocr_line' id='line_1_45' title="bbox 244 2512 1120 2563; baseline -0.003 -10"><span class='ocrx_word' id='word_1_360' title='bbox 244 2514 400 2553; x_wconf 86' lang='lat' dir='ltr'><strong>caussis</strong></span> <span class='ocrx_word' id='word_1_361' title='bbox 421 2517 528 2551; x_wconf 89' lang='lat' dir='ltr'><strong>certe</strong></span> <span class='ocrx_word' id='word_1_362' title='bbox 548 2512 781 2563; x_wconf 86' lang='lat' dir='ltr'><strong>capitalibus</strong></span> <span class='ocrx_word' id='word_1_363' title='bbox 801 2512 901 2550; x_wconf 84' lang='lat' dir='ltr'><strong>hauc</strong></span> <span class='ocrx_word' id='word_1_364' title='bbox 917 2512 1042 2561; x_wconf 71' lang='lat' dir='ltr'><strong>legem</strong></span> <span class='ocrx_word' id='word_1_365' title='bbox 1059 2526 1120 2550; x_wconf 76' lang='lat' dir='ltr'><strong>va-</strong></span> 
     </span>
     <span class='ocr_line' id='line_1_46' title="bbox 245 2567 1123 2619; baseline -0.002 -10"><span class='ocrx_word' id='word_1_366' title='bbox 245 2570 369 2610; x_wconf 86' lang='lat' dir='ltr'><strong>luisse</strong></span> <span class='ocrx_word' id='word_1_367' title='bbox 404 2571 562 2609; x_wconf 82' lang='lat' dir='ltr'><strong>scimus.</strong></span> <span class='ocrx_word' id='word_1_368' title='bbox 622 2567 721 2607; x_wconf 88' lang='lat' dir='ltr'><strong>Pliu.</strong></span> <span class='ocrx_word' id='word_1_369' title='bbox 756 2569 858 2606; x_wconf 85' lang='lat' dir='ltr'><strong>enim</strong></span> <span class='ocrx_word' id='word_1_370' title='bbox 889 2569 923 2606; x_wconf 87' lang='lat' dir='ltr'><strong>in</strong></span> <span class='ocrx_word' id='word_1_371' title='bbox 956 2568 1123 2619; x_wconf 86' lang='lat' dir='ltr'><strong>Epistol.</strong></span> 
     </span>
     <span class='ocr_line' id='line_1_47' title="bbox 247 2625 1123 2677; baseline 0 -11"><span class='ocrx_word' id='word_1_372' title='bbox 247 2627 316 2666; x_wconf 90' lang='lat' dir='ltr'><strong>IV.</strong></span> <span class='ocrx_word' id='word_1_373' title='bbox 343 2631 381 2668; x_wconf 83' lang='lat'><strong>9.</strong></span> <span class='ocrx_word' id='word_1_374' title='bbox 412 2628 465 2666; x_wconf 89' lang='lat' dir='ltr'><strong>ita</strong></span> <span class='ocrx_word' id='word_1_375' title='bbox 493 2626 644 2665; x_wconf 86' lang='lat' dir='ltr'><strong>scribit:</strong></span> <span class='ocrx_word' id='word_1_376' title='bbox 687 2625 784 2665; x_wconf 77' lang='lat' dir='ltr'><strong>Cum</strong></span> <span class='ocrx_word' id='word_1_377' title='bbox 809 2639 861 2664; x_wconf 70' lang='lat' dir='ltr'><strong>ex</strong></span> <span class='ocrx_word' id='word_1_378' title='bbox 888 2625 978 2677; x_wconf 73' lang='lat' dir='ltr'><strong>leyc</strong></span> <span class='ocrx_word' id='word_1_379' title='bbox 1005 2640 1123 2666; x_wconf 76' lang='lat' dir='ltr'><strong>accu-</strong></span> 
     </span>
     <span class='ocr_line' id='line_1_48' title="bbox 249 2683 1124 2733; baseline -0.002 -10"><span class='ocrx_word' id='word_1_380' title='bbox 249 2689 362 2723; x_wconf 77' lang='lat' dir='ltr'><strong>sator</strong></span> <span class='ocrx_word' id='word_1_381' title='bbox 379 2698 451 2723; x_wconf 75' lang='lat' dir='ltr'><strong>sex</strong></span> <span class='ocrx_word' id='word_1_382' title='bbox 468 2685 604 2729; x_wconf 74' lang='lat' dir='ltr'><strong>horas,</strong></span> <span class='ocrx_word' id='word_1_383' title='bbox 623 2696 761 2721; x_wconf 72' lang='lat' dir='ltr'><strong>not-em</strong></span> <span class='ocrx_word' id='word_1_384' title='bbox 781 2696 872 2722; x_wconf 79' lang='lat' dir='ltr'><strong>reus</strong></span> <span class='ocrx_word' id='word_1_385' title='bbox 890 2683 1124 2733; x_wconf 73' lang='lat' dir='ltr'><strong>accepisset,</strong></span> 
     </span>
     <span class='ocr_line' id='line_1_49' title="bbox 249 2739 1126 2791; baseline 0 -13"><span class='ocrx_word' id='word_1_386' title='bbox 249 2742 309 2780; x_wconf 80' lang='lat' dir='ltr'><strong>ita</strong></span> <span class='ocrx_word' id='word_1_387' title='bbox 335 2740 529 2779; x_wconf 73' lang='lat' dir='ltr'><strong>diviserat</strong></span> <span class='ocrx_word' id='word_1_388' title='bbox 553 2745 739 2791; x_wconf 77' lang='lat' dir='ltr'><strong>tempora</strong></span> <span class='ocrx_word' id='word_1_389' title='bbox 764 2752 856 2779; x_wconf 78' lang='lat' dir='ltr'><strong>‘reus</strong></span> <span class='ocrx_word' id='word_1_390' title='bbox 878 2739 986 2777; x_wconf 74' lang='lat' dir='ltr'><strong>inter</strong></span> <span class='ocrx_word' id='word_1_391' title='bbox 1010 2752 1068 2777; x_wconf 78' lang='lat' dir='ltr'><strong>me</strong></span> <span class='ocrx_word' id='word_1_392' title='bbox 1088 2745 1126 2778; x_wconf 80' lang='lat' dir='ltr'><strong>et</strong></span> 
     </span>
     <span class='ocr_line' id='line_1_50' title="bbox 251 2798 1124 2849; baseline -0.003 -14"><span class='ocrx_word' id='word_1_393' title='bbox 251 2811 337 2836; x_wconf 80' lang='lat' dir='ltr'><strong>eum</strong></span> <span class='ocrx_word' id='word_1_394' title='bbox 364 2799 434 2849; x_wconf 76' lang='lat' dir='ltr'><strong>qui</strong></span> <span class='ocrx_word' id='word_1_395' title='bbox 460 2798 648 2836; x_wconf 76' lang='lat' dir='ltr'><strong>dicturus</strong></span> <span class='ocrx_word' id='word_1_396' title='bbox 667 2800 813 2847; x_wconf 75' lang='lat' dir='ltr'><strong>postea</strong></span> <span class='ocrx_word' id='word_1_397' title='bbox 839 2800 943 2841; x_wconf 81' lang='lat' dir='ltr'><strong>erut,</strong></span> <span class='ocrx_word' id='word_1_398' title='bbox 976 2799 1020 2834; x_wconf 75' lang='lat' dir='ltr'><strong>ul</strong></span> <span class='ocrx_word' id='word_1_399' title='bbox 1045 2808 1124 2847; x_wconf 73' lang='lat' dir='ltr'><strong>eyo</strong></span> 
     </span>
     <span class='ocr_line' id='line_1_51' title="bbox 252 2852 1123 2905; baseline -0.001 -13"><span class='ocrx_word' id='word_1_400' title='bbox 252 2854 433 2905; x_wconf 71' lang='lat' dir='ltr'><strong>quinque</strong></span> <span class='ocrx_word' id='word_1_401' title='bbox 462 2853 591 2899; x_wconf 66' lang='lat' dir='ltr'><strong>horis,</strong></span> <span class='ocrx_word' id='word_1_402' title='bbox 628 2853 699 2891; x_wconf 80' lang='lat' dir='ltr'><strong>ille</strong></span> <span class='ocrx_word' id='word_1_403' title='bbox 729 2852 901 2905; x_wconf 77' lang='lat' dir='ltr'><strong>reliquis</strong></span> <span class='ocrx_word' id='word_1_404' title='bbox 930 2856 1123 2891; x_wconf 74' lang='lat' dir='ltr'><strong>uteretur.</strong></span> 
     </span>
     <span class='ocr_line' id='line_1_52' title="bbox 250 2907 1122 2960; baseline -0.002 -13"><span class='ocrx_word' id='word_1_405' title='bbox 250 2908 298 2947; x_wconf 86' lang='lat' dir='ltr'><strong>cf.</strong></span> <span class='ocrx_word' id='word_1_406' title='bbox 323 2908 505 2948; x_wconf 89' lang='lat' dir='ltr'><strong>Dinarch.</strong></span> <span class='ocrx_word' id='word_1_407' title='bbox 532 2923 562 2949; x_wconf 90' lang='lat' dir='ltr'><strong>c.</strong></span> <span class='ocrx_word' id='word_1_408' title='bbox 589 2910 771 2948; x_wconf 87' lang='lat' dir='ltr'><strong>Demost.</strong></span> <span class='ocrx_word' id='word_1_409' title='bbox 796 2922 832 2960; x_wconf 88' lang='lat' dir='ltr'><strong>p.</strong></span> <span class='ocrx_word' id='word_1_410' title='bbox 849 2913 914 2955; x_wconf 88' lang='lat'><strong>77,</strong></span> <span class='ocrx_word' id='word_1_411' title='bbox 930 2913 966 2948; x_wconf 82' lang='lat'><strong>4.</strong></span> <span class='ocrx_word' id='word_1_412' title='bbox 1005 2907 1122 2954; x_wconf 83' lang='lat' dir='ltr'><strong>Quod</strong></span> 
     </span>
     <span class='ocr_line' id='line_1_53' title="bbox 242 2964 1120 3018; baseline 0 -15"><span class='ocrx_word' id='word_1_413' title='bbox 242 2979 336 3003; x_wconf 73' lang='lat' dir='ltr'><strong>vero</strong></span> <span class='ocrx_word' id='word_1_414' title='bbox 351 2964 534 3005; x_wconf 75' lang='lat' dir='ltr'><strong>Barthius</strong></span> <span class='ocrx_word' id='word_1_415' title='bbox 557 2967 730 3018; x_wconf 83' lang='lat' dir='ltr'><strong>adiungit</strong></span> <span class='ocrx_word' id='word_1_416' title='bbox 748 2967 784 3004; x_wconf 91' lang='lat' dir='ltr'><strong>in</strong></span> <span class='ocrx_word' id='word_1_417' title='bbox 800 2965 1000 3017; x_wconf 83' lang='lat' dir='ltr'><strong>Apologia</strong></span> <span class='ocrx_word' id='word_1_418' title='bbox 1013 2965 1120 3015; x_wconf 89' lang='lat' dir='ltr'><strong>Apu-</strong></span> 
     </span>
     <span class='ocr_line' id='line_1_54' title="bbox 244 3022 1118 3073; baseline -0.002 -13"><span class='ocrx_word' id='word_1_419' title='bbox 244 3022 321 3065; x_wconf 79' lang='lat' dir='ltr'><strong>leii,</strong></span> <span class='ocrx_word' id='word_1_420' title='bbox 347 3035 416 3073; x_wconf 84' lang='lat' dir='ltr'><strong>par</strong></span> <span class='ocrx_word' id='word_1_421' title='bbox 441 3022 566 3061; x_wconf 82' lang='lat' dir='ltr'><strong>fuisse</strong></span> <span class='ocrx_word' id='word_1_422' title='bbox 585 3028 624 3061; x_wconf 78' lang='lat' dir='ltr'><strong>et</strong></span> <span class='ocrx_word' id='word_1_423' title='bbox 642 3037 710 3061; x_wconf 77' lang='lat' dir='ltr'><strong>reo</strong></span> <span class='ocrx_word' id='word_1_424' title='bbox 729 3026 768 3061; x_wconf 84' lang='lat' dir='ltr'><strong>et</strong></span> <span class='ocrx_word' id='word_1_425' title='bbox 786 3022 1003 3062; x_wconf 83' lang='lat' dir='ltr'><strong>accusatori</strong></span> <span class='ocrx_word' id='word_1_426' title='bbox 1022 3026 1118 3059; x_wconf 85' lang='lat' dir='ltr'><strong>tem-</strong></span> 
     </span>
     <span class='ocr_line' id='line_1_55' title="bbox 242 3078 1115 3130; baseline -0.001 -13"><span class='ocrx_word' id='word_1_427' title='bbox 242 3080 348 3130; x_wconf 85' lang='lat' dir='ltr'><strong>poris</strong></span> <span class='ocrx_word' id='word_1_428' title='bbox 374 3080 559 3128; x_wconf 77' lang='lat' dir='ltr'><strong>spatium,</strong></span> <span class='ocrx_word' id='word_1_429' title='bbox 591 3080 746 3117; x_wconf 88' lang='lat' dir='ltr'><strong>minime</strong></span> <span class='ocrx_word' id='word_1_430' title='bbox 771 3079 863 3118; x_wconf 88' lang='lat' dir='ltr'><strong>mihi</strong></span> <span class='ocrx_word' id='word_1_431' title='bbox 889 3078 1115 3129; x_wconf 87' lang='lat' dir='ltr'><strong>comproba-</strong></span> 
     </span>
     <span class='ocr_line' id='line_1_56' title="bbox 241 3134 1112 3188; baseline 0 -14"><span class='ocrx_word' id='word_1_432' title='bbox 241 3139 313 3175; x_wconf 86' lang='lat' dir='ltr'><strong>tur.</strong></span> <span class='ocrx_word' id='word_1_433' title='bbox 372 3135 559 3173; x_wconf 81' lang='lat' dir='ltr'><strong>Maiorem</strong></span> <span class='ocrx_word' id='word_1_434' title='bbox 592 3137 694 3174; x_wconf 88' lang='lat' dir='ltr'><strong>enim</strong></span> <span class='ocrx_word' id='word_1_435' title='bbox 726 3136 849 3175; x_wconf 78' lang='lat' dir='ltr'><strong>fuisse</strong></span> <span class='ocrx_word' id='word_1_436' title='bbox 875 3134 1045 3188; x_wconf 83' lang='lat' dir='ltr'><strong>Apuleio</strong></span> <span class='ocrx_word' id='word_1_437' title='bbox 1076 3136 1112 3174; x_wconf 90' lang='lat' dir='ltr'><strong>in</strong></span> 
     </span>
    </p>
   </div>
   <div class='ocr_carea' id='block_1_12' title="bbox 1176 868 2062 3176">
    <p class='ocr_par' dir='ltr' id='par_1_12' title="bbox 1176 868 2062 3176">
     <span class='ocr_line' id='line_1_57' title="bbox 1184 868 2056 919; baseline 0 -13"><span class='ocrx_word' id='word_1_438' title='bbox 1184 881 1224 906; x_wconf 83' lang='lat' dir='ltr'><strong>re</strong></span> <span class='ocrx_word' id='word_1_439' title='bbox 1245 868 1399 918; x_wconf 79' lang='lat' dir='ltr'><strong>capitali</strong></span> <span class='ocrx_word' id='word_1_440' title='bbox 1419 871 1582 919; x_wconf 81' lang='lat' dir='ltr'><strong>partem.</strong></span> <span class='ocrx_word' id='word_1_441' title='bbox 1597 868 1686 906; x_wconf 89' lang='lat' dir='ltr'><strong>inde</strong></span> <span class='ocrx_word' id='word_1_442' title='bbox 1700 869 1739 906; x_wconf 85' lang='lat' dir='ltr'><strong>fit</strong></span> <span class='ocrx_word' id='word_1_443' title='bbox 1753 872 2056 907; x_wconf 88' lang='lat' dir='ltr'><strong>consentaneum</strong></span> 
     </span>
     <span class='ocr_line' id='line_1_58' title="bbox 1184 924 2056 975; baseline 0.003 -13"><span class='ocrx_word' id='word_1_444' title='bbox 1184 924 1288 975; x_wconf 86' lang='lat' dir='ltr'><strong>quod</strong></span> <span class='ocrx_word' id='word_1_445' title='bbox 1319 938 1392 962; x_wconf 87' lang='lat' dir='ltr'><strong>sua</strong></span> <span class='ocrx_word' id='word_1_446' title='bbox 1423 937 1526 975; x_wconf 85' lang='lat' dir='ltr'><strong>aqua</strong></span> <span class='ocrx_word' id='word_1_447' title='bbox 1550 929 1591 962; x_wconf 89' lang='lat' dir='ltr'><strong>ut.</strong></span> <span class='ocrx_word' id='word_1_448' title='bbox 1616 928 1769 964; x_wconf 83' lang='lat' dir='ltr'><strong>utantur</strong></span> <span class='ocrx_word' id='word_1_449' title='bbox 1793 928 2056 966; x_wconf 80' lang='lat' dir='ltr'><strong>accusatores.</strong></span> 
     </span>
     <span class='ocr_line' id='line_1_59' title="bbox 1184 980 2057 1031; baseline 0.002 -14"><span class='ocrx_word' id='word_1_450' title='bbox 1184 982 1218 1019; x_wconf 79' lang='lat' dir='ltr'><strong>si</strong></span> <span class='ocrx_word' id='word_1_451' title='bbox 1249 985 1406 1031; x_wconf 84' lang='lat' dir='ltr'><strong>tempus</strong></span> <span class='ocrx_word' id='word_1_452' title='bbox 1439 995 1512 1019; x_wconf 84' lang='lat' dir='ltr'><strong>non</strong></span> <span class='ocrx_word' id='word_1_453' title='bbox 1539 980 1721 1027; x_wconf 78' lang='lat' dir='ltr'><strong>sufficiat,</strong></span> <span class='ocrx_word' id='word_1_454' title='bbox 1753 981 1896 1019; x_wconf 82' lang='lat' dir='ltr'><strong>acerbe</strong></span> <span class='ocrx_word' id='word_1_455' title='bbox 1920 981 2057 1020; x_wconf 84' lang='lat' dir='ltr'><strong>adhor-</strong></span> 
     </span>
     <span class='ocr_line' id='line_1_60' title="bbox 1182 1038 2057 1089; baseline 0.001 -14"><span class='ocrx_word' id='word_1_456' title='bbox 1182 1042 1282 1076; x_wconf 86' lang='lat' dir='ltr'><strong>tatur</strong></span> <span class='ocrx_word' id='word_1_457' title='bbox 1307 1038 1425 1089; x_wconf 82' lang='lat' dir='ltr'><strong>Apol.</strong></span> <span class='ocrx_word' id='word_1_458' title='bbox 1450 1051 1488 1089; x_wconf 84' lang='lat' dir='ltr'><strong>p.</strong></span> <span class='ocrx_word' id='word_1_459' title='bbox 1511 1042 1605 1078; x_wconf 88' lang='lat'><strong>503.</strong></span> <span class='ocrx_word' id='word_1_460' title='bbox 1667 1039 1821 1089; x_wconf 82' lang='lat' dir='ltr'><strong>Aquam</strong></span> <span class='ocrx_word' id='word_1_461' title='bbox 1846 1039 1969 1076; x_wconf 85' lang='lat' dir='ltr'><strong>metiri</strong></span> <span class='ocrx_word' id='word_1_462' title='bbox 1992 1039 2057 1076; x_wconf 89' lang='lat' dir='ltr'><strong>mi-</strong></span> 
     </span>
     <span class='ocr_line' id='line_1_61' title="bbox 1185 1094 2058 1146; baseline 0.001 -15"><span class='ocrx_word' id='word_1_463' title='bbox 1185 1094 1292 1132; x_wconf 82' lang='lat' dir='ltr'><strong>nistri</strong></span> <span class='ocrx_word' id='word_1_464' title='bbox 1325 1094 1526 1132; x_wconf 84' lang='lat' dir='ltr'><strong>cuiusdam</strong></span> <span class='ocrx_word' id='word_1_465' title='bbox 1558 1098 1656 1141; x_wconf 85' lang='lat' dir='ltr'><strong>erat,</strong></span> <span class='ocrx_word' id='word_1_466' title='bbox 1689 1095 1751 1145; x_wconf 89' lang='lat' dir='ltr'><strong>qui</strong></span> <span class='ocrx_word' id='word_1_467' title='bbox 1777 1095 1894 1132; x_wconf 87' lang='lat' dir='ltr'><strong>etiam</strong></span> <span class='ocrx_word' id='word_1_468' title='bbox 1918 1107 2058 1146; x_wconf 85' lang='lat' dir='ltr'><strong>aquam</strong></span> 
     </span>
     <span class='ocr_line' id='line_1_62' title="bbox 1185 1146 2058 1204; baseline 0 -16"><span class='ocrx_word' id='word_1_469' title='bbox 1185 1152 1406 1189; x_wconf 81' lang='lat' dir='ltr'><strong>sustinebat</strong></span> <span class='ocrx_word' id='word_1_470' title='bbox 1430 1152 1618 1203; x_wconf 76' lang='grc' dir='ltr'><em>ἐπιλαβεῖν</em></span> <span class='ocrx_word' id='word_1_471' title='bbox 1640 1148 1684 1190; x_wconf 83' lang='grc' dir='ltr'><strong>τὸ</strong></span> <span class='ocrx_word' id='word_1_472' title='bbox 1709 1146 1829 1204; x_wconf 59' lang='grc' dir='ltr'><em>«ὕδωρ,</em></span> <span class='ocrx_word' id='word_1_473' title='bbox 1862 1165 1979 1202; x_wconf 89' lang='lat' dir='ltr'><strong>quum</strong></span> <span class='ocrx_word' id='word_1_474' title='bbox 2004 1155 2058 1189; x_wconf 90' lang='lat' dir='ltr'><strong>te-</strong></span> 
     </span>
     <span class='ocr_line' id='line_1_63' title="bbox 1185 1208 2059 1253; baseline 0.001 -8"><span class='ocrx_word' id='word_1_475' title='bbox 1185 1208 1384 1253; x_wconf 86' lang='lat' dir='ltr'><strong>stimonia,</strong></span> <span class='ocrx_word' id='word_1_476' title='bbox 1416 1208 1543 1246; x_wconf 66' lang='lat' dir='ltr'><strong>aliave</strong></span> <span class='ocrx_word' id='word_1_477' title='bbox 1575 1208 1808 1246; x_wconf 83' lang='lat' dir='ltr'><strong>documenta</strong></span> <span class='ocrx_word' id='word_1_478' title='bbox 1833 1211 1942 1246; x_wconf 89' lang='lat' dir='ltr'><strong>erant</strong></span> <span class='ocrx_word' id='word_1_479' title='bbox 1965 1208 2059 1246; x_wconf 87' lang='lat' dir='ltr'><strong>reci-</strong></span> 
     </span>
     <span class='ocr_line' id='line_1_64' title="bbox 1183 1264 2060 1316; baseline 0.003 -14"><span class='ocrx_word' id='word_1_480' title='bbox 1183 1264 1319 1307; x_wconf 79' lang='lat' dir='ltr'><strong>tanda:</strong></span> <span class='ocrx_word' id='word_1_481' title='bbox 1352 1264 1398 1303; x_wconf 82' lang='lat' dir='ltr'><strong>cs.</strong></span> <span class='ocrx_word' id='word_1_482' title='bbox 1414 1264 1550 1304; x_wconf 67' lang='lat' dir='ltr'><strong>Meter.</strong></span> <span class='ocrx_word' id='word_1_483' title='bbox 1578 1269 1617 1302; x_wconf 90' lang='lat' dir='ltr'><strong>et</strong></span> <span class='ocrx_word' id='word_1_484' title='bbox 1631 1264 1788 1303; x_wconf 74' lang='lat' dir='ltr'><strong>Schiim.</strong></span> <span class='ocrx_word' id='word_1_485' title='bbox 1818 1264 1839 1303; x_wconf 95' lang='lat' dir='ltr'><strong>l.</strong></span> <span class='ocrx_word' id='word_1_486' title='bbox 1855 1278 1887 1303; x_wconf 77' lang='lat' dir='ltr'><strong>c,</strong></span> <span class='ocrx_word' id='word_1_487' title='bbox 1912 1278 1950 1316; x_wconf 86' lang='lat' dir='ltr'><strong>p.</strong></span> <span class='ocrx_word' id='word_1_488' title='bbox 1966 1269 2060 1305; x_wconf 87' lang='lat'><strong>717.</strong></span> 
     </span>
     <span class='ocr_line' id='line_1_65' title="bbox 1183 1321 2001 1373; baseline 0.005 -15"><span class='ocrx_word' id='word_1_489' title='bbox 1183 1326 1259 1358; x_wconf 87' lang='lat' dir='ltr'><strong>not.</strong></span> <span class='ocrx_word' id='word_1_490' title='bbox 1282 1325 1346 1362; x_wconf 82' lang='grc'><strong>42.</strong></span> <span class='ocrx_word' id='word_1_491' title='bbox 1372 1321 1491 1373; x_wconf 82' lang='lat' dir='ltr'><strong>Apul.</strong></span> <span class='ocrx_word' id='word_1_492' title='bbox 1518 1321 1638 1372; x_wconf 76' lang='lat' dir='ltr'><strong>Apol.</strong></span> <span class='ocrx_word' id='word_1_493' title='bbox 1666 1335 1702 1371; x_wconf 89' lang='lat' dir='ltr'><strong>p.</strong></span> <span class='ocrx_word' id='word_1_494' title='bbox 1717 1324 1812 1362; x_wconf 77' lang='lat'><strong>479.</strong></span> <span class='ocrx_word' id='word_1_495' title='bbox 1838 1335 1874 1372; x_wconf 86' lang='lat' dir='ltr'><strong>p.</strong></span> <span class='ocrx_word' id='word_1_496' title='bbox 1890 1321 2001 1373; x_wconf 65' lang='lat'>588]</span> 
     </span>
     <span class='ocr_line' id='line_1_66' title="bbox 1238 1376 2058 1430; baseline 0 -16"><span class='ocrx_word' id='word_1_497' title='bbox 1238 1379 1279 1415; x_wconf 77' lang='lat' dir='ltr'><strong>in</strong></span> <span class='ocrx_word' id='word_1_498' title='bbox 1296 1380 1416 1417; x_wconf 70' lang='lat' dir='ltr'><strong>vicem</strong></span> <span class='ocrx_word' id='word_1_499' title='bbox 1433 1378 1516 1417; x_wconf 68' lang='lat' dir='ltr'><strong>coli</strong></span> <span class='ocrx_word' id='word_1_500' title='bbox 1528 1378 1746 1430; x_wconf 71' lang='lat' dir='ltr'><strong>qracilt&#39;ter</strong></span> <span class='ocrx_word' id='word_1_501' title='bbox 1757 1378 1960 1430; x_wconf 56' lang='lat' dir='ltr'><strong>fistulatQ</strong></span> <span class='ocrx_word' id='word_1_502' title='bbox 1993 1376 2058 1429; x_wconf 84' lang='lat' dir='ltr'><strong>[cf.</strong></span> 
     </span>
     <span class='ocr_line' id='line_1_67' title="bbox 1182 1433 2058 1485; baseline -0.001 -13"><span class='ocrx_word' id='word_1_503' title='bbox 1182 1434 1320 1473; x_wconf 85' lang='lat' dir='ltr'><strong>Heius.</strong></span> <span class='ocrx_word' id='word_1_504' title='bbox 1347 1435 1396 1473; x_wconf 87' lang='lat' dir='ltr'><strong>ad</strong></span> <span class='ocrx_word' id='word_1_505' title='bbox 1422 1434 1536 1472; x_wconf 72' lang='lat' dir='ltr'><strong>Ovid.</strong></span> <span class='ocrx_word' id='word_1_506' title='bbox 1564 1434 1660 1473; x_wconf 81' lang='lat' dir='ltr'><strong>Met.</strong></span> <span class='ocrx_word' id='word_1_507' title='bbox 1686 1433 1883 1474; x_wconf 79' lang='lat' dir='ltr'><strong>X11.438.</strong></span> <span class='ocrx_word' id='word_1_508' title='bbox 1910 1434 2058 1485; x_wconf 86' lang='lat' dir='ltr'><strong>Spanh.</strong></span> 
     </span>
     <span class='ocr_line' id='line_1_68' title="bbox 1183 1490 2058 1542; baseline 0 -14"><span class='ocrx_word' id='word_1_509' title='bbox 1183 1491 1242 1529; x_wconf 91' lang='lat' dir='ltr'><strong>les</strong></span> <span class='ocrx_word' id='word_1_510' title='bbox 1263 1491 1405 1530; x_wconf 60' lang='lat' dir='ltr'><strong>(fes-ars</strong></span> <span class='ocrx_word' id='word_1_511' title='bbox 1430 1491 1481 1529; x_wconf 81' lang='lat' dir='ltr'><strong>(le</strong></span> <span class='ocrx_word' id='word_1_512' title='bbox 1508 1490 1578 1530; x_wconf 87' lang='lat' dir='ltr'><strong>lul.</strong></span> <span class='ocrx_word' id='word_1_513' title='bbox 1598 1505 1636 1541; x_wconf 91' lang='lat' dir='ltr'><strong>p.</strong></span> <span class='ocrx_word' id='word_1_514' title='bbox 1658 1495 1750 1531; x_wconf 91' lang='lat'><strong>136.</strong></span> <span class='ocrx_word' id='word_1_515' title='bbox 1770 1490 1913 1529; x_wconf 79' lang='lat' dir='ltr'><strong>l&#39;reuv.</strong></span> <span class='ocrx_word' id='word_1_516' title='bbox 1934 1504 1972 1542; x_wconf 88' lang='lat' dir='ltr'><strong>p.</strong></span> <span class='ocrx_word' id='word_1_517' title='bbox 1993 1494 2058 1531; x_wconf 85' lang='grc'><strong>64.</strong></span> 
     </span>
     <span class='ocr_line' id='line_1_69' title="bbox 1182 1546 2062 1598; baseline -0.001 -13"><span class='ocrx_word' id='word_1_518' title='bbox 1182 1547 1315 1585; x_wconf 89' lang='lat' dir='ltr'><strong>Schol.</strong></span> <span class='ocrx_word' id='word_1_519' title='bbox 1343 1548 1547 1598; x_wconf 66' lang='lat' dir='ltr'><strong>Aris-toph.</strong></span> <span class='ocrx_word' id='word_1_520' title='bbox 1576 1549 1612 1585; x_wconf 91' lang='lat' dir='ltr'><strong>in</strong></span> <span class='ocrx_word' id='word_1_521' title='bbox 1638 1548 1764 1598; x_wconf 72' lang='lat' dir='ltr'><strong>Vesp.</strong></span> <span class='ocrx_word' id='word_1_522' title='bbox 1790 1546 1854 1585; x_wconf 90' lang='lat' dir='ltr'><strong>sol.</strong></span> <span class='ocrx_word' id='word_1_523' title='bbox 1881 1552 1975 1588; x_wconf 87' lang='grc'><strong>437.</strong></span> <span class='ocrx_word' id='word_1_524' title='bbox 2009 1548 2062 1585; x_wconf 86' lang='lat' dir='ltr'><strong>ita</strong></span> 
     </span>
     <span class='ocr_line' id='line_1_70' title="bbox 1180 1600 2061 1658; baseline 0.001 -17"><span class='ocrx_word' id='word_1_525' title='bbox 1180 1604 1366 1642; x_wconf 87' lang='lat' dir='ltr'><strong>describit</strong></span> <span class='ocrx_word' id='word_1_526' title='bbox 1391 1603 1658 1658; x_wconf 58' lang='lat' dir='ltr'><strong>clepsyglram:</strong></span> <span class='ocrx_word' id='word_1_527' title='bbox 1690 1600 1890 1655; x_wconf 70' lang='grc' dir='ltr'><strong>κλεψύδρα</strong></span> <span class='ocrx_word' id='word_1_528' title='bbox 1915 1602 2061 1655; x_wconf 78' lang='grc' dir='ltr'><em>ἀγγεῖον</em></span> 
     </span>
     <span class='ocr_line' id='line_1_71' title="bbox 1179 1657 2060 1713; baseline 0 -14"><span class='ocrx_word' id='word_1_529' title='bbox 1179 1663 1416 1712; x_wconf 42' lang='grc' dir='ltr'><strong>’τετρημένοις</strong></span> <span class='ocrx_word' id='word_1_530' title='bbox 1449 1665 1486 1700; x_wconf 72' lang='grc' dir='ltr'><strong>ἐν</strong></span> <span class='ocrx_word' id='word_1_531' title='bbox 1517 1659 1546 1709; x_wconf 75' lang='grc' dir='ltr'>ᾠ</span> <span class='ocrx_word' id='word_1_532' title='bbox 1578 1657 1680 1712; x_wconf 71' lang='grc' dir='ltr'><strong>ὕδωρ</strong></span> <span class='ocrx_word' id='word_1_533' title='bbox 1705 1659 1865 1713; x_wconf 63' lang='grc' dir='ltr'><strong>ἔβαλλον</strong></span> <span class='ocrx_word' id='word_1_534' title='bbox 1889 1663 1953 1700; x_wconf 81' lang='grc' dir='ltr'><strong>καὶ</strong></span> <span class='ocrx_word' id='word_1_535' title='bbox 1977 1659 2060 1699; x_wconf 80' lang='grc' dir='ltr'><em>εἶ’ων</em></span> 
     </span>
     <span class='ocr_line' id='line_1_72' title="bbox 1182 1715 1673 1770; baseline 0.004 -15"><span class='ocrx_word' id='word_1_536' title='bbox 1182 1720 1256 1768; x_wconf 72' lang='grc' dir='ltr'><strong>ῥεῖν</strong></span> <span class='ocrx_word' id='word_1_537' title='bbox 1281 1715 1363 1770; x_wconf 72' lang='grc' dir='ltr'><strong>ἀχρὶ</strong></span> <span class='ocrx_word' id='word_1_538' title='bbox 1389 1722 1453 1769; x_wconf 76' lang='grc' dir='ltr'><strong>τῆς</strong></span> <span class='ocrx_word' id='word_1_539' title='bbox 1478 1715 1585 1768; x_wconf 73' lang='grc' dir='ltr'><strong>ὀπῆς.</strong></span> <span class='ocrx_word' id='word_1_540' title='bbox 1612 1749 1620 1756; x_wconf 90' lang='grc'><strong>.</strong></span> <span class='ocrx_word' id='word_1_541' title='bbox 1648 1718 1673 1770; x_wconf 90' lang='grc'><strong>.]</strong></span> 
     </span>
     <span class='ocr_line' id='line_1_73' title="bbox 1240 1774 2062 1827; baseline 0.001 -15"><span class='ocrx_word' id='word_1_542' title='bbox 1240 1774 1391 1827; x_wconf 77' lang='lat' dir='ltr'><strong>defluo.</strong></span> <span class='ocrx_word' id='word_1_543' title='bbox 1450 1774 1509 1813; x_wconf 84' lang='lat' dir='ltr'><strong>Ita</strong></span> <span class='ocrx_word' id='word_1_544' title='bbox 1527 1778 1634 1812; x_wconf 86' lang='lat' dir='ltr'><strong>recte</strong></span> <span class='ocrx_word' id='word_1_545' title='bbox 1653 1775 1786 1813; x_wconf 81' lang='lat' dir='ltr'><strong>scribit</strong></span> <span class='ocrx_word' id='word_1_546' title='bbox 1805 1774 1909 1813; x_wconf 77' lang='lat' dir='ltr'><strong>oud.</strong></span> <span class='ocrx_word' id='word_1_547' title='bbox 1930 1778 2062 1813; x_wconf 86' lang='lat' dir='ltr'><strong>contra</strong></span> 
     </span>
     <span class='ocr_line' id='line_1_74' title="bbox 1184 1830 2060 1884; baseline 0.001 -16"><span class='ocrx_word' id='word_1_548' title='bbox 1184 1830 1311 1869; x_wconf 53' lang='lat' dir='ltr'><strong>Nvow.</strong></span> <span class='ocrx_word' id='word_1_549' title='bbox 1339 1835 1377 1868; x_wconf 87' lang='lat' dir='ltr'><strong>et</strong></span> <span class='ocrx_word' id='word_1_550' title='bbox 1403 1831 1539 1877; x_wconf 64' lang='lat' dir='ltr'><strong>Sci-iv„</strong></span> <span class='ocrx_word' id='word_1_551' title='bbox 1573 1832 1637 1882; x_wconf 88' lang='lat' dir='ltr'><strong>qui</strong></span> <span class='ocrx_word' id='word_1_552' title='bbox 1670 1832 1809 1884; x_wconf 78' lang='lat' dir='ltr'><strong>deflua</strong></span> <span class='ocrx_word' id='word_1_553' title='bbox 1840 1831 2060 1877; x_wconf 85' lang='lat' dir='ltr'><strong>emendant,</strong></span> 
     </span>
     <span class='ocr_line' id='line_1_75' title="bbox 1183 1887 2060 1939; baseline 0.001 -14"><span class='ocrx_word' id='word_1_554' title='bbox 1183 1889 1272 1937; x_wconf 83' lang='lat' dir='ltr'><strong>quia</strong></span> <span class='ocrx_word' id='word_1_555' title='bbox 1309 1901 1378 1925; x_wconf 82' lang='lat' dir='ltr'><strong>vas</strong></span> <span class='ocrx_word' id='word_1_556' title='bbox 1417 1902 1490 1927; x_wconf 86' lang='lat' dir='ltr'><strong>non</strong></span> <span class='ocrx_word' id='word_1_557' title='bbox 1523 1887 1668 1926; x_wconf 82' lang='lat' dir='ltr'><strong>‹letluat</strong></span> <span class='ocrx_word' id='word_1_558' title='bbox 1697 1888 1772 1925; x_wconf 87' lang='lat' dir='ltr'><strong>sed</strong></span> <span class='ocrx_word' id='word_1_559' title='bbox 1803 1901 1915 1939; x_wconf 87' lang='lat' dir='ltr'><strong>aqua.</strong></span> <span class='ocrx_word' id='word_1_560' title='bbox 1977 1888 2060 1926; x_wconf 88' lang='lat' dir='ltr'><strong>Sed</strong></span> 
     </span>
     <span class='ocr_line' id='line_1_76' title="bbox 1184 1944 2059 1998; baseline 0.002 -17"><span class='ocrx_word' id='word_1_561' title='bbox 1184 1945 1344 1995; x_wconf 76' lang='lat' dir='ltr'><strong>passive</strong></span> <span class='ocrx_word' id='word_1_562' title='bbox 1375 1944 1437 1983; x_wconf 91' lang='lat' dir='ltr'><strong>hic</strong></span> <span class='ocrx_word' id='word_1_563' title='bbox 1468 1945 1603 1983; x_wconf 86' lang='lat' dir='ltr'><strong>dicitur</strong></span> <span class='ocrx_word' id='word_1_564' title='bbox 1636 1944 1840 1991; x_wconf 67' lang='lat' dir='ltr'><strong>vasculum</strong></span> <span class='ocrx_word' id='word_1_565' title='bbox 1871 1945 2059 1998; x_wconf 75' lang='lat' dir='ltr'><strong>defluum,</strong></span> 
     </span>
     <span class='ocr_line' id='line_1_77' title="bbox 1183 2000 2060 2054; baseline 0.001 -17"><span class='ocrx_word' id='word_1_566' title='bbox 1183 2015 1254 2052; x_wconf 87' lang='lat' dir='ltr'><strong>per</strong></span> <span class='ocrx_word' id='word_1_567' title='bbox 1285 2001 1389 2052; x_wconf 86' lang='lat' dir='ltr'><strong>quod</strong></span> <span class='ocrx_word' id='word_1_568' title='bbox 1421 2015 1524 2052; x_wconf 83' lang='lat' dir='ltr'><strong>aqua</strong></span> <span class='ocrx_word' id='word_1_569' title='bbox 1553 2000 1643 2040; x_wconf 80' lang='lat' dir='ltr'><strong>fluit.</strong></span> <span class='ocrx_word' id='word_1_570' title='bbox 1706 2001 1773 2039; x_wconf 79' lang='lat' dir='ltr'><strong>Sic</strong></span> <span class='ocrx_word' id='word_1_571' title='bbox 1799 2002 2060 2054; x_wconf 71' lang='lat' dir='ltr'><strong>cii-cumfluus</strong></span> 
     </span>
     <span class='ocr_line' id='line_1_78' title="bbox 1183 2057 2059 2109; baseline 0.002 -15"><span class='ocrx_word' id='word_1_572' title='bbox 1183 2072 1251 2109; x_wconf 87' lang='lat' dir='ltr'><strong>pro</strong></span> <span class='ocrx_word' id='word_1_573' title='bbox 1279 2072 1326 2097; x_wconf 90' lang='lat' dir='ltr'><strong>eo</strong></span> <span class='ocrx_word' id='word_1_574' title='bbox 1353 2059 1414 2108; x_wconf 91' lang='lat' dir='ltr'><strong>qui</strong></span> <span class='ocrx_word' id='word_1_575' title='bbox 1443 2058 1721 2097; x_wconf 82' lang='lat' dir='ltr'><strong>circumfluitur.</strong></span> <span class='ocrx_word' id='word_1_576' title='bbox 1771 2057 1835 2109; x_wconf 84' lang='lat' dir='ltr'><strong>[cf.</strong></span> <span class='ocrx_word' id='word_1_577' title='bbox 1861 2057 1983 2096; x_wconf 85' lang='lat' dir='ltr'><strong>Bach.</strong></span> <span class='ocrx_word' id='word_1_578' title='bbox 2008 2058 2059 2096; x_wconf 85' lang='lat' dir='ltr'><strong>ad</strong></span> 
     </span>
     <span class='ocr_line' id='line_1_79' title="bbox 1183 2113 2058 2155; baseline 0.003 -4"><span class='ocrx_word' id='word_1_579' title='bbox 1183 2113 1299 2153; x_wconf 80' lang='lat' dir='ltr'><strong>Ovid.</strong></span> <span class='ocrx_word' id='word_1_580' title='bbox 1319 2113 1418 2154; x_wconf 83' lang='lat' dir='ltr'><strong>Met.</strong></span> <span class='ocrx_word' id='word_1_581' title='bbox 1431 2114 1524 2153; x_wconf 78' lang='lat' dir='ltr'><strong>XV.</strong></span> <span class='ocrx_word' id='word_1_582' title='bbox 1541 2118 1633 2155; x_wconf 82' lang='lat'><strong>624.</strong></span> <span class='ocrx_word' id='word_1_583' title='bbox 1657 2114 1752 2153; x_wconf 84' lang='lat' dir='ltr'><strong>Tac.</strong></span> <span class='ocrx_word' id='word_1_584' title='bbox 1766 2113 1870 2153; x_wconf 89' lang='lat' dir='ltr'><strong>Anu.</strong></span> <span class='ocrx_word' id='word_1_585' title='bbox 1883 2113 1951 2151; x_wconf 84' lang='lat' dir='ltr'><strong>Vl.</strong></span> <span class='ocrx_word' id='word_1_586' title='bbox 1967 2113 2058 2154; x_wconf 67' lang='lat' dir='ltr'><strong>val.</strong></span> 
     </span>
     <span class='ocr_line' id='line_1_80' title="bbox 1182 2169 2059 2222; baseline 0.001 -13"><span class='ocrx_word' id='word_1_587' title='bbox 1182 2171 1314 2211; x_wconf 84' lang='lat' dir='ltr'><strong>Flacc.</strong></span> <span class='ocrx_word' id='word_1_588' title='bbox 1335 2172 1384 2210; x_wconf 77' lang='lat' dir='ltr'><strong>V.</strong></span> <span class='ocrx_word' id='word_1_589' title='bbox 1400 2176 1494 2212; x_wconf 90' lang='grc'><strong>443.</strong></span> <span class='ocrx_word' id='word_1_590' title='bbox 1516 2170 1717 2210; x_wconf 74' lang='lat' dir='ltr'><strong>claudian.</strong></span> <span class='ocrx_word' id='word_1_591' title='bbox 1739 2170 1851 2222; x_wconf 78' lang='lat' dir='ltr'><strong>ldyli.</strong></span> <span class='ocrx_word' id='word_1_592' title='bbox 1866 2169 2059 2210; x_wconf 68' lang='lat' dir='ltr'><strong>PhoenJ.</strong></span> 
     </span>
     <span class='ocr_line' id='line_1_81' title="bbox 1182 2226 2060 2279; baseline 0.003 -13"><span class='ocrx_word' id='word_1_593' title='bbox 1182 2229 1305 2267; x_wconf 82' lang='lat' dir='ltr'><strong>eiusd.</strong></span> <span class='ocrx_word' id='word_1_594' title='bbox 1339 2230 1374 2266; x_wconf 90' lang='lat' dir='ltr'><strong>in</strong></span> <span class='ocrx_word' id='word_1_595' title='bbox 1406 2227 1521 2268; x_wconf 87' lang='lat' dir='ltr'><strong>Prob.</strong></span> <span class='ocrx_word' id='word_1_596' title='bbox 1554 2232 1595 2266; x_wconf 82' lang='lat' dir='ltr'><strong>et</strong></span> <span class='ocrx_word' id='word_1_597' title='bbox 1624 2227 1762 2279; x_wconf 75' lang='lat' dir='ltr'><strong>Olybr.</strong></span> <span class='ocrx_word' id='word_1_598' title='bbox 1797 2227 1912 2266; x_wconf 88' lang='lat' dir='ltr'><strong>Cons.</strong></span> <span class='ocrx_word' id='word_1_599' title='bbox 1938 2226 1967 2266; x_wconf 90' lang='grc' dir='ltr'><strong>Ι.</strong></span> <span class='ocrx_word' id='word_1_600' title='bbox 1993 2232 2060 2268; x_wconf 77' lang='grc'><strong>40.</strong></span> 
     </span>
     <span class='ocr_line' id='line_1_82' title="bbox 1180 2284 2059 2336; baseline 0.001 -13"><span class='ocrx_word' id='word_1_601' title='bbox 1180 2285 1229 2323; x_wconf 82' lang='lat' dir='ltr'><strong>(le</strong></span> <span class='ocrx_word' id='word_1_602' title='bbox 1243 2285 1310 2325; x_wconf 65' lang='lat' dir='ltr'><strong>IV.</strong></span> <span class='ocrx_word' id='word_1_603' title='bbox 1333 2285 1489 2323; x_wconf 79' lang='lat' dir='ltr'><strong>Consul.</strong></span> <span class='ocrx_word' id='word_1_604' title='bbox 1505 2284 1652 2324; x_wconf 86' lang='lat' dir='ltr'><strong>Houor.</strong></span> <span class='ocrx_word' id='word_1_605' title='bbox 1671 2288 1759 2325; x_wconf 79' lang='lat'><strong>139.</strong></span> <span class='ocrx_word' id='word_1_606' title='bbox 1775 2285 1825 2323; x_wconf 83' lang='lat' dir='ltr'><strong>de</strong></span> <span class='ocrx_word' id='word_1_607' title='bbox 1840 2287 1945 2336; x_wconf 83' lang='lat' dir='ltr'><strong>nupt.</strong></span> <span class='ocrx_word' id='word_1_608' title='bbox 1959 2284 2059 2324; x_wconf 92' lang='lat' dir='ltr'><strong>Hon.</strong></span> 
     </span>
     <span class='ocr_line' id='line_1_83' title="bbox 1181 2339 2058 2394; baseline 0.001 -15"><span class='ocrx_word' id='word_1_609' title='bbox 1181 2346 1219 2379; x_wconf 89' lang='lat' dir='ltr'><strong>et.</strong></span> <span class='ocrx_word' id='word_1_610' title='bbox 1244 2342 1361 2381; x_wconf 79' lang='lat' dir='ltr'><strong>Mart.</strong></span> <span class='ocrx_word' id='word_1_611' title='bbox 1388 2346 1480 2383; x_wconf 86' lang='lat'><strong>223.</strong></span> <span class='ocrx_word' id='word_1_612' title='bbox 1508 2342 1558 2380; x_wconf 74' lang='lat' dir='ltr'><strong>(le</strong></span> <span class='ocrx_word' id='word_1_613' title='bbox 1583 2341 1702 2394; x_wconf 86' lang='lat' dir='ltr'><strong>Rapt.</strong></span> <span class='ocrx_word' id='word_1_614' title='bbox 1728 2340 1916 2392; x_wconf 84' lang='lat' dir='ltr'><strong>Proserp.</strong></span> <span class='ocrx_word' id='word_1_615' title='bbox 1930 2339 1978 2380; x_wconf 84' lang='lat' dir='ltr'><strong>Il.</strong></span> <span class='ocrx_word' id='word_1_616' title='bbox 1992 2345 2058 2382; x_wconf 83' lang='lat'><strong>35.</strong></span> 
     </span>
     <span class='ocr_line' id='line_1_84' title="bbox 1180 2397 2058 2451; baseline 0 -15"><span class='ocrx_word' id='word_1_617' title='bbox 1180 2399 1226 2437; x_wconf 73' lang='lat' dir='ltr'><strong>ct&#39;.</strong></span> <span class='ocrx_word' id='word_1_618' title='bbox 1248 2398 1366 2449; x_wconf 83' lang='lat' dir='ltr'><strong>Apul.</strong></span> <span class='ocrx_word' id='word_1_619' title='bbox 1381 2398 1477 2437; x_wconf 87' lang='lat' dir='ltr'><strong>Met.</strong></span> <span class='ocrx_word' id='word_1_620' title='bbox 1494 2398 1561 2437; x_wconf 78' lang='lat' dir='ltr'><strong>lv.</strong></span> <span class='ocrx_word' id='word_1_621' title='bbox 1575 2412 1611 2449; x_wconf 86' lang='lat' dir='ltr'><strong>p.</strong></span> <span class='ocrx_word' id='word_1_622' title='bbox 1626 2402 1721 2438; x_wconf 88' lang='lat'><strong>307.</strong></span> <span class='ocrx_word' id='word_1_623' title='bbox 1742 2400 1859 2451; x_wconf 73' lang='lat' dir='ltr'><strong>reflui</strong></span> <span class='ocrx_word' id='word_1_624' title='bbox 1880 2397 2058 2450; x_wconf 64' lang='lat' dir='ltr'><strong>littoris]</strong></span> 
     </span>
     <span class='ocr_line' id='line_1_85' title="bbox 1238 2453 2057 2507; baseline -0.004 -13"><span class='ocrx_word' id='word_1_625' title='bbox 1238 2470 1288 2495; x_wconf 79' lang='lat' dir='ltr'><strong>ac</strong></span> <span class='ocrx_word' id='word_1_626' title='bbox 1311 2457 1555 2507; x_wconf 72' lang='lat' dir='ltr'><strong>praecipue.</strong></span> <span class='ocrx_word' id='word_1_627' title='bbox 1607 2453 1686 2506; x_wconf 82' lang='lat' dir='ltr'><strong>[Ex</strong></span> <span class='ocrx_word' id='word_1_628' title='bbox 1712 2458 1805 2505; x_wconf 89' lang='lat' dir='ltr'><strong>optt.</strong></span> <span class='ocrx_word' id='word_1_629' title='bbox 1833 2454 1941 2492; x_wconf 85' lang='lat' dir='ltr'><strong>libris</strong></span> <span class='ocrx_word' id='word_1_630' title='bbox 1966 2453 2057 2492; x_wconf 84' lang='lat' dir='ltr'><strong>dedi</strong></span> 
     </span>
     <span class='ocr_line' id='line_1_86' title="bbox 1181 2510 2058 2563; baseline 0 -14"><span class='ocrx_word' id='word_1_631' title='bbox 1181 2512 1407 2563; x_wconf 87' lang='lat' dir='ltr'><strong>particulam</strong></span> <span class='ocrx_word' id='word_1_632' title='bbox 1433 2527 1501 2558; x_wconf 78' lang='lat' dir='ltr'><strong>ac,</strong></span> <span class='ocrx_word' id='word_1_633' title='bbox 1534 2524 1636 2561; x_wconf 83' lang='lat' dir='ltr'><strong>quae</strong></span> <span class='ocrx_word' id='word_1_634' title='bbox 1662 2510 1724 2548; x_wconf 92' lang='lat' dir='ltr'><strong>hic</strong></span> <span class='ocrx_word' id='word_1_635' title='bbox 1748 2511 1823 2549; x_wconf 77' lang='lat' dir='ltr'><strong>vim</strong></span> <span class='ocrx_word' id='word_1_636' title='bbox 1850 2511 1969 2549; x_wconf 84' lang='lat' dir='ltr'><strong>habet</strong></span> <span class='ocrx_word' id='word_1_637' title='bbox 1993 2510 2058 2549; x_wconf 90' lang='lat' dir='ltr'><strong>ad-</strong></span> 
     </span>
     <span class='ocr_line' id='line_1_87' title="bbox 1186 2566 2058 2616; baseline 0.001 -10"><span class='ocrx_word' id='word_1_638' title='bbox 1186 2569 1435 2616; x_wconf 71' lang='lat' dir='ltr'><strong>versativamg</strong></span> <span class='ocrx_word' id='word_1_639' title='bbox 1467 2567 1516 2608; x_wconf 88' lang='lat' dir='ltr'><strong>cf.</strong></span> <span class='ocrx_word' id='word_1_640' title='bbox 1535 2567 1664 2606; x_wconf 89' lang='lat' dir='ltr'><strong>Beier.</strong></span> <span class='ocrx_word' id='word_1_641' title='bbox 1691 2567 1740 2605; x_wconf 84' lang='lat' dir='ltr'><strong>ad</strong></span> <span class='ocrx_word' id='word_1_642' title='bbox 1760 2567 1836 2605; x_wconf 57' lang='lat' dir='ltr'><strong>(lic.</strong></span> <span class='ocrx_word' id='word_1_643' title='bbox 1858 2566 1936 2606; x_wconf 83' lang='lat' dir='ltr'><strong>Off.</strong></span> <span class='ocrx_word' id='word_1_644' title='bbox 1956 2566 2002 2606; x_wconf 85' lang='grc'><strong>11.</strong></span> <span class='ocrx_word' id='word_1_645' title='bbox 2021 2572 2058 2609; x_wconf 87' lang='grc'><strong>5.</strong></span> 
     </span>
     <span class='ocr_line' id='line_1_88' title="bbox 1182 2623 2057 2677; baseline 0.001 -15"><span class='ocrx_word' id='word_1_646' title='bbox 1182 2639 1219 2677; x_wconf 88' lang='lat' dir='ltr'><strong>p.</strong></span> <span class='ocrx_word' id='word_1_647' title='bbox 1235 2630 1300 2667; x_wconf 83' lang='lat'><strong>34.</strong></span> <span class='ocrx_word' id='word_1_648' title='bbox 1321 2626 1423 2664; x_wconf 86' lang='lat' dir='ltr'><strong>Oud.</strong></span> <span class='ocrx_word' id='word_1_649' title='bbox 1446 2625 1495 2664; x_wconf 86' lang='lat' dir='ltr'><strong>ad</strong></span> <span class='ocrx_word' id='word_1_650' title='bbox 1518 2624 1631 2663; x_wconf 81' lang='lat' dir='ltr'><strong>Caes.</strong></span> <span class='ocrx_word' id='word_1_651' title='bbox 1646 2624 1692 2662; x_wconf 85' lang='lat' dir='ltr'><strong>B.</strong></span> <span class='ocrx_word' id='word_1_652' title='bbox 1709 2623 1757 2662; x_wconf 87' lang='lat' dir='ltr'><strong>G.</strong></span> <span class='ocrx_word' id='word_1_653' title='bbox 1772 2623 1838 2661; x_wconf 71' lang='lat' dir='ltr'><strong>lv.</strong></span> <span class='ocrx_word' id='word_1_654' title='bbox 1855 2628 1918 2664; x_wconf 88' lang='lat'><strong>25.</strong></span> <span class='ocrx_word' id='word_1_655' title='bbox 1941 2638 2057 2675; x_wconf 85' lang='lat' dir='ltr'><strong>quos-</strong></span> 
     </span>
     <span class='ocr_line' id='line_1_89' title="bbox 1184 2679 2057 2734; baseline 0 -13"><span class='ocrx_word' id='word_1_656' title='bbox 1184 2696 1260 2734; x_wconf 93' lang='lat' dir='ltr'><strong>que</strong></span> <span class='ocrx_word' id='word_1_657' title='bbox 1274 2683 1408 2734; x_wconf 81' lang='lat' dir='ltr'><strong>plures</strong></span> <span class='ocrx_word' id='word_1_658' title='bbox 1421 2681 1534 2720; x_wconf 83' lang='lat' dir='ltr'><strong>affert</strong></span> <span class='ocrx_word' id='word_1_659' title='bbox 1546 2681 1673 2719; x_wconf 89' lang='lat' dir='ltr'><strong>Hand.</strong></span> <span class='ocrx_word' id='word_1_660' title='bbox 1690 2679 1860 2719; x_wconf 81' lang='lat' dir='ltr'><strong>Tursell.</strong></span> <span class='ocrx_word' id='word_1_661' title='bbox 1876 2680 1902 2720; x_wconf 89' lang='lat' dir='ltr'><strong>l.</strong></span> <span class='ocrx_word' id='word_1_662' title='bbox 1916 2695 1953 2732; x_wconf 89' lang='lat' dir='ltr'><strong>p.</strong></span> <span class='ocrx_word' id='word_1_663' title='bbox 1964 2684 2057 2721; x_wconf 83' lang='lat'><strong>487.</strong></span> 
     </span>
     <span class='ocr_line' id='line_1_90' title="bbox 1182 2738 2057 2790; baseline -0.002 -13"><span class='ocrx_word' id='word_1_664' title='bbox 1182 2753 1270 2790; x_wconf 86' lang='lat' dir='ltr'><strong>sqq.</strong></span> <span class='ocrx_word' id='word_1_665' title='bbox 1304 2740 1369 2790; x_wconf 91' lang='lat' dir='ltr'><strong>qui</strong></span> <span class='ocrx_word' id='word_1_666' title='bbox 1400 2744 1527 2778; x_wconf 78' lang='lat' dir='ltr'><strong>tamen</strong></span> <span class='ocrx_word' id='word_1_667' title='bbox 1560 2739 1596 2776; x_wconf 90' lang='lat' dir='ltr'><strong>in</strong></span> <span class='ocrx_word' id='word_1_668' title='bbox 1627 2751 1675 2775; x_wconf 91' lang='lat' dir='ltr'><strong>eo</strong></span> <span class='ocrx_word' id='word_1_669' title='bbox 1707 2750 1864 2776; x_wconf 80' lang='lat' dir='ltr'><strong>errasse</strong></span> <span class='ocrx_word' id='word_1_670' title='bbox 1893 2738 2057 2783; x_wconf 81' lang='lat' dir='ltr'><strong>videtur,</strong></span> 
     </span>
     <span class='ocr_line' id='line_1_91' title="bbox 1183 2794 2056 2847; baseline -0.002 -13"><span class='ocrx_word' id='word_1_671' title='bbox 1183 2796 1289 2847; x_wconf 91' lang='lat' dir='ltr'><strong>quod</strong></span> <span class='ocrx_word' id='word_1_672' title='bbox 1308 2809 1395 2834; x_wconf 86' lang='lat' dir='ltr'><strong>eam</strong></span> <span class='ocrx_word' id='word_1_673' title='bbox 1415 2796 1735 2845; x_wconf 81' lang='lat' dir='ltr'><strong>significationem</strong></span> <span class='ocrx_word' id='word_1_674' title='bbox 1756 2794 1971 2845; x_wconf 87' lang='lat' dir='ltr'><strong>particulae</strong></span> <span class='ocrx_word' id='word_1_675' title='bbox 1991 2794 2056 2833; x_wconf 80' lang='lat' dir='ltr'><strong>(le-</strong></span> 
     </span>
     <span class='ocr_line' id='line_1_92' title="bbox 1182 2852 2058 2903; baseline -0.002 -12"><span class='ocrx_word' id='word_1_676' title='bbox 1182 2857 1316 2903; x_wconf 81' lang='lat' dir='ltr'><strong>negat,</strong></span> <span class='ocrx_word' id='word_1_677' title='bbox 1347 2857 1410 2891; x_wconf 87' lang='lat' dir='ltr'><strong>sat</strong></span> <span class='ocrx_word' id='word_1_678' title='bbox 1433 2852 1551 2891; x_wconf 83' lang='lat' dir='ltr'><strong>firmis</strong></span> <span class='ocrx_word' id='word_1_679' title='bbox 1575 2852 1814 2902; x_wconf 78' lang='lat' dir='ltr'><strong>argumentis</strong></span> <span class='ocrx_word' id='word_1_680' title='bbox 1838 2864 1920 2890; x_wconf 90' lang='lat' dir='ltr'><strong>rem</strong></span> <span class='ocrx_word' id='word_1_681' title='bbox 1944 2864 2058 2890; x_wconf 85' lang='lat' dir='ltr'><strong>suam</strong></span> 
     </span>
     <span class='ocr_line' id='line_1_93' title="bbox 1180 2907 2060 2961; baseline 0 -14"><span class='ocrx_word' id='word_1_682' title='bbox 1180 2924 1253 2948; x_wconf 89' lang='lat' dir='ltr'><strong>non</strong></span> <span class='ocrx_word' id='word_1_683' title='bbox 1286 2910 1557 2961; x_wconf 87' lang='lat' dir='ltr'><strong>comprobans.</strong></span> <span class='ocrx_word' id='word_1_684' title='bbox 1619 2907 1748 2954; x_wconf 72' lang='lat' dir='ltr'><strong>Quid?</strong></span> <span class='ocrx_word' id='word_1_685' title='bbox 1784 2908 1817 2945; x_wconf 88' lang='lat' dir='ltr'><strong>si</strong></span> <span class='ocrx_word' id='word_1_686' title='bbox 1851 2922 1927 2960; x_wconf 82' lang='lat' dir='ltr'><strong>que</strong></span> <span class='ocrx_word' id='word_1_687' title='bbox 1957 2911 2060 2947; x_wconf 81' lang='lat' dir='ltr'><strong>etet</strong></span> 
     </span>
     <span class='ocr_line' id='line_1_94' title="bbox 1179 2964 2056 3017; baseline 0.001 -15"><span class='ocrx_word' id='word_1_688' title='bbox 1179 2967 1452 3017; x_wconf 83' lang='lat' dir='ltr'><strong>particularum</strong></span> <span class='ocrx_word' id='word_1_689' title='bbox 1484 2967 1587 3004; x_wconf 88' lang='lat' dir='ltr'><strong>notio</strong></span> <span class='ocrx_word' id='word_1_690' title='bbox 1612 2964 1847 3004; x_wconf 80' lang='lat' dir='ltr'><strong>adversandi</strong></span> <span class='ocrx_word' id='word_1_691' title='bbox 1868 2964 1973 3003; x_wconf 87' lang='lat' dir='ltr'><strong>nulla</strong></span> <span class='ocrx_word' id='word_1_692' title='bbox 1998 2978 2056 3003; x_wconf 87' lang='lat' dir='ltr'><strong>ra-</strong></span> 
     </span>
     <span class='ocr_line' id='line_1_95' title="bbox 1176 3020 2055 3074; baseline 0.001 -14"><span class='ocrx_word' id='word_1_693' title='bbox 1176 3023 1281 3061; x_wconf 89' lang='lat' dir='ltr'><strong>tione</strong></span> <span class='ocrx_word' id='word_1_694' title='bbox 1301 3024 1443 3074; x_wconf 86' lang='lat' dir='ltr'><strong>poterit</strong></span> <span class='ocrx_word' id='word_1_695' title='bbox 1464 3022 1615 3073; x_wconf 81' lang='lat' dir='ltr'><strong>negari,</strong></span> <span class='ocrx_word' id='word_1_696' title='bbox 1638 3022 1702 3072; x_wconf 88' lang='lat' dir='ltr'><strong>qui</strong></span> <span class='ocrx_word' id='word_1_697' title='bbox 1730 3020 1795 3059; x_wconf 79' lang='lat' dir='ltr'><strong>fiat</strong></span> <span class='ocrx_word' id='word_1_698' title='bbox 1818 3025 1858 3059; x_wconf 87' lang='lat' dir='ltr'><strong>ut</strong></span> <span class='ocrx_word' id='word_1_699' title='bbox 1877 3036 1928 3061; x_wconf 84' lang='lat' dir='ltr'><strong>ac</strong></span> <span class='ocrx_word' id='word_1_700' title='bbox 1946 3035 1978 3060; x_wconf 89' lang='lat' dir='ltr'><strong>s.</strong></span> <span class='ocrx_word' id='word_1_701' title='bbox 1997 3026 2055 3061; x_wconf 83' lang='lat' dir='ltr'><strong>at-</strong></span> 
     </span>
     <span class='ocr_line' id='line_1_96' title="bbox 1178 3077 1768 3132; baseline -0.007 -13"><span class='ocrx_word' id='word_1_702' title='bbox 1178 3094 1254 3132; x_wconf 75' lang='lat' dir='ltr'><strong>que</strong></span> <span class='ocrx_word' id='word_1_703' title='bbox 1278 3081 1382 3118; x_wconf 90' lang='lat' dir='ltr'><strong>idem</strong></span> <span class='ocrx_word' id='word_1_704' title='bbox 1410 3094 1482 3118; x_wconf 90' lang='lat' dir='ltr'><strong>non</strong></span> <span class='ocrx_word' id='word_1_705' title='bbox 1509 3077 1768 3129; x_wconf 78' lang='lat' dir='ltr'><strong>significent?]</strong></span> 
     </span>
     <span class='ocr_line' id='line_1_97' title="bbox 1231 3135 1858 3176; baseline -0.003 -1"><span class='ocrx_word' id='word_1_706' title='bbox 1231 3141 1384 3176; x_wconf 76' lang='lat' dir='ltr'><strong>tantam</strong></span> <span class='ocrx_word' id='word_1_707' title='bbox 1426 3136 1612 3176; x_wconf 74' lang='lat' dir='ltr'><strong>caedium</strong></span> <span class='ocrx_word' id='word_1_708' title='bbox 1643 3135 1858 3174; x_wconf 76' lang='lat' dir='ltr'><strong>lam&#39;emtm.</strong></span> 
     </span>
    </p>
   </div>
   <div class='ocr_carea' id='block_1_13' title="bbox 1921 3133 2057 3185">
    <p class='ocr_par' dir='ltr' id='par_1_13' title="bbox 1921 3133 2057 3185">
     <span class='ocr_line' id='line_1_98' title="bbox 1921 3133 2057 3185; baseline -0.007 -12"><span class='ocrx_word' id='word_1_709' title='bbox 1921 3133 2057 3185; x_wconf 87' lang='lat' dir='ltr'><strong>[Hanc</strong></span> 
     </span>
    </p>
   </div>
  </div>
 </body>
</html>
