2221 3667
245 617 309 653 395

336 162 420 205 416
589 163 637 205 1..
661 163 881 206 APULEII
911 163 1311 206 MADAURENSIS
1340 160 1893 206 METAMORPHOSEON

876 369 1318 420 CAPUT
1422 370 1596 418 VIII.

446 500 534 543 Nec
574 501 799 544 Mercurius
842 501 974 542 omisit
1016 501 1260 555 obsequium.
1321 501 1426 542 Nam
1468 516 1538 557 per
1580 502 1752 543 omnium
1795 516 1866 543 ora
1906 501 2134 557 populorum

335 559 478 612 passim
505 560 754 609 discurrens,
795 558 851 598 sio
888 558 1096 598 mandatae
1133 558 1436 612 praedicationis
1461 573 1601 599 munus
1627 559 1936 613 exsequebatur:
1974 557 2016 600 Si
2049 558 2136 612 quis

335 628 357 655 a
395 616 487 669 fuga
524 617 726 656 retrahere
763 614 825 655 vel
862 614 1053 654 occultam
1097 615 1369 655 demonstrare
1406 616 1548 669 poterit
1585 616 1812 671 fugiltivam
1850 615 1957 670 regis
1994 614 2134 666 filiam,

336 670 504 713 Veneris
537 673 738 720 ancillam,
779 670 935 710 nomine
964 669 1182 726 Psychem,
1223 671 1434 712 conveniat
1469 679 1578 712 retro
1615 679 1738 712 metas
1767 671 1940 713 Murtias
1976 670 2137 712 Mercu-

333 728 433 769 rium
477 728 807 783 praedicatorem,
855 734 1086 781 accepturus
1128 727 1325 768 indicinae
1369 728 1525 768 nomine
1568 728 1616 768 ab
1658 728 1743 783 ipsa
1785 728 1944 770 Venere
1987 735 2135 783 septem

423 855 555 885 obtm'm't
573 857 608 884 G.
628 856 663 883 P.
683 856 720 884 D.
741 851 770 884 δ.
791 856 829 884 de
848 863 944 885 more.
993 855 1106 884 omnia
1124 853 1153 885 δ.
1201 856 1448 894 exequiehatur
1467 858 1501 885 Ο.
1538 855 1733 894 esequebar
1744 859 1783 886 D.
1832 855 1996 894 Psya-hem
2009 857 2045 886 1³.
2064 857 2091 886 1.
2105 858 2136 886 3.
2182 879 2184 882 .

331 901 426 931 Vulc.
442 904 471 931 2.
486 904 520 930 ln
534 904 606 929 cett.
626 901 747 935 legitur
761 899 924 937 Psychen.
952 899 1083 937 Psyche
1096 903 1132 931 G.
1146 903 1184 930 D.
1235 900 1387 930 Murtias
1406 904 1518 931 exulat
1534 909 1553 930 a
1567 903 1602 930 B.
1651 900 1804 930 Martias
1817 904 1853 931 0.
1872 904 1957 932 lunt.
1970 904 2002 932 2.
2038 902 2136 931 Aliae

332 948 402 975 edd.
418 951 447 976 ut
463 948 575 975 Venet.
591 947 620 974 4.
635 945 779 980 ineptius
792 948 911 975 habent
926 944 1100 976 Harmas.
1148 945 1425 976 n'nd1·ca·naenanet
1441 948 1475 976 F.
1494 949 1520 975 1.
1535 948 1591 975 sed
1607 951 1686 976 teste
1699 948 1939 983 Lindenbrogio
1958 947 2026 976 alia
2038 953 2137 975 manu

331 992 449 1027 legitur
461 989 578 1018 indicii
591 991 746 1027 tiaeque,
773 993 855 1025 quod
871 992 1009 1026 priorem
1023 993 1195 1021 lectionem
1210 999 1319 1021 veram
1334 1001 1407 1021 esse
1421 994 1613 1027 comprobat.
1638 993 1733 1021 Errat
1748 993 1847 1029 igitur
1860 993 1958 1026 oud..
1984 992 2038 1027 qui
2058 992 2137 1020 dicit

331 1040 433 1066 altero
447 1037 515 1065 cod.
530 1037 565 1065 F.
579 1036 643 1071 legi
658 1034 776 1063 indicii
788 1037 938 1074 viaeque.
988 1036 1169 1065 fndicr'm‘ae
1183 1038 1313 1065 nomine
1326 1040 1378 1067 vel
1394 1036 1549 1065 indit-irie
1562 1038 1597 1066 F.
1612 1039 1642 1066 3.
1657 1038 1693 1066 P.
1707 1039 1745 1067 D.
1770 1037 1937 1066 indit-ivre
1951 1039 1987 1067 G.
2017 1035 2138 1064 indici·

330 1082 407 1109 niae
421 1090 449 1116 p.
476 1079 617 1108 iudicine
625 1078 696 1110 0.δ.
723 1080 870 1110 indiciae
884 1082 905 1110 f.
930 1080 1048 1110 indica·
1058 1091 1099 1112 ex
1113 1083 1378 1118 interpretatione
1392 1087 1480 1112 extat
1494 1084 1527 1112 in
1542 1083 1692 1112 omnibus
1707 1091 1788 1117 quus
1803 1091 1861 1119 ego
1875 1083 2022 1112 conferre
2035 1081 2136 1119 potui,

330 1127 526 1155 editionibus
539 1130 614 1155 vett.
640 1124 818 1155 Inda-inae
830 1128 949 1163 legitur
961 1128 994 1156 in
1008 1129 1088 1158 Edd.
1103 1129 1206 1158 Scriv.
1220 1129 1340 1158 Florid.
1355 1131 1438 1158 Elm.

387 1235 476 1275 Car.
491 1236 593 1276 Vlll.
621 1236 846 1289 [Ludicram
862 1251 955 1277 esse
969 1237 1069 1278 hanc
1082 1242 1200 1277 totam

327 1293 671 1345 proclamationem
697 1298 736 1332 et
760 1295 874 1333 animi
893 1298 1037 1334 tantum
1058 1308 1203 1334 caussa

328 1350 376 1388 ab
391 1350 561 1401 Apuleio
575 1351 766 1389 inventam
778 1383 788 1398 ,
815 1351 974 1390 adnotat
988 1352 1200 1404 Spanhem.

326 1406 377 1445 ad
402 1406 470 1445 tut.
493 1406 606 1446 Caes.
634 1407 694 1446 ed.
711 1408 826 1447 franc.
841 1422 877 1460 p.
896 1412 986 1450 139.
1014 1409 1096 1447 Sed
1110 1408 1202 1460 quid

327 1463 377 1501 de
407 1463 516 1502 hisce
547 1464 820 1504 additamentis
856 1465 1101 1504 iudicandum
1138 1466 1201 1510 sit,

328 1533 429 1570 quae
454 1534 519 1559 res
545 1521 642 1558 inter
666 1521 847 1560 homines
873 1522 1010 1561 obvias
1044 1522 1199 1561 facetis-

326 1578 426 1615 sime
457 1577 505 1616 ad
537 1577 636 1616 deos
666 1577 852 1626 referunt,
884 1593 1003 1631 supra
1035 1580 1109 1617 iam
1134 1592 1199 1617 ex-

325 1634 439 1685 posui
465 1647 502 1686 p.
529 1634 639 1686 391]

383 1692 417 1729 si
437 1692 526 1743 qais
544 1705 568 1729 a
579 1694 688 1743 fuya
708 1692 927 1731 retrahere.
971 1691 1201 1732 Retrahere

326 1748 478 1798 proprie
510 1746 560 1785 de
591 1746 761 1798 fugitivis
792 1748 865 1786 dici
897 1750 1057 1800 exponit
1089 1748 1197 1788 Colv.

324 1803 374 1842 ad
407 1803 444 1843 h.
470 1803 493 1842 l.
519 1805 688 1842 excitato
716 1803 871 1844 Terent.
897 1805 1039 1845 Heaut.
1065 1805 1131 1844 lv.
1159 1809 1196 1846 2.

327 1864 390 1900 11.
411 1860 616 1899 retraham
635 1861 770 1900 hercle
785 1863 936 1914 opinor
950 1863 1007 1901 ad
1020 1876 1079 1901 me
1092 1863 1198 1901 idem

323 1916 432 1956 illud
452 1918 675 1969 fufitii-um
701 1923 917 1970 arqentam
949 1923 1081 1958 tamen
1114 1918 1197 1971 [cui

322 1973 424 2012 adde
450 1972 551 2011 nuk.
578 1973 627 2012 ad
652 1972 758 2012 Flor.
785 1974 848 2014 111.
874 1974 934 2027 9.]

378 2035 489 2070 retro
519 2035 643 2069 metas
668 2030 859 2071 Murtias.
910 2031 990 2084 [De
1024 2035 1198 2070 constru-

323 2087 450 2125 ctione
482 2086 654 2125 adverbii
684 2092 813 2133 retro,
845 2101 962 2139 quem
990 2088 1132 2127 frustra
1161 2089 1196 2126 in

321 2142 481 2182 Lexicis
519 2145 715 2193 quaesivi.
751 2144 799 2183 cs.
836 2144 1018 2184 Ruddim.
1057 2146 1197 2183 Institt.

323 2198 367 2238 T.
384 2199 431 2239 11.
461 2204 592 2251 p.333
620 2200 748 2239 Stallb
786 2200 841 2238 lbi
868 2215 968 2253 quae
994 2206 1199 2253 praeterea

321 2255 530 2295 afferuntur
555 2257 736 2308 exempla
762 2257 891 2296 onmia
916 2258 965 2296 ad
985 2260 1197 2310 scriptores

322 2313 491 2365 Apuleio
505 2315 742 2365 posteriores
757 2315 1011 2365 pertinent,ut
1025 2328 1198 2354 novasse

322 2370 358 2409 id
390 2370 603 2421 Apuleium
636 2371 915 2410 existimemus.
976 2372 1042 2411 Ad
1074 2377 1197 2411 metas

321 2427 501 2467 Murtias
515 2425 715 2478 psychom
736 2427 864 2466 reduci
880 2428 1095 2467 Mercurius
1109 2429 1197 2467 ideo

321 2484 444 2528 iubet,
489 2484 593 2535 quod
632 2484 775 2522 Veneri
807 2485 983 2524 Murciae
1019 2486 1054 2523 in
1091 2485 1198 2524 valle

320 2540 472 2579 Murcia
497 2544 579 2579 erat
603 2541 805 2580 sacellum.
832 2542 960 2580 Vallis
986 2556 1077 2580 vero
1091 2541 1197 2581 Mur-

323 2599 381 2636 cia
411 2611 433 2635 a
464 2598 637 2649 proximo
672 2597 774 2636 colle
799 2597 936 2636 Murco
963 2612 1103 2637 nomen
1130 2600 1195 2638 ob-

323 2655 449 2699 tinuit,
476 2654 512 2693 id
526 2658 588 2693 est
600 2654 809 2700 Aventino,
837 2656 898 2706 qui
914 2656 1084 2695 sslureus
1098 2655 1198 2694 alias

324 2711 518 2751 Murceas
545 2712 635 2750 olim
661 2712 937 2750 nominabatur.
968 2712 1198 2750 Diversissi-

322 2780 410 2806 mae
436 2772 543 2806 erant
566 2768 642 2806 iam
679 2772 850 2806 veterum
887 2781 935 2806 eo
967 2768 1017 2806 de
1043 2770 1198 2807 nomine

324 2826 558 2869 sententiae,
585 2839 701 2876 quum
723 2826 818 2863 iuter
836 2822 1017 2864 dlartias
1032 2828 1070 2862 et
1083 2826 1197 2866 Blar-

326 2882 402 2920 tias
428 2882 627 2920 variarent.
676 2882 981 2921 Accuratissiiue
1011 2882 1060 2920 de
1087 2883 1195 2921 vocis

325 2940 457 2988 etymo
483 2943 521 2976 et
540 2938 820 2990 significatione
834 2940 911 2989 egit
925 2938 1081 2990 Onuph.
1097 2938 1198 2977 Pan-

325 2994 398 3031 vin.
430 2994 479 3031 de
505 2994 673 3033 Circens.
701 2994 728 3034 l.
761 3000 797 3036 5.
828 2996 865 3033 in
899 2996 1038 3034 Graev.
1072 2994 1195 3034 Thes.

326 3050 457 3101 Antiq.
485 3050 529 3089 Τ.
550 3050 616 3090 IX.
644 3066 680 3104 p.
697 3056 750 3093 50
769 3065 877 3103 sqq„
904 3052 969 3090 ubi
995 3052 1106 3104 plura
1125 3053 1196 3090 Ar-

327 3106 455 3157 golius
482 3107 645 3153 addidit,
672 3107 912 3159 Argoliliid.
926 3123 962 3160 p.
979 3114 1044 3151 67.
1069 3109 1197 3147 Aliter

327 3163 429 3202 idem
455 3163 641 3215 Argolius
667 3165 837 3217 explicat
867 3180 905 3220 p.
931 3170 998 3207 82.
1027 3166 1092 3204 ubi
1119 3180 1194 3205 non

1261 1239 1390 1279 solum
1429 1240 1578 1278 invenlt
1614 1240 1745 1278 nescio
1783 1239 1884 1278 unde
1910 1237 2025 1290 legit,
2061 1236 2136 1276 sed

1262 1297 1375 1336 etiam
1401 1300 1724 1334 commemoratas
1750 1309 1843 1334 esse
1868 1295 1972 1347 apud
1989 1293 2136 1347 Apule·

1261 1356 1338 1393 iuni
1363 1358 1484 1392 metas
1499 1352 1676 1391 Murtias
1701 1352 1809 1399 dicit,
1836 1352 1941 1403 quod
1954 1351 2135 1390 Mercurii

1260 1408 1452 1450 sacellum
1496 1409 1546 1447 ad
1589 1409 1662 1447 has
1698 1413 1826 1447 metas
1863 1409 1950 1460 ipse
1987 1407 2135 1446 Festus

1261 1467 1477 1519 agnoverit:
1509 1465 1555 1504 cs.
1590 1465 1696 1504 Fest.
1729 1479 1765 1517 p.
1796 1469 1886 1506 101.
1912 1479 1950 1517 p.
1980 1468 2071 1506 170.
2097 1467 2137 1502 et

1259 1537 1353 1575 prae
1379 1523 1517 1561 ceteris
1543 1520 1627 1560 lntt.
1655 1522 1704 1561 ad
1730 1522 1765 1560 h.
1782 1521 1804 1560 1.
1830 1536 1867 1574 p.
1883 1525 1977 1563 504.
2003 1518 2135 1565 Lind„

1257 1581 1323 1619 ubi
1349 1579 1463 1618 etiam
1490 1578 1539 1616 de
1564 1578 1839 1630 orthographia
1866 1579 1994 1624 coct's,
2019 1591 2088 1630 per
2112 1591 2137 1616 c

1259 1636 1501 1681 scribendae,
1521 1635 1645 1673 fusius
1660 1635 1874 1674 disseritur.
1888 1634 2069 1685 Bulleng.
2084 1632 2136 1672 de

1260 1692 1369 1732 Circo
1396 1692 1560 1730 Roman.
1587 1695 1670 1732 c.2.
1696 1693 1732 1730 in
1759 1691 1900 1730 Graev.
1916 1689 2037 1731 Thes.
2057 1690 2081 1729 l.
2096 1690 2132 1729 d.

1257 1763 1292 1801 p.
1321 1753 1412 1789 594.
1446 1763 1476 1787 c.
1504 1752 1539 1789 9.
1572 1762 1609 1799 p.
1637 1752 1729 1789 617.
1764 1752 1802 1786 et
1827 1762 1859 1787 c.
1885 1752 1949 1788 24.
1975 1762 2012 1801 p.
2041 1751 2134 1788 644.

1256 1808 1320 1845 ubi
1357 1806 1457 1844 hauc
1492 1805 1725 1843 sententiam
1762 1804 1813 1842 de
1850 1804 1937 1843 loco
1975 1802 2135 1855 Apuleii

1257 1863 1418 1914 profert:
1454 1862 1583 1914 Apud
1618 1867 1744 1900 melas
1774 1862 1963 1900 Marcios
1995 1861 2134 1900 Venus

1257 1918 1459 1958 colebatur
1490 1925 1528 1957 et
1565 1919 1614 1956 ibi
1650 1918 1874 1969 prostitisse
1910 1917 2135 1956 meretrices

1257 1976 1445 2022 videntur,
1471 1975 1542 2013 nisi
1565 1975 1661 2013 sorte
1687 1975 1775 2025 quis
1801 1978 1920 2025 putet,
1947 1974 1985 2013 id
2010 1987 2059 2012 ex
2084 1986 2133 2012 eo

1258 2033 1401 2071 dictum
1432 2045 1543 2078 esse,
1576 2031 1681 2082 quod
1712 2044 1853 2082 praeco
1884 2035 1976 2083 post
2006 2034 2133 2069 metas

1256 2089 1428 2128 Murcias
1442 2092 1574 2134 staret,
1600 2089 1663 2138 qui
1679 2088 1846 2126 victores
1863 2087 2133 2139 pronuntiaret.

1258 2146 1393 2184 Sellae
1410 2144 1537 2184 Curuli
1559 2145 1734 2197 proxime
1754 2143 1944 2183 sacellum
1959 2143 2135 2182 Murciae

1258 2203 1368 2241 locus
1383 2206 1481 2246 erat,
1507 2202 1608 2240 unde
1623 2201 1856 2252 spectabant
1869 2202 2132 2252 magistratus,

1257 2264 1412 2298 auctore
1427 2257 1562 2297 Festo.
1589 2258 1672 2297 Sed
1687 2262 1726 2296 et
1735 2256 1852 2296 Consi
1866 2270 1931 2297 ara
1943 2257 1992 2296 ad
2006 2261 2133 2295 metas

1257 2316 1430 2355 Mul-cias
1457 2316 1525 2354 suit
1551 2346 1560 2354 .
1575 2345 1583 2353 .
1600 2346 1608 2354 .
1625 2346 1633 2353 .
1667 2314 1889 2365 ibidemque
1914 2313 1985 2353 suit
2008 2314 2132 2353 aedes

1257 2372 1457 2419 Mercurii,
1502 2386 1622 2424 quare
1665 2371 1861 2423 Apuleius
1897 2369 2132 2409 Mercurium

1256 2430 1565 2481 praedicatorem
1591 2427 1641 2466 ad
1668 2441 1737 2466 eas
1762 2432 1890 2467 metas
1915 2428 2023 2479 pouit
2083 2425 2132 2466 cf.

1257 2486 1390 2537 Sigon.
1418 2486 1464 2525 ad
1493 2485 1578 2524 Liv.
1601 2484 1625 2522 1.
1651 2488 1715 2525 33.
1741 2484 1928 2536 Hartung.
1948 2483 2040 2525 Rel.
2057 2483 2132 2523 der

1256 2544 1378 2584 Rom.
1406 2542 1452 2581 T.
1479 2542 1523 2580 ll.
1550 2557 1587 2595 p.
1615 2541 1726 2594 249]

1314 2601 1537 2639 indieinae.
1596 2598 1709 2637 Haec
1740 2599 1885 2649 optima
1916 2601 1979 2636 est
2014 2598 2128 2636 unius

1258 2657 1372 2695 codd.
1408 2657 1538 2702 lectio,
1572 2669 1687 2707 quam
1713 2655 1894 2694 Roaldus
1924 2656 1998 2693 iam
2029 2655 2129 2693 bene

1256 2714 1435 2752 restituit.
1449 2713 1567 2751 Amat
1582 2713 1682 2750 euim
1700 2711 1909 2762 Apuleius,
1923 2711 2040 2749 verba
2054 2711 2128 2748 isto

1256 2770 1374 2808 modo
1395 2769 1551 2807 flectere
1572 2770 1624 2807 is:
1651 2773 1692 2807 ut
1708 2769 1936 2820 furatrina.
1961 2766 2008 2806 cs.
2028 2766 2128 2806 Met.

1255 2826 1322 2865 Vl.
1337 2840 1374 2877 p.
1390 2831 1483 2867 404.
1494 2827 1709 2879 furatrina
1721 2824 1856 2878 facili.
1871 2822 1976 2863 Vm.
1989 2837 2024 2876 p.
2036 2828 2083 2865 51
2095 2827 2128 2865 1.

1250 2885 1490 2936 furatrinae
1538 2882 1774 2935 eoniayalis
1810 2880 2131 2921 incommodaret

1255 2941 1539 2980 rude'nwntum.
1600 2938 1651 2976 X.
1699 2951 1734 2989 p.
1773 2940 1866 2977 703.
1910 2939 2128 2989 furatri-

1256 3011 1355 3036 nae
1386 2996 1645 3049 procedebat
1674 2994 1910 3046 artificium,
1941 2995 2004 3032 ubi
2036 3009 2127 3033 non·

1255 3053 1349 3093 nulli
1381 3053 1495 3092 codd.
1527 3052 1666 3090 eodeni
1693 3062 1819 3088 errore
1845 3052 2034 3099 praebent
2059 3053 2127 3103 su-

1255 3111 1417 3149 ratre've.
1467 3109 1549 3147 Sed
1582 3108 1655 3146 hoc
1684 3107 1812 3157 ipsum
1844 3107 2029 3147 indicina
2061 3120 2126 3147 vo·

1255 3166 1435 3206 cabulum
1451 3165 1589 3217 legitur
1602 3163 1704 3217 apud
1713 3162 1923 3215 Apuleium
1939 3162 2125 3205 Met.V11.
