2155 3590
641 134 836 176 LIBER
866 137 938 177 Vl.

71 260 190 290 scena
214 247 288 288 sibi
311 247 368 287 sic
394 248 644 300 concinnata,
671 254 714 289 ut
737 247 878 290 Musae
903 250 1056 304 quidem
1081 249 1242 290 chorum
1268 254 1472 299 canerent,
1499 249 1616 291 tibias
1633 248 1642 306 Ι
1662 250 1860 303 inflarent,
1888 263 1951 290 429

999 136 1122 178 CAP.
1152 135 1322 178 XXIV.
1781 139 1864 182 483

70 405 187 427 scenas
197 397 244 425 ibn·
254 398 303 426 sie
317 398 539 427 concinnatas
551 400 588 428 F.
603 401 634 428 3.
649 401 684 428 G.
698 401 735 428 Ρ.
749 401 787 429 D.
802 401 840 429 R.
866 407 995 428 scemas
1007 399 1054 428 ibt·
1065 400 1114 428 εἰσ
1126 400 1350 428 eoncz‘nnatas
1363 400 1397 429 0.
1424 406 1508 427 cena
1520 399 1645 428 sn’bz’n'c
1658 401 1862 430 concinnata

69 445 103 472 F.
118 445 149 472 2.
174 441 308 471 schema
319 446 404 472 male
417 445 512 473 vulo.
525 446 556 474 2.
567 467 574 481 ,
600 446 684 479 quod
697 448 726 473 et
740 445 878 474 coniecit
891 446 1096 483 Gaulminus‚
1111 449 1223 474 contra
1236 448 1316 474 Mss.
1331 448 1360 473 et
1373 445 1454 473 Eud.
1469 448 1644 480 contraque
1657 450 1752 475 totam
1766 448 1864 476 huius

68 489 130 517 loci
143 489 339 525 elegantiam
353 493 381 517 et
395 490 527 518 solitum
540 490 676 524 Apuleii
689 490 802 519 stilum
815 494 1013 525 reposuerat.
1038 498 1140 518 scena
1153 489 1201 518 ibi
1212 490 1262 518 sic
1275 489 1482 517 concinnata
1494 487 1523 519 δ.
1548 492 1585 519 In
1599 494 1671 520 cett.
1685 498 1787 519 scena
1801 491 1866 520 sibi

66 532 114 561 si‘e
135 532 350 563 concinnata.
398 533 518 562 Musae
536 537 629 564 abest
647 542 667 564 a
686 536 723 564 P.
773 534 894 572 tybyas
912 537 952 564 D.
999 532 1167 574 inflarent
1183 536 1220 565 F.
1241 537 1272 564 1.
1291 536 1321 564 3.
1342 537 1378 564 G.
1392 535 1428 564 P.
1442 536 1482 564 D.
1495 543 1527 570 p.
1541 532 1570 565 δ.
1584 535 1605 565 f.
1619 536 1654 565 0.
1669 544 1707 566 π.
1731 538 1770 566 In
1790 539 1862 567 cett.

64 574 189 616 inflare
193 581 215 608 t.

64 699 113 738 de
137 699 293 738 Venere
335 699 452 738 choro
482 714 529 739 se
559 701 767 753 iungente?
815 701 931 740 Unde

63 770 148 794 cum
173 757 294 795 Salm.
325 761 364 795 et
388 757 516 796 XVow.
549 758 737 796 emendes
764 771 930 796 necesse

61 816 123 850 est
155 813 219 850 vel
255 814 433 866 suppari
467 828 625 866 qressu,
671 814 776 864 quod
814 816 928 852 etiam

61 869 173 919 quasi
187 868 392 907 lectionem
406 869 601 921 vulgatam
614 871 778 921 probant
791 870 927 909 Heius.

59 925 227 964 Advers.
244 925 269 964 l.
286 930 321 966 6.
335 940 372 977 p.
389 930 456 967 61.
481 930 519 964 et
542 926 672 965 Burni.
700 927 749 965 ad
762 926 926 965 Anthol.

57 981 145 1020 Lat.
163 981 244 1020 Τ.Ι.
259 996 294 1033 p.
310 986 422 1027 535„
448 984 511 1032 qui
524 997 651 1034 supra
666 986 705 1020 et
717 997 877 1035 suppar
890 983 925 1020 in

59 1038 172 1076 codd.
198 1039 335 1076 mutari
367 1038 624 1085 demonstrat,
655 1039 719 1076 vel
750 1040 927 1091 suppari

56 1095 260 1146 inyressu,
310 1094 371 1132 vel
420 1095 522 1144 quod
568 1096 726 1146 propius
776 1095 927 1134 accedit

55 1164 215 1202 suppar
261 1151 469 1203 ingressa,
517 1155 558 1189 ut
592 1152 823 1190 adiectivum
865 1151 929 1189 hio

54 1219 123 1257 pro
155 1207 339 1245 adverbio
377 1208 543 1257 positum
574 1207 626 1245 sit
656 1208 678 1246 i.
704 1220 737 1245 e.
763 1207 924 1258 suppari

54 1262 207 1314 moda]
267 1262 330 1300 De
373 1263 563 1301 adiectivo
599 1277 760 1315 suppar
797 1275 924 1314 eoque

54 1332 140 1358 cum
177 1319 305 1356 dativo
343 1323 564 1357 constructo
619 1318 666 1357 cf.
698 1319 835 1357 Heius.
873 1318 923 1356 ad

53 1373 200 1414 Velm.
220 1379 280 1415 17.
307 1375 386 1413 Cic.
412 1374 519 1413 Brut.
545 1389 575 1413 c.
604 1379 638 1414 7.
665 1374 695 1424 §.
716 1378 781 1415 29.
809 1375 921 1414 Huae'c

51 1433 180 1470 aetati
208 1445 449 1483 suppares
482 1431 731 1470 Alcibiades.
770 1431 920 1469 Auson.

51 1487 177 1538 Epist.
197 1487 223 1525 Ι.
248 1491 309 1528 13.
335 1501 428 1526 nam
451 1488 686 1539 supparis
711 1489 799 1526 aevi
825 1488 923 1526 Sum

50 1544 125 1583 tibi
150 1558 235 1596 eqo.
286 1542 466 1582 Ceterum
491 1543 625 1582 Heins.
652 1543 714 1582 hic
740 1543 815 1594 legi
840 1543 924 1581 vult

50 1605 184 1653 9estu,
211 1600 300 1652 quia
324 1601 359 1638 in
386 1614 586 1645 manuum,
612 1599 856 1638 brachiorum
884 1603 923 1637 et

49 1655 210 1694 laterum
234 1660 341 1695 motu
365 1658 598 1708 praecipuus
616 1656 783 1694 saltandi
805 1657 922 1694 decor

48 1713 151 1764 apud
189 1714 369 1764 antiquos
406 1714 636 1759 constiterit,
675 1713 780 1763 quod
816 1711 920 1750 Oud.

49 1769 224 1807 defendit
277 1770 399 1808 citans
447 1769 593 1821 Rigalt.
637 1770 687 1807 ad
730 1768 918 1807 Artemid.

48 1824 274 1864 Oneirocrit.
289 1824 315 1864 l.
332 1839 366 1865 c.
381 1829 444 1866 78.
471 1825 641 1864 Broukh.
667 1825 717 1864 ad
740 1824 824 1863 Tib.
840 1824 866 1863 l.
882 1828 919 1864 8.

48 1885 112 1922 38.
139 1881 277 1920 Heius.
301 1882 351 1920 ad
366 1881 479 1920 Ovid.
496 1882 589 1920 Met.
604 1881 670 1919 Vl.
687 1885 780 1921 308.
807 1885 846 1919 et
870 1880 920 1919 ad

46 1937 216 1977 Remed.
240 1938 374 1976 Amor.
402 1942 494 1978 334.
543 1937 642 1976 Met.
672 1937 722 1976 X.
754 1951 793 1988 p.
826 1941 919 1977 745.

46 1994 242 2046 mollique
277 1994 467 2033 tibiarum
503 2008 602 2032 sono
640 1993 828 2032 delicatis
862 2006 920 2031 re-

45 2050 250 2102 spondere
267 2051 504 2102 gestibus,
532 2051 595 2100 qui
618 2050 727 2087 locus
749 2053 920 2087 nostrum

45 2105 202 2144 mirifice
238 2107 523 2156 interpretatur,
563 2120 598 2157 p.
634 2109 725 2145 734.
764 2107 920 2144 incessu

43 2163 235 2216 yestuosi.
274 2161 519 2213 Quamquam
563 2164 649 2212 ipse
685 2165 814 2213 putat,
856 2160 919 2199 hic

44 2232 186 2271 yressu
200 2231 274 2256 non
289 2231 382 2256 esse
394 2218 637 2263 mutandum,
664 2219 754 2268 quia
772 2217 918 2268 pedum

43 2275 140 2313 ratio
166 2289 239 2313 non
266 2273 394 2313 minus
420 2272 551 2313 habita
575 2275 627 2312 sit
645 2276 680 2312 in
701 2274 805 2312 saltu
825 2273 916 2312 coll.

45 2330 178 2369 Horat.
194 2329 304 2369 O‹l.l.
321 2335 357 2370 4.
373 2335 412 2370 5.
439 2330 562 2381 [Idem
579 2330 810 2369 vocabulum
823 2344 916 2382 sup·

39 2401 126 2439 par
146 2387 284 2438 legitur
302 2400 363 2437 ap.
379 2387 497 2437 Apul.
513 2387 562 2424 de
576 2387 718 2438 Dogm.
734 2385 834 2424 Plat.
853 2385 915 2425 ΙΙΙ.

44 2457 81 2495 p.
105 2444 199 2484 268.
227 2443 423 2482 dicantar
448 2443 525 2482 leae
550 2445 655 2483 inter
678 2458 718 2482 se
742 2457 915 2495 suppa-

43 2513 136 2544 res,
177 2499 297 2551 paulo
333 2503 427 2550 post
462 2501 567 2539 inter
603 2513 844 2551 suppares
880 2502 918 2537 et

41 2557 295 2608 incongruas
308 2560 348 2594 et
360 2557 489 2593 statim
504 2570 743 2609 suppares
757 2555 916 2607 autem]

95 2671 282 2719 formosa
305 2668 496 2708 saltabat.
555 2668 797 2707 Adi-orbium
824 2670 914 2719 for·

42 2737 148 2762 mose
182 2738 255 2762 non
287 2725 416 2763 solum
443 2724 670 2763 Passeratio
698 2725 770 2762 sed
797 2725 912 2762 etiam

43 2776 219 2818 Piccarto
256 2781 291 2819 in
329 2780 455 2820 Peric.
493 2781 583 2820 Crit.
622 2795 652 2819 c.
681 2785 716 2821 9.
753 2780 911 2831 placuit,

43 2833 280 2886 firmavitque
304 2837 441 2876 Heius.
467 2837 703 2889 Propert.11.
721 2841 814 2877 227.
836 2851 912 2888 po-

44 2890 124 2928 sito
155 2894 365 2943 formose
400 2894 558 2933 saltat
600 2893 766 2933 Iaccho.
829 2892 912 2931 Sed

45 2957 160 2995 quum
171 2949 358 2999 formosa
372 2950 408 2988 in
424 2951 604 2989 omnibus
619 2950 732 2988 codd.
749 2949 913 3000 legatur,

42 3002 278 3042 retinendum
313 3010 386 3045 est.
441 3006 548 3046 Oud.
584 3006 729 3057 duplici
764 3006 914 3044 ratione

43 3056 228 3110 explicari
251 3060 290 3099 id
311 3074 436 3113 posse
461 3064 657 3115 opinatur,
683 3061 745 3100 vel
770 3066 812 3101 ut
836 3063 914 3114 epi-

987 701 1122 740 theton
1148 703 1199 740 sit
1219 701 1386 740 Veneris
1407 702 1442 740 in
1465 702 1719 749 nominativo,
1746 716 1863 754 quam

986 758 1219 796 sententiam
1267 758 1490 810 neutiquam
1537 760 1650 810 sequi
1684 772 1861 810 possum,

988 816 1077 865 quia
1100 815 1268 852 ieiunum
1298 814 1373 853 hoc
1401 815 1494 853 mihi
1518 816 1669 854 videtur
1693 819 1733 854 et
1758 829 1781 853 a
1804 816 1861 853 rei

987 871 1249 921 descriptione
1264 872 1418 909 omnino
1431 870 1620 919 alienum,
1645 870 1710 909 vel
1723 875 1766 910 ut
1776 872 1860 923 plu-

984 927 1078 965 ralis
1103 929 1154 965 sit
1177 929 1425 966 accusativus
1457 941 1526 978 pro
1558 928 1742 967 adverbio
1770 931 1863 980 for-

986 997 1109 1029 mose,
1135 986 1176 1020 ut
1200 983 1304 1034 apud
1323 984 1438 1022 Auct.
1456 983 1590 1036 Copae
1605 989 1640 1026 2.
1671 985 1861 1036 Crispum

986 1039 1057 1078 sub
1072 1041 1227 1079 crotala
1253 1040 1402 1079 docta
1427 1054 1583 1080 movere
1602 1042 1709 1081 latus
1729 1041 1862 1080 Ebria

982 1098 1146 1147 famosa
1170 1096 1326 1134 saltat
1350 1097 1539 1136 lasciva
1565 1098 1738 1137 taberna
1787 1096 1859 1149 [cf.

985 1151 1035 1189 ad
1059 1151 1159 1190 Met.
1183 1150 1212 1189 I.
1239 1164 1276 1202 p.
1304 1151 1395 1204 63.]

1039 1243 1162 1268 scena
1186 1229 1263 1267 sibi
1286 1230 1344 1269 sic
1370 1231 1634 1270 concinnata.
1662 1231 1859 1283 [Hancle-

983 1286 1162 1330 ctionem,
1190 1286 1334 1336 quippe
1350 1299 1450 1336 quae
1464 1286 1552 1325 sola
1572 1288 1748 1326 videatur
1771 1302 1860 1327 sen-

981 1342 1140 1378 tentiam
1167 1341 1373 1392 praebere,
1401 1355 1423 1379 e
1460 1342 1576 1393 longe
1612 1344 1860 1394 paucioribus

981 1396 1092 1435 codd.
1109 1397 1306 1436 cumoud.
1320 1398 1462 1449 recepi.
1479 1398 1606 1437 Ceteri
1621 1401 1725 1451 iique
1739 1400 1859 1439 multo

981 1452 1164 1491 meliores
1190 1453 1340 1503 legunt:
1366 1468 1507 1493 scenas
1531 1456 1589 1493 ibi
1612 1458 1671 1496 sic
1697 1458 1859 1496 concin-

981 1514 1119 1554 natas,
1157 1510 1262 1560 quod
1288 1515 1507 1561 corruptum
1540 1513 1594 1551 ita
1624 1525 1720 1551 esse
1750 1517 1859 1565 puto,

980 1570 1021 1604 ut
1045 1567 1209 1616 primum
1230 1581 1248 1605 s
1266 1568 1471 1618 sequentis
1489 1567 1644 1607 litterae
1657 1569 1736 1608 sibi
1750 1583 1859 1620 prae·

981 1635 1120 1672 gresso
1158 1622 1349 1661 vocabulo
1386 1638 1508 1662 scena
1544 1624 1860 1672 adhaeresceret‚

980 1682 1019 1716 et
1045 1678 1188 1717 deinde
1214 1679 1352 1717 librarii
1380 1681 1652 1721 concinnatas
1677 1683 1859 1722 emenda·

979 1739 1082 1779 rent,
1113 1739 1154 1773 ut
1185 1735 1409 1774 concineret
1439 1736 1515 1775 hoc
1546 1739 1631 1775 voci
1662 1739 1858 1786 sclzema53

978 1791 1042 1829 vel
1079 1805 1149 1842 pro
1188 1794 1457 1832 concinnatas
1494 1793 1571 1844 legi
1604 1799 1738 1844 potest
1763 1809 1857 1834 con-

980 1849 1148 1886 cinnata
1174 1848 1333 1887 scilicet
1356 1863 1406 1888 ex
1430 1850 1664 1900 compendio
1690 1851 1750 1903 si]
1784 1850 1859 1890 Cur

979 1904 1181 1942 XVasseus
1208 1908 1247 1942 et
1270 1904 1334 1942 alii
1349 1918 1399 1943 ex
1412 1904 1601 1943 Wowerii
1623 1907 1857 1954 coniectura,

981 1973 1096 2010 quam
1128 1961 1244 1998 etiam
1271 1960 1319 1999 G.
1346 1962 1466 1999 voss.
1504 1962 1665 2013 margini
1697 1963 1856 2010 adlevit,

980 2017 1036 2054 ibi
1043 2030 1113 2067 pro
1122 2017 1198 2054 sibi
1212 2017 1589 2067 recepe1·int,idonea
1602 2020 1700 2057 satis
1714 2033 1858 2059 caussa

979 2086 1052 2109 non
1079 2073 1327 2124 perspicitur.
1374 2073 1502 2112 Recte
1529 2075 1630 2113 enim
1656 2075 1759 2115 Oud.
1787 2090 1857 2115 ex-

978 2128 1112 2178 plicat:
1129 2129 1267 2167 Venus
1286 2130 1477 2169 saltatura
1489 2131 1541 2169 ita
1553 2131 1631 2170 sibi
1642 2133 1728 2170 sive
1742 2146 1855 2172 suum

978 2186 1012 2222 in
1039 2198 1152 2222 usum
1173 2186 1470 2225 concinnaverat
1488 2200 1668 2233 scenam,
1693 2187 1782 2227 sive
1802 2191 1855 2228 in-

976 2241 1083 2278 stitui
1097 2241 1282 2288 iusserat,
1310 2246 1350 2280 ut
1362 2242 1507 2281 Musae
1522 2249 1716 2291 canerent,
1738 2246 1855 2284 tibias

975 2297 1123 2335 inflaret
1137 2297 1318 2349 Satyrus,
1344 2303 1383 2337 et
1402 2298 1597 2339 Paniscus
1623 2301 1673 2339 ad
1686 2302 1855 2341 fistulam

975 2354 1139 2399 diceret,
1165 2354 1348 2405 quamdiu
1373 2357 1459 2408 ipsa
1484 2356 1658 2396 saltaret.

1033 2449 1243 2490 canerent,
1280 2445 1402 2485 tibias
1433 2447 1642 2500 inflarent,
1681 2448 1854 2498 Satyrus

976 2504 1014 2539 et
1026 2501 1231 2540 Paniscus
1244 2502 1303 2541 ad
1311 2502 1492 2554 fistulam
1506 2504 1702 2543 dicerent.
1724 2504 1854 2550 Quum

976 2557 1010 2595 in
1050 2557 1206 2608 optimis
1251 2558 1364 2596 codd.
1408 2563 1634 2598 constanter
1675 2564 1855 2599 exaretur

971 2614 1169 2667 inflarent
1192 2617 1230 2651 et
1262 2615 1466 2661 dicerent,
1504 2616 1553 2654 ad
1591 2616 1690 2655 haec
1726 2617 1854 2656 tibiae

971 2683 1046 2708 non
1085 2670 1247 2724 Satyris
1282 2671 1356 2709 sed
1394 2672 1523 2711 BIuse's
1558 2673 1636 2710 sint
1659 2673 1854 2725 proprIae,

971 2725 1075 2765 Oud.
1089 2731 1199 2777 putat
1214 2725 1275 2764 vel
1292 2727 1609 2779 distinguendum
1626 2742 1733 2776 esse,
1756 2743 1850 2780 quo-

969 2782 1088 2821 modo
1124 2796 1224 2821 nunc
1261 2785 1296 2822 in
1334 2787 1442 2822 textu
1481 2786 1744 2835 couscriptum
1775 2790 1853 2831 est,

971 2838 1033 2876 vel
1059 2851 1146 2877 cum
1170 2838 1308 2880 Heius.
1334 2840 1384 2878 ad
1409 2840 1525 2879 ovid.
1547 2839 1658 2879 Fast.
1674 2841 1741 2880 Vl.
1757 2845 1853 2883 704.

971 2893 1184 2945 legendum
1219 2901 1294 2936 aut
1327 2897 1448 2935 tibias
1478 2898 1564 2949 infl.
1598 2897 1660 2935 vel
1687 2899 1854 2938 tibiasve

971 2952 1176 3004 inflarent,
1192 2965 1306 3002 quam
1319 2953 1577 3003 posteriorem
1592 2954 1852 2993 coniecturam

971 3009 1099 3058 magis
1132 3009 1278 3059 probo,
1309 3021 1545 3060 quamquam
1577 3009 1779 3060 equidem,
1816 3012 1851 3049 si

973 3063 1067 3115 quid
1081 3064 1367 3103 emendandum
1381 3068 1460 3110 est,
1476 3069 1517 3104 et
1528 3066 1649 3105 tibias
1662 3067 1855 3120 inflarent

1479 3120 1571 3163 31*
