2155 3590
647 153 836 193 LIBER
865 153 941 195 111.

68 267 138 308 bus
165 267 282 308 libido
312 274 446 308 mutua
471 274 510 307 et
533 265 708 321 anilmos
735 267 850 307 simul
874 274 914 307 et
937 265 1110 307 membra
1135 265 1315 306 suscitat
1357 262 1550 306 Omnibus
1575 265 1738 306 abiectis
1763 266 1860 306 ami·
1883 261 1945 295 ’ΖΗ

1000 152 1128 193 CAP.
1160 152 1256 192 XX.
1776 147 1860 195 187

68 324 166 365 culis
190 323 378 364 hactenus
404 323 568 376 denique
593 322 728 363 intecti
748 330 864 377 atque
885 323 1019 363 nudati
1039 321 1305 362 bacchamur
1295 335 1335 360 111
1349 320 1571 362 Vzenerem
1595 335 1680 362 cum
1704 322 1859 376 quidem

67 500 98 525 ct
114 496 261 525 mnm'bus
280 499 398 526 liabent
417 504 526 525 omnes
541 497 632 526 codd.
646 500 774 532 praeter
786 498 821 526 F.
838 498 865 525 1.
880 498 910 526 3.
925 499 960 526 Ρ.
975 499 1013 526 R.
1027 494 1056 526 ὃ.
1076 500 1105 526 et
1125 497 1194 525 edd.
1213 498 1306 531 vett..
1332 496 1413 529 quod
1434 497 1518 523 male
1532 499 1722 530 receperunt
1734 496 1817 524 Elm.
1833 499 1863 524 et

66 550 153 577 seqq.
178 544 287 577 Neque
300 543 386 571 enim
399 550 480 577 opus
493 545 541 570 est
551 565 558 578 ,
574 543 604 571 si
617 543 709 571 modo
722 546 794 577 post
808 543 956 570 suscitat
968 545 1067 577 plena
1079 541 1243 571 distinctio
1257 544 1403 575 ponatur.
1429 538 1572 568 adiectis
1586 537 1616 568 ὃ.
1644 539 1816 568 atm'ctulis
1830 550 1862 575 φ.

66 587 212 615 snsm'toet
225 586 375 615 omnibus
388 586 529 614 abiectis
542 586 708 616 amiculis.
734 586 912 615 Hactenus
924 590 939 616 Ι
943 592 1007 616 unt.
1021 590 1053 617 2.
1100 589 1238 614 attentes
1252 583 1281 614 ὃ.
1327 585 1464 613 intectis
1479 587 1514 614 P.
1529 593 1547 614 a
1562 594 1591 620 p.
1605 593 1646 614 m.
1683 588 1787 622 atque
1800 594 1864 613 mt-

67 631 143 660 dati
159 635 250 662 abest
269 634 309 661 ab
328 632 477 661 omnibus
497 633 567 661 edd.
582 636 659 661 vett.
671 636 799 667 praeter
816 634 898 661 lunt.
913 635 941 662 2.
968 635 1100 661 Rectum
1115 632 1195 661 vidit
1208 632 1366 660 Pricaeus
1379 634 1408 659 et
1423 632 1541 659 dudum
1556 631 1653 659 edidit
1667 631 1864 659 Scriverius.

69 788 314 826 sermonibus
350 787 550 826 amatoriis
587 791 625 826 et
662 787 837 834 ludicris,
874 789 936 839 qui

66 858 257 882 murmure
282 848 321 882 et
345 857 441 882 voce
465 845 737 896 subpressiore
762 848 939 883 seruntur

68 902 116 939 ab
141 902 377 942 amantibus.
404 905 622 951 usurpatur.
659 901 707 939 cs.
734 900 861 940 Plum.
887 901 937 938 ad

67 957 179 996 Pers.
206 957 254 995 V.
281 961 344 999 96.
371 971 407 1008 p.
424 960 515 997 423.
545 958 701 997 Gemuit
723 958 938 1008 explicatur

69 1014 203 1052 Gloss.
219 1012 373 1052 Philox.
390 1027 426 1064 p.
446 1017 534 1054 100.
551 1010 676 1061 σκύζει
701 1015 723 1052 1.
740 1028 772 1052 e.
787 1018 936 1052 torvum

68 1071 218 1116 videre,
245 1070 368 1121 quod,
393 1074 434 1108 ut
458 1066 680 1120 κνυζάομαι,
702 1069 936 1108 aGramma-

70 1127 155 1166 ticis
180 1126 230 1164 ad
256 1140 391 1164 canem
411 1126 589 1171 refertur,
617 1139 850 1176 quamquam
870 1139 937 1176 po·

70 1185 144 1221 tius
179 1182 350 1234 legerem
387 1182 523 1228 σκυζᾶ,
571 1183 642 1220 nisi
684 1181 939 1233 praecederet

69 1240 207 1291 glossa
217 1234 528 1290 9α71ἰΐ3.αγνεύει.
580 1239 750 1278 Garrire
763 1252 854 1275 vero
877 1242 940 1275 est

69 1295 276 1339 blaterare,
314 1294 517 1345 loquacem
542 1307 653 1339 esse,
691 1293 866 1344 obloqui,
902 1293 942 1330 id

69 1351 172 1402 quod
209 1350 337 1388 lexica
379 1352 477 1389 satis
520 1350 795 1388 demonstrant.
857 1350 939 1387 Sed

71 1408 187 1458 plane
227 1406 446 1457 neglectum
489 1411 550 1444 est
585 1420 609 1444 a
650 1406 938 1457 lexicographis

68 1465 219 1503 tertium
244 1462 494 1508 vocabulum,
521 1463 624 1513 quod
651 1476 701 1500 ex
721 1462 937 1501 Glossariis

70 1521 272 1572 probatum
298 1518 493 1558 nonnullis
514 1533 670 1571 quoque
691 1523 863 1558 veterum
885 1519 937 1557 lo-

71 1577 127 1615 cis
153 1577 272 1614 debet
296 1577 455 1614 restitui.
505 1575 579 1614 Est
603 1577 702 1614 enim
728 1576 876 1629 yam're
901 1579 940 1613 et

67 1634 253 1686 qam'tus,
281 1628 546 1684 (Ῑιιοάειγαιος
571 1633 592 1671 1.
607 1647 639 1670 e.
660 1632 853 1673 hilaritas
874 1646 938 1669 vo-

70 1689 212 1741 luptas,
237 1690 322 1727 sine
343 1689 459 1728 dubio
476 1689 579 1727 ducit
599 1690 783 1740 originem
805 1692 844 1725 et
867 1689 938 1740 pri-

69 1760 172 1784 mum
195 1745 244 1784 de
270 1746 370 1784 omni
396 1745 596 1796 voluptate
622 1745 776 1790 dicitur,
801 1744 942 1783 deinde

69 1816 160 1840 vero
196 1802 246 1840 de
285 1801 498 1852 liguritione
535 1803 778 1853 potissimum
817 1806 856 1839 et
880 1815 941 1839 cu—

70 1859 201 1910 pedia:
226 1858 329 1897 unde
352 1873 489 1910 ganea
508 1862 598 1897 sunt
618 1860 788 1910 popinae
807 1862 845 1896 et
868 1873 941 1910 ya-

69 1929 145 1954 neo
177 1915 295 1954 lurco.
343 1914 393 1953 cf.
425 1915 561 1954 Gloss.
593 1914 747 1953 Philox.
780 1929 818 1966 p.
849 1918 939 1954 100.

68 1985 205 2024 qaneo
258 1972 372 2023 λίχιος
418 1969 658 2023 καταφαγάς,
707 1967 939 2020 λωποδύτης,

70 2029 454 2092 3ᾁιβος,3.α1ζιιαρχος
483 2028 548 2066 ubi
580 2027 789 2078 legendum
821 2025 942 2078 3.·1χιός

71 2081 307 2135 καταφαγὰς,
332 2080 482 2135 3αβρὸς,
510 2087 569 2123 m
572 2089 646 2135 19ης
671 2083 732 2120 vel
753 2079 942 2135 λαβροπό

69 2155 145 2191 της.
183 2139 287 2186 Quid
312 2141 414 2177 enim
439 2141 497 2178 sic
516 2141 589 2178 sibi
610 2140 703 2177 velit
723 2136 944 2190 3ωποὸὑτης

71 2196 236 2248 praedo,
263 2197 327 2245 qui
351 2199 487 2234 vestes
511 2196 649 2241 aufert,
675 2196 842 2247 perspici
868 2210 942 2233 non

70 2256 214 2303 potest.
242 2250 341 2289 Tum
367 2257 502 2291 scorta
528 2253 601 2291 hac
616 2266 712 2291 voce
733 2253 945 2290 indicantur

71 2313 112 2347 et
146 2309 374 2360 voluptates
414 2309 772 2348 venereae:11nde
809 2308 942 2347 Gloss.

71 2364 236 2404 Vulcan.
276 2377 315 2415 p.
351 2367 416 2404 60.
447 2379 585 2416 qauea
614 2379 791 2417 (laneum
822 2364 944 2416 expli-

72 2425 160 2460 cant
194 2429 364 2473 πορτεῐον
400 2424 440 2458 et
471 2433 677 2473 yaneoues
711 2417 944 2472 χαμαιτύποι

72 2482 111 2516 et
126 2476 259 2517 Gloss.
273 2475 429 2515 Philox.
455 2491 493 2528 p.
516 2481 606 2518 100.
631 2479 752 2529 qanit
776 2474 945 2525 Zamae&

72 2534 94 2572 i.
115 2548 148 2572 e.
172 2532 365 2579 lascivire,
387 2533 563 2572 luxuriari
578 2538 616 2571 et
630 2535 681 2572 ita
701 2534 944 2572 emendanda

73 2595 136 2629 est
155 2590 306 2629 Glossa
331 2589 461 2640 Cyrill.
495 2603 533 2641 p.
559 2593 651 2630 610.
684 2589 801 2636 σκυζᾶ
825 2591 947 2642 qrtrzit

74 2646 170 2699 [pro
197 2645 331 2698 cauit]
369 2650 408 2684 et
444 2646 547 2696 apud
577 2646 695 2697 Apul.
727 2648 761 2684 in
790 2646 942 2695 Fragm.

72 2702 248 2742 Florent.
290 2701 385 2741 Met.
428 2716 466 2754 p.
505 2707 596 2742 718.
645 2703 695 2741 ab
738 2702 944 2754 unffltibus

71 2760 244 2811 yaniens
269 2760 290 2797 i.
305 2771 338 2796 e.
363 2760 505 2797 misere
530 2760 705 2810 pruriens
725 2772 793 2809 pro
814 2758 865 2797 ab
881 2773 943 2797 or-

75 2815 188 2854 m'bus
210 2816 433 2868 qanniens:
456 2819 499 2853 ut
523 2815 624 2853 idem
645 2815 734 2853 dicit
746 2814 942 2865 Apuleius

74 2871 172 2910 Met.
185 2871 236 2910 X.
263 2884 298 2922 p.
316 2876 406 2912 720.
434 2872 485 2910 ab
511 2872 748 2923 arr-quiculis
768 2885 942 2922 perpru-

73 2929 236 2967 n‘scens.
285 2927 373 2966 Nec
402 2926 512 2966 aliter
543 2928 578 2965 in
607 2927 693 2966 loco
718 2927 848 2966 Iuven.
875 2927 942 2967 Vl.

75 2987 128 3024 64
164 2984 336 3035 corrigas

120 3065 333 3094 chironomon
346 3067 470 3094 Ledam
483 3066 573 3095 molli
587 3067 729 3095 saltante
742 3066 896 3100 Bathyllo

120 3110 243 3139 Tuccia
255 3111 388 3139 vesicae
403 3119 465 3140 non
480 3111 627 3146 imperat.
653 3112 789 3146 Appula
802 3111 894 3146 ganit

121 3155 212 3184 Sicut
226 3155 260 3184 in
274 3157 439 3191 amplexu.

998 788 1213 827 Saltatione
1240 788 1338 825 enim
1352 785 1528 837 Bathylli
1554 785 1701 824 lasciva
1725 783 1777 824 ita
1802 799 1864 824 su·

997 845 1182 883 scitantur
1195 843 1374 882 libidines
1395 842 1685 895 spectatricum‚
1710 846 1752 880 ut
1766 841 1864 881 Tuc-

996 903 1054 939 cia
1078 914 1172 951 prae
1198 900 1350 938 veneris
1372 899 1609 950 impatientia
1622 911 1763 950 aquam
1778 912 1864 936 con-

995 958 1116 995 tinere
1140 959 1326 1007 nequeat,
1365 960 1404 994 et
1431 955 1586 1008 Appula
1625 955 1799 994 lasciviat
1828 958 1868 992 et

995 1014 1201 1064 pruriscat,
1228 1014 1340 1063 quasi
1365 1014 1439 1051 iam
1465 1013 1590 1051 subet.
1639 1011 1696 1050 lta
1709 1011 1804 1050 Met.
1818 1011 1866 1049 Il.

996 1083 1032 1120 p.
1070 1074 1162 1109 124.
1198 1068 1476 1119 explicaverim
1514 1069 1564 1106 de
1596 1067 1753 1106 lascivis
1789 1067 1867 1106 illis

999 1126 1170 1175 gaudiis
1197 1130 1269 1163 etl
1259 1125 1355 1164 Met.
1369 1124 1419 1163 X.
1435 1139 1505 1176 p.t
1488 1129 1579 1166 720.
1607 1124 1748 1164 dulces
1766 1139 1867 1177 yan-

999 1183 1105 1221 nitus
1128 1182 1271 1219 mutan
1302 1182 1339 1219 in
1374 1183 1559 1232 qanitns,
1592 1185 1630 1219 et
1658 1180 1786 1219 refero
1818 1180 1870 1218 ad

1000 1251 1138 1275 omnes
1165 1236 1254 1275 illas
1279 1235 1478 1282 libidines,
1512 1251 1610 1288 quas
1635 1237 1777 1275 nobilis
1802 1235 1871 1274 illa

999 1293 1140 1331 semina
1158 1293 1294 1331 suscit-
1285 1297 1390 1331 arat.
1417 1294 1591 1344 priusqu·
1580 1308 1640 1331 1111
1662 1294 1713 1333 ad
1726 1295 1869 1332 satian-

998 1350 1087 1387 dam
1137 1363 1319 1387 venerem
1367 1350 1671 1399 progrederetur.
1720 1348 1870 1388 Molles

997 1407 1099 1443 enim
1136 1405 1301 1444 voculae
1337 1406 1411 1444 iam
1454 1406 1701 1456 praecedunt.
1762 1405 1870 1444 Male

997 1461 1164 1500 Forcell.
1197 1462 1297 1500 haec
1330 1462 1415 1500 loca
1446 1462 1496 1500 de
1528 1462 1674 1513 gemitu
1699 1460 1870 1500 mulieris

998 1518 1194 1570 intelligit,
1220 1533 1244 1556 a
1269 1519 1348 1556 viro
1374 1519 1448 1556 iam
1473 1518 1757 1571 compressae]

1055 1598 1258 1637 hactenns.
1322 1596 1622 1650 [Difficillimum
1664 1601 1729 1635 est
1757 1596 1872 1642 dictu,

999 1655 1092 1704 quid
1125 1654 1161 1692 h.
1198 1655 1220 1693 Ι.
1254 1655 1448 1694 leuc-tenus
1478 1654 1554 1694 sibi
1586 1653 1696 1700 velit,
1723 1655 1797 1693 iam
1822 1654 1872 1692 ab

1002 1711 1104 1750 Oud.
1132 1725 1205 1749 non
1231 1711 1489 1755 intellectum,
1515 1712 1579 1762 qui
1603 1710 1767 1750 Acidalii
1785 1724 1872 1749 sen-

1003 1769 1145 1806 tentiae
1193 1768 1382 1806 accedere
1426 1781 1499 1805 non
1543 1771 1789 1819 aspernatur,
1836 1768 1872 1805 in

999 1823 1144 1862 Plautt.
1178 1837 1261 1875 cap.
1295 1828 1329 1863 6.
1364 1837 1449 1861 eam
1483 1837 1618 1862 vocem
1650 1827 1742 1875 post
1774 1825 1873 1877 fati-

999 1886 1102 1934 'quta
1133 1880 1383 1919 demittentis
1434 1879 1538 1931 [Nec
1567 1880 1746 1920 Haudlus
1778 1880 1816 1919 h.
1850 1880 1872 1917 1.

1000 1937 1135 1988 attigit.
1185 1936 1296 1975 Unus
1327 1940 1476 1974 tantum
1506 1941 1628 1976 restat
1652 1937 1763 1975 locus
1783 1935 1874 1974 Ter-

1000 1993 1081 2031 tull.
1108 1993 1157 2031 de
1183 1993 1310 2043 pudic.
1337 2007 1368 2031 c.
1398 1997 1480 2037 15.‚
1506 1993 1570 2032 ubi
1595 1993 1792 2033 hactenus
1803 2007 1874 2046 pro

1001 2050 1082 2088 iam
1118 2049 1289 2100 positum
1325 2049 1496 2086 videtur:
1536 2051 1606 2102 qui
1638 2049 1874 2102 furabatur,

1002 2107 1081 2144 iam
1114 2118 1193 2144 non
1216 2108 1398 2157 furetur,
1433 2106 1504 2145 sed
1533 2111 1572 2145 et
1598 2108 1669 2159 qui
1691 2106 1875 2146 moeclza·

1004 2163 1137 2206 batur,
1164 2162 1360 2201 hactenus
1377 2175 1455 2200 uon
1481 2163 1731 2209 moechetur,
1756 2163 1876 2213 etqui

1000 2218 1307 2270 fornicabatur,
1322 2218 1520 2258 hactenus
1534 2233 1614 2257 non
1624 2220 1875 2272 fornicetur,

1002 2274 1066 2311 ubi
1091 2273 1235 2313 Handii
1261 2273 1373 2314 Turs.
1390 2273 1433 2313 Π.
1461 2288 1497 2326 p.
1514 2277 1578 2315 11.
1603 2276 1791 2314 rationem
1810 2275 1875 2313 im-

1002 2331 1141 2381 probo,
1184 2331 1379 2370 hactenns
1418 2330 1470 2369 ad
1511 2332 1802 2371 moechabatur
1837 2336 1877 2369 et

1000 2387 1321 2438 formicabatur,
1356 2386 1579 2433 referentis,
1618 2388 1725 2440 quod
1755 2389 1878 2439 prima

1003 2443 1220 2483 enunciatio
1246 2457 1408 2483 renuere
1433 2443 1525 2483 mihi
1550 2443 1732 2497 videtur]

1057 2522 1198 2561 intecti
1250 2528 1373 2576 atque
1420 2525 1564 2563 nudati
1617 2523 1875 2562 bacchamur.

1002 2577 1111 2616 Male
1154 2584 1285 2617 carent
1321 2579 1408 2617 edd.
1446 2584 1539 2619 vett.
1575 2593 1672 2618 voce
1714 2580 1876 2625 nudati,

1002 2647 1118 2684 quum
1142 2634 1243 2674 haec
1268 2639 1307 2673 et
1331 2635 1472 2674 similia
1496 2649 1725 2687 synonyma
1742 2640 1876 2674 auctor

1001 2695 1105 2729 amet
1137 2693 1378 2742 coniungere.
1429 2692 1478 2731 cf.
1510 2692 1607 2730 Met.
1634 2690 1685 2730 X.
1717 2704 1754 2742 p.
1783 2694 1875 2732 738.

1001 2747 1116 2786 nudo
1140 2753 1177 2786 ct
1203 2749 1357 2787 intecto
1382 2763 1570 2801 corpore.
1597 2746 1701 2785 ΠΗ.
1727 2762 1764 2800 p.
1780 2753 1874 2790 516.

1001 2804 1168 2843 inermes
1183 2809 1308 2857 atque
1319 2805 1527 2844 immuniti.
1540 2803 1724 2842 MetXss.
1733 2817 1769 2855 p.
1779 2809 1875 2846 457.

1002 2862 1150 2911 sprete's
1169 2865 1294 2913 utque
1314 2863 1534 2900 contemtis.
1558 2860 1609 2899 X.
1624 2875 1663 2913 p.
1679 2863 1877 2901 724 sola

1012 2920 1051 2954 et
1065 2917 1150 2955 sine
1164 2917 1250 2956 ullo
1264 2918 1408 2956 comite
1435 2916 1562 2968 [Afris
1582 2917 1760 2956 omnibus
1775 2917 1875 2957 haec

1009 2971 1186 3011 eiusdem
1210 2972 1447 3023 significatus
1465 2973 1739 3012 vocabulorum
1757 2975 1876 3026 gemi-

1010 3030 1112 3068 natio
1138 3033 1201 3067 est
1224 3029 1423 3068 tritissima
1453 3029 1500 3068 cf.
1519 3029 1616 3069 Min.
1640 3029 1724 3068 Fel.
1750 3044 1782 3070 e.
1810 3036 1875 3073 16.

1009 3091 1054 3125 ut
1072 3090 1223 3137 potero
1250 3099 1335 3138 pro
1360 3085 1510 3126 viribus
1532 3086 1598 3124 ubi
1630 3086 1678 3126 cf.
1703 3086 1804 3126 Dav.
1835 3091 1876 3125 et

1009 3141 1169 3181 Herald.
1194 3141 1294 3181 Lob.
1320 3141 1369 3180 ad
1394 3141 1504 3182 Aiac.
1534 3155 1572 3194 p.
1603 3147 1692 3184 137.
1725 3143 1786 3183 ed.
1812 3144 1872 3196 2.]
