2155 3590
587 135 775 174 LIBER
800 134 920 174 ἵ(111.
978 134 1104 174 CAP.
1129 134 1252 174 XIX.
1276 134 1371 172 XX.
1799 129 1882 172 707

84 254 272 302 gravatus
297 247 432 298 annis,
467 254 570 287 totus
597 247 637 287 in
662 247 838 298 baculum
861 261 1006 302 pronus
1027 255 1066 287 et
1090 247 1236 288 lassum
1263 245 1423 285 trahens
1449 243 1680 297 vestigium,
1713 241 1880 281 ubertim

82 304 314 354 lacrimans,
349 317 418 357 per
448 303 551 343 viam
581 303 799 357 proximat,
834 304 1007 356 visisque
1039 303 1150 343 nobis
1182 317 1267 343 cum
1301 301 1393 341 fletu
1424 300 1597 340 maximo
1630 299 1878 352 singulorum

81 361 265 402 iuvenum
291 373 418 413 genua
445 360 677 414 contingens
702 360 760 400 sic
785 360 995 401 adorabat:

650 533 1043 580 CAPUT
1158 532 1292 579 XX.

189 663 268 705 Per
304 664 503 705 Fortunas
540 671 773 717 vestrosque
812 664 961 704 Genios
1000 664 1057 704 sic
1093 665 1140 703 ad
1177 677 1288 704 meae
1331 661 1548 702 senectutis
1590 660 1717 714 spatia
1755 658 1876 700 validi

76 719 244 774 laetique
258 721 449 770 veniatis,
479 721 661 776 delcepto
676 721 760 760 seni
775 720 992 770 subsistite,
1015 734 1221 773 meumque
1240 719 1443 773 parvulum
1466 718 1513 757 ab
1534 717 1674 757 inseris
1697 722 1875 770 ereptum

78 777 187 817 canis
219 778 314 817 meis
347 777 511 817 reddite.
561 776 697 830 Nepos
729 791 896 830 namque
921 791 1030 816 meus
1057 783 1095 816 ct
1120 776 1273 816 itineris
1301 775 1415 815 huius
1441 774 1585 814 suavis.
1601 786 1757 823 comes,
1787 772 1876 811 dum

77 833 179 873 forte
206 847 402 888 passerem
428 833 695 874 incantantem
722 833 918 888 sepiculae
945 840 1198 874 consectatur
1229 832 1427 886 arripere,
1463 830 1644 884 delapsus
1670 830 1711 869 in
1738 828 1876 883 proxi·

1903 715 1965 747 561

74 963 230 998 totusque
245 963 279 990 B.
294 966 321 990 et
337 971 378 991 ex
391 971 444 999 eo,
472 966 504 991 ut
520 965 605 998 nuto,
632 962 728 991 tacite
742 963 823 990 Elin.
838 962 953 996 edidit,
974 969 1066 995 quent
1081 962 1118 990 de
1133 969 1218 990 more
1231 963 1413 994 sequuntur
1425 960 1566 988 Sci-iver.
1582 962 1611 987 et
1626 958 1746 987 Florid.
1761 962 1875 987 contra

72 1007 212 1040 reliquos
232 1010 312 1035 Mss.
333 1012 360 1036 et
382 1009 462 1036 Eud.
483 1008 676 1042 geniumque
695 1007 840 1041 Apuleii.
889 1005 1019 1041 lapsum
1040 1008 1075 1034 G.
1098 1008 1127 1035 1.
1148 1008 1183 1035 Ο.
1203 1003 1231 1034 δ’.
1254 1005 1274 1034 f.
1322 1004 1486 1032 lacrimas
1507 1004 1528 1032 s.
1546 1006 1586 1033 D.
1635 1004 1799 1031 continua
1818 1011 1874 1037 pro

71 1052 266 1089 contingens
287 1052 307 1081 f.
334 1053 374 1081 cf.
395 1054 472 1081 Ded.
491 1053 531 1080 ad
551 1053 633 1081 Dict.
655 1053 738 1080 Cret.
752 1053 791 1080 11.
806 1053 858 1081 51.
880 1054 986 1080 Gloss.
1008 1060 1037 1086 p.
1052 1052 1128 1079 311.
1176 1049 1347 1078 adm-ubal
1367 1051 1403 1079 F.
1419 1051 1449 1078 3.
1471 1052 1505 1078 G.
1524 1051 1551 1077 1.
1567 1057 1596 1083 p.
1617 1049 1638 1077 f.
1659 1046 1687 1078 δ.
1708 1050 1779 1077 edd.
1794 1052 1872 1078 vett.

71 1104 174 1130 usque
187 1099 228 1125 ad
243 1098 409 1133 Colvium.
435 1098 489 1131 qui
504 1095 647 1131 adm-ae,
673 1098 754 1130 quod
770 1097 868 1125 ceteri
889 1097 978 1125 codd.
999 1099 1136 1134 habent,
1162 1096 1316 1125 restituit.
1342 1097 1389 1123 De
1408 1097 1469 1124 hac
1489 1099 1663 1128 temporum
1682 1094 1872 1131 mutatione,

70 1148 153 1176 quae
165 1142 318 1170 librarios
331 1143 465 1177 saepius
480 1143 675 1178 offendebat,
702 1142 825 1176 passini
839 1145 886 1170 est
901 1141 1066 1170 monitum.

161 1191 362 1224 vestrasque
375 1189 409 1215 0.
435 1190 637 1224 nostrosque
650 1185 680 1215 δ.
724 1187 837 1224 gem'es
851 1188 886 1215 G.
903 1188 932 1214 2.
947 1187 981 1215 0.
1004 1187 1128 1222 gemies
1143 1188 1177 1214 G.
1195 1188 1224 1215 1.
1247 1185 1394 1223 gmm'nes
1407 1187 1447 1214 D.
1494 1183 1615 1212 rallt'di
1627 1185 1662 1212 G.
1677 1186 1709 1213 2.
1757 1181 1870 1211 decre-

66 1232 139 1268 pito
159 1241 215 1266 pro
233 1231 368 1269 deceptu
389 1234 567 1261 Beroaldus
585 1232 739 1268 coniecit,
766 1235 794 1259 et
816 1232 849 1260 in
869 1234 1054 1260 contextum
1074 1236 1263 1265 receperunt
1284 1232 1379 1259 Vulc.
1400 1231 1460 1258 Ed.
1480 1232 1511 1258 2.
1531 1230 1785 1266 Etn1.scriver.,
1811 1237 1872 1258 nee

69 1278 207 1305 correxit
222 1278 255 1306 in
269 1278 443 1306 collatione
456 1278 491 1306 F.
508 1279 538 1306 1.
552 1277 825 1311 Lindenbrogius.
863 1277 961 1304 causi
971 1276 1004 1304 si
1013 1277 1049 1304 P.
1064 1284 1120 1310 pro
1134 1277 1241 1304 vam's.
1282 1276 1346 1302 mei
1357 1273 1467 1302 redite
1481 1277 1516 1303 G.
1536 1276 1562 1303 1.
1600 1277 1694 1302 sorte
1705 1276 1790 1303 lunt,
1802 1276 1869 1303 1‚2.

66 1323 142 1350 Alo.
185 1329 365 1359 paxsarem
386 1324 422 1350 G.
444 1324 473 1351 1.
498 1320 552 1356 [iu
572 1322 667 1350 cuius
686 1321 832 1356 margine
853 1328 873 1349 a
891 1329 931 1350 m.
954 1330 980 1349 s.
1000 1325 1177 1349 correctum
1201 1324 1248 1349 est
1264 1321 1457 1356 pas-serem)
1480 1321 1515 1348 G.
1532 1321 1561 1348 2.
1575 1321 1613 1349 D.
1662 1320 1869 1347 varicantem

67 1365 147 1399 (nec
161 1367 370 1394 emicantem
384 1371 415 1395 ut
433 1368 512 1395 Oud.
527 1370 682 1400 excerpta
696 1367 913 1401 praebebant)
929 1367 964 1396 F.
981 1367 1009 1395 1.
1024 1367 1107 1394 unde
1121 1367 1200 1394 Oud.
1216 1366 1353 1394 coniecit
1366 1365 1609 1402 garri'tantem.
1648 1364 1869 1392 [nemum-em

64 1413 101 1440 L.
124 1416 155 1439 et
171 1415 233 1441 Ms.
253 1414 379 1449 Bran!⁰⁷
405 1412 459 1446 qni
480 1412 665 1440 emendavit
684 1414 873 1440 cantat-em.
913 1410 1161 1438 Ine-aritmelem
1178 1413 1213 1439 G.
1230 1413 1259 1439 2.
1295 1411 1330 1437 in
1344 1409 1528 1437 caritatem
1544 1412 1580 1438 G.
1597 1412 1625 1438 1.
1639 1412 1678 1439 D,
1725 1409 1870 1446 sepicule

64 1458 182 1485 hahent
197 1459 287 1486 codd.
300 1458 321 1486 i.
336 1467 363 1486 e.
376 1455 554 1494 sepiculae,
576 1458 659 1490 quod
672 1457 706 1485 in
720 1457 789 1485 edd.
805 1465 861 1491 per
873 1457 1033 1485 Roaldum
1046 1460 1076 1484 et
1090 1457 1237 1484 Colviuni
1253 1459 1417 1490 receptum
1432 1459 1490 1483 est.
1516 1456 1652 1483 Veteres
1666 1456 1737 1484 edd.
1750 1457 1871 1485 liabent

65 1501 248 1538 saepicule,
273 1504 354 1536 quod
367 1502 477 1531 statim
490 1503 646 1536 sequitur.
681 1500 808 1538 spic-ule
821 1503 970 1530 Beroald.
1006 1500 1157 1538 spiculue
1177 1503 1253 1530 Bas.
1269 1500 1300 1529 1.

64 1550 186 1575 erretur
200 1549 236 1588 G.
253 1549 280 1577 1.
317 1550 536 1576 consecratus
550 1548 584 1577 Ο.
621 1549 850 1575 consectatum
865 1556 895 1583 p.

64 1657 346 1709 interpreteris,
389 1662 430 1695 ut
467 1662 597 1696 contra
630 1672 785 1710 part-ns
816 1671 940 1709 saepe

63 1718 269 1765 usurpatur
287 1714 336 1753 de
362 1727 482 1766 puero
503 1718 541 1753 et
559 1716 690 1754 minor
710 1715 759 1753 de
779 1714 939 1761 iuniore,

62 1774 120 1808 ter
145 1770 246 1810 idem
277 1771 502 1822 repetiisset
526 1775 658 1810 auctor
682 1785 823 1816 senece,
855 1786 936 1811 ma-

61 1841 185 1879 ymcs,
209 1832 406 1880 yracatus
425 1831 554 1867 annis.
603 1828 735 1878 Atque
757 1841 824 1878 pro
837 1841 935 1878 pro-

62 1897 158 1922 cero
183 1897 256 1922 non
282 1884 432 1936 ponitur
456 1883 556 1922 haec
580 1897 658 1922 vox
681 1885 752 1921 nisi
774 1883 931 1922 ridicule

62 1940 387 1991 nonuunquamx'fiv
412 1939 498 1978 Hae
514 1940 625 1991 igitur
646 1954 812 1979 caussae
827 1940 928 1978 Oud.

65 1997 380 2042 commovebant,
428 2000 469 2034 ut
495 1998 666 2049 ilqnarus
692 1996 927 2035 emendaret.

62 2052 109 2090 es.
142 2051 258 2091 Misc.
290 2052 389 2092 obs.
421 2052 510 2090 vol.
538 2052 600 2092 Ill.
634 2051 678 2090 Τ.
709 2051 738 2090 1.
770 2067 807 2105 p.
839 2056 926 2093 134.

62 2109 291 2159 praesertim
317 2122 432 2160 quum
453 2109 527 2160 ipsi
543 2122 627 2146 cuin
642 2107 803 2147 Pricaeo
820 2109 926 2160 Apu-

62 2165 162 2203 leius
188 2164 315 2204 locum
338 2165 489 2216 Virgilii
518 2165 615 2204 Aen.
636 2164 697 2203 lll.
718 2169 810 2206 591.
837 2169 927 2204 ante

63 2222 201 2260 oculos
227 2221 415 2260 habuisse
440 2221 649 2259 videretur:
680 2221 775 2262 Cum
795 2222 926 2261 subito

61 2293 81 2316 e
96 2278 204 2317 silvis
217 2279 544 2328 madoco-nfecta
553 2291 742 2329 suprema
757 2279 812 2331 15]
821 2293 846 2316 η
859 2292 882 2316 0
892 2279 926 2317 ti

60 2348 164 2373 noca
198 2337 337 2387 forma
372 2335 446 2372 ciri
475 2334 789 2386 miserandaque
815 2334 925 2374 cultu

61 2391 274 2436 Procedit,
288 2390 547 2442 supplexque
561 2404 701 2430 manus
714 2391 771 2430 ad
785 2391 925 2430 littora

60 2449 202 2486 tendit.
260 2445 410 2485 Postea
446 2446 627 2485 divinavit
663 2449 821 2500 nmquis
856 2447 926 2486 illc

62 2504 223 2556 quidem
246 2508 444 2556 yravatns
469 2504 597 2548 arinis,
623 2506 663 2541 nt
681 2505 840 2556 maym's
864 2503 926 2542 hic

59 2573 128 2611 pro
137 2559 444 2610 nmltispositum
454 2563 574 2598 esset.
591 2559 772 2610 Denique
786 2560 926 2611 probat

60 2617 316 2655 coniecturam
354 2616 492 2655 Matth.
532 2615 676 2654 Roveri
708 2617 838 2669 nmyis
868 2630 922 2654 sc.

61 2686 175 2723 quam
199 2673 302 2725 prior
326 2686 468 2718 senex,
494 2672 542 2710 de
569 2685 644 2723 quo
672 2672 773 2710 sacta
799 2672 922 2711 suerat

58 2729 212 2768 mentio.
241 2729 370 2782 [Haec
389 2742 620 2781 quamquam
640 2729 742 2766 bene
756 2729 803 2766 ab
818 2727 920 2768 Oud.

61 2785 255 2836 disputata
274 2789 380 2834 sunt,
406 2800 478 2824 nec
503 2800 526 2824 a
551 2798 612 2822 nie
637 2784 764 2824 afferri
789 2789 921 2837 potest

60 2840 188 2889 locus,
214 2856 289 2893 quo
315 2856 488 2896 maynus
512 2842 561 2880 de
581 2855 743 2893 procero
763 2841 918 2880 homine

61 2897 202 2938 dictum
232 2898 434 2947 invenitur,
465 2903 592 2937 tamen
621 2897 694 2936 loci
719 2911 917 2937 connexus

59 2952 231 3004 flagitare
267 2956 459 3001 videatur,
503 2959 543 2994 ut
584 2954 661 2993 huc
696 2955 922 2994 toleramus.

61 3009 243 3060 Sequitur
279 3014 378 3052 enim
411 3017 608 3066 yracatus
644 3012 778 3058 αηηίε,
816 3016 923 3052 totus

59 3067 102 3104 in
128 3067 313 3108 baculum
329 3083 501 3123 pronus,
525 3072 568 3108 ut
591 3068 640 3107 de
664 3081 761 3107 sene
784 3067 923 3107 intelli-

61 3122 228 3175 gendum
247 3125 316 3173 sit,
342 3127 405 3179 qui
426 3139 659 3178 quamquam
684 3125 820 3164 eximia
843 3129 924 3165 erat

1347 1499 1504 1537 abripere
1518 1502 1554 1529 G.
1567 1501 1598 1530 2.
1613 1501 1651 1530 D.
1665 1502 1702 1530 L.
1752 1507 1869 1528 come·

1002 1657 1172 1708 cot-poris
1212 1656 1492 1708 magnitudine,
1535 1660 1698 1695 senecta
1735 1660 1862 1697 tamen

999 1718 1078 1754 toto
1105 1727 1267 1764 corpore
1295 1717 1474 1751 curvatus
1501 1713 1693 1765 incessit]

1055 1768 1250 1808 cmxx.
1301 1769 1486 1821 Deceplo
1501 1771 1597 1809 seni.
1644 1769 1753 1807 Male
1774 1784 1865 1808 con-

995 1825 1376 1866 iecturamBeroaldi
1404 1826 1620 1877 decrepito
1645 1826 1680 1863 in
1708 1831 1864 1864 contex-

991 1887 1071 1922 tum
1096 1887 1328 1933 receperunt
1353 1881 1540 1920 editorum
1566 1882 1715 1933 aliquot
1733 1896 1863 1922 recen·

989 1940 1137 1986 tiorum,
1165 1952 1236 1976 nec
1262 1938 1378 1977 ullius
1403 1938 1508 1976 assis
1534 1942 1598 1977 est
1622 1937 1768 1977 Brantii
1794 1939 1862 1979 de-

986 1997 1110 2046 fecto.
1161 1994 1330 2046 Egregie
1354 1993 1561 2042 Pricaeus,
1588 1995 1697 2034 cuius
1721 1996 1862 2042 scrinia

988 2052 1038 2090 de
1074 2065 1182 2089 inore
1219 2049 1444 2103 compilavit
1482 2050 1684 2097 Floridus,
1728 2052 1859 2091 multis

987 2108 1182 2159 exemplis
1211 2108 1348 2157 docet,
1385 2108 1603 2159 deceptam
1638 2107 1858 2159 significare

988 2169 1142 2216 praeter
1164 2177 1278 2215 spem
1306 2168 1344 2203 et
1368 2164 1588 2215 opinionem
1614 2164 1854 2214 destitutum,

988 2222 1142 2268 orbum,
1172 2219 1461 2272 prbatunreo}
1494 2221 1600 2272 quod
1623 2221 1700 2272 ipsi
1725 2235 1854 2260 carum

987 2282 1068 2316 erat
1081 2279 1233 2329 pignus.
1259 2276 1472 2316 Praeterea
1485 2276 1586 2315 Oud.
1602 2277 1710 2316 addit
1723 2277 1852 2318 Burni.

986 2334 1036 2374 ad
1066 2333 1221 2373 Petron.
1255 2348 1286 2373 c.
1323 2339 1411 2374 115.
1445 2333 1548 2372 Yetl.
1582 2332 1626 2371 ll.
1658 2338 1747 2375 116.
1780 2349 1854 2373 sua

987 2391 1073 2430 dict.
1089 2392 1137 2430 ad
1154 2390 1414 2430 111ican.¹t'lll.
1430 2394 1496 2432 61.
1517 2389 1564 2428 al.
1582 2389 1665 2428 lntt.
1680 2391 1730 2429 ad
1745 2391 1850 2442 Virg.

985 2448 1084 2486 Aen.
1100 2447 1166 2486 lv.
1195 2452 1259 2488 17.
1308 2446 1445 2499 [Plura
1476 2446 1621 2485 dabunt
1645 2446 1775 2485 Burm.
1801 2448 1850 2486 ad

983 2504 1147 2543 Anthol.
1177 2503 1222 2542 ll.
1249 2517 1286 2554 p.
1313 2508 1397 2549 38.,
1429 2504 1491 2554 qui
1525 2508 1695 2542 nostrum
1723 2503 1850 2542 locum

983 2565 1164 2599 accurate
1188 2560 1375 2606 defendit,
1413 2563 1452 2598 et
1488 2559 1611 2598 Buen.
1649 2559 1700 2599 ad
1735 2559 1847 2599 Lact.

984 2616 1175 2656 Inst.V11.
1206 2621 1268 2658 16.
1295 2617 1325 2668 ξ.
1354 2620 1390 2657 6.
1416 2630 1452 2668 p.
1480 2616 1592 2669 947]

1035 2675 1192 2726 (lentos.
1229 2673 1310 2726 [De
1324 2687 1428 2711 inore
1446 2678 1614 2710 veterum
1630 2686 1698 2723 per
1711 2673 1846 2723 genios

979 2730 1146 2778 iurandi3
1171 2730 1218 2768 cs.
1235 2730 1409 2768 Hansen.
1425 2729 1473 2767 de
1483 2728 1730 2768 iureiurando
1742 2729 1845 2767 vett.

979 2800 1011 2825 c.
1042 2790 1104 2826 16.
1143 2788 1178 2824 iu
1208 2786 1353 2826 Graev.
1388 2785 1509 2824 Thes.
1536 2785 1697 2837 Antiqq.
1724 2784 1768 2824 Τ.
1795 2785 1844 2823 V.

977 2856 1013 2894 p.
1041 2843 1153 2895 841.]

1035 2900 1144 2938 cani.
1198 2898 1350 2950 [Gloss.
1388 2897 1543 2936 Philox.
1579 2911 1617 2949 p.
1648 2902 1713 2938 34.
1752 2899 1846 2937 cam‘

980 2956 1122 2995 πολιαί.
1160 2955 1295 2993 Gloss.
1332 2954 1422 2993 lsid.
1454 2969 1489 3006 p.
1525 2959 1617 2995 684.
1654 2955 1842 3005 Kanz'fer.

979 3025 1113 3051 senez.
1151 3010 1265 3049 Ovid.
1291 3011 1387 3049 Met.
1412 3009 1480 3062 Ill..
1501 3014 1594 3051 516.
1620 3009 1722 3050 Vlll.
1748 3015 1843 3052 567.

962 3067 1072 3106 XV.
1087 3071 1180 3108 211.
1206 3067 1256 3106 ad
1275 3080 1375 3118 quos
1394 3067 1505 3106 locos
1531 3066 1579 3107 cf.
1594 3066 1678 3106 Intt.
1692 3067 1841 3107 Arnob.

982 3124 1049 3165 IV.
1066 3128 1130 3167 26.
1156 3137 1279 3165 senex
1296 3123 1498 3184 Saturnus
1515 3124 1756 3164 iamdudum
1777 3123 1842 3176 ob7

1453 3185 1457 3189 ⁴
1528 3192 1580 3237 45
1596 3190 1617 3214 ²⁸
