2155 3590
697 144 884 184 LIBER
916 145 992 186 ΙΙΙ.
1046 143 1171 185 CAP.
1200 144 1229 185 1.
1794 143 1873 186 151

80 259 188 300 vadit
211 258 381 298 animum
406 257 586 311 vesperni
613 258 807 297 iecordal
813 272 886 297 one
914 259 1116 299 facinoris.
1151 256 1158 315 Ι
1185 256 1428 311 Complicitis
1454 257 1623 321 denique
1645 257 1804 311 pedibus
1829 271 1875 297 ac

79 314 292 370 palmulis
281 328 322 354 m
342 314 480 354 alteru
473 328 515 353 ιε
533 313 741 367 digitorum
762 329 787 354 v
792 314 825 353 i(-
828 314 1054 355 issitudines
1073 328 1233 368 snper„
1212 327 1340 353 <renna
1359 314 1568 363 connexis,
1592 313 1648 353 sic
1669 313 1873 367 grabatum

81 371 210 412 coxim
240 370 415 410 insidens
447 370 613 410 ubertim
646 370 915 419 flcba111,iam
950 372 1073 411 forum
1101 378 1140 411 et
1164 370 1327 419 iudicia
1361 370 1437 409 iam
1463 369 1721 419 sententiam,
1749 370 1872 423 ipsum

80 427 245 480 denique
271 427 491 467 carnificem
518 426 860 480 imaginabundus.
905 430 970 467 An
997 428 1087 467 mihi
1114 427 1316 481 quisquam
1344 433 1420 465 tam
1446 426 1551 465 milis
1577 433 1732 478 tamque
1757 426 1874 466 bene-

80 483 192 525 volus
217 483 337 523 iudex
362 482 560 536 obtinget,
595 483 659 536 qui
691 497 750 522 me
784 483 910 523 trinae
937 485 1066 524 caedis
1098 497 1238 523 cruore
1264 482 1444 536 perlitum
1471 489 1509 522 et
1534 489 1592 521 tot
1616 482 1757 522 civium
1785 496 1873 522 san-

81 539 198 594 guine
224 536 457 589 delibutum,
486 539 733 579 innocentem
762 540 1017 593 pronuntiare
1043 540 1213 594 poterit?
1259 538 1373 579 Hanc
1398 538 1505 578 illam
1536 538 1627 578 mihi
1662 538 1875 592 gloriosam

78 595 433 651 peregrinationem
463 596 545 635 sore
561 594 782 636 Chaldaeus
801 595 1024 650 Diophanes
1051 596 1244 636 obstinate
1272 594 1557 651 praedicalbat.
1621 594 1731 634 Haec.
1755 595 1876 634 idem-

77 745 132 776 vel
141 747 224 782 quod
236 750 312 775 ante
326 746 480 782 vesperni
491 747 638 775 nonnulli
652 748 742 776 codd.
757 751 784 775 el
801 749 870 776 enin.
886 750 1036 782 praebent
1054 757 1116 776 non
1134 752 1293 783 compare!
1309 748 1343 776 ἰιι
1356 749 1391 776 F.
1410 750 1436 776 1.
1451 749 1480 775 3.
1498 748 1532 775 P.
1549 748 1584 775 G.
1604 748 1630 776 1.
1646 748 1676 775 2.
1691 748 1764 775 coll.
1779 747 1876 775 voss.

76 795 114 823 1..
128 792 150 822 f.
163 793 199 821 0.
212 788 241 820 δ’.
254 791 286 830 β.
301 794 345 821 Μ.
370 794 452 820 lunt.
467 794 496 821 2.
510 793 624 822 Vener.
640 789 670 821 4.
691 793 796 821 Paris.
845 793 1056 830 animumque
1069 794 1171 823 Basil.
1190 795 1216 822 1.
1264 793 1420 829 vesperni
1442 793 1476 821 F.
1491 794 1521 820 3.
1537 793 1572 821 G.
1588 794 1618 820 2.
1632 793 1668 820 P.
1687 793 1770 820 lunt.
1786 793 1816 820 2.
1841 793 1877 819 In

77 838 193 867 ceteris
207 841 255 866 est
270 836 461 873 vespertini.
488 837 690 875 facinorum
705 839 742 866 R.
757 837 778 866 f.
815 837 1080 876 cmupliev'le’sqne
1094 840 1128 867 P.
1167 837 1354 875 complictz's
1372 840 1410 867 D.
1426 846 1445 867 a
1465 846 1504 866 ni.
1520 846 1549 872 p.
1581 836 1707 874 palmis
1722 845 1751 871 p.
1787 836 1879 864 inter

77 882 234 911 alternas
247 885 283 911 L.
298 884 335 911 R.
352 883 373 911 f.
387 883 422 911 P.
437 884 470 911 0.
486 880 514 911 ὃ.
564 882 747 919 cammaris
761 882 820 912 sie.
841 885 875 912 P.
925 883 1043 911 cossim
1064 886 1099 913 G.
1118 886 1145 912 1.
1159 886 1189 913 2.
1204 885 1241 913 D.
1262 885 1345 913 Iuni.
1363 886 1390 912 1.
1404 885 1434 912 2.
1461 884 1534 912 Ald.
1559 884 1595 911 In
1615 886 1687 911 cett.
1710 883 1779 910 edd.
1801 885 1878 910 vett.

77 927 199 956 eos-sin.
226 928 342 956 cessim
358 925 386 956 δ.
412 927 507 954 sesae'm
523 930 559 956 R.
577 929 597 957 s.
646 931 684 955 ae
697 926 781 954 mv'ln'
792 929 826 956 Ο.
874 936 919 955 un
933 927 1016 955 mr‘lu’
1027 930 1163 965 mquam
1179 926 1208 957 δ.
1258 931 1327 956 lom
1341 929 1431 956 milis
1445 928 1476 956 in
1491 927 1641 956 omnibus
1654 927 1775 963 legitur
1788 928 1878 955 codd.

75 977 107 1003 et
120 974 189 1002 edd.
205 977 280 1002 ante
292 973 513 1010 Basilienses,
529 974 560 1001 in
576 981 710 1007 (marum
726 976 894 1006 utrumque
908 978 1091 1002 contextum
1105 975 1214 1003 nescio
1229 975 1282 1008 qui
1297 974 1422 1009 irrepsit
1439 972 1567 1001 anticus
1577 995 1585 1009 ‚
1606 980 1627 1001 a
1640 972 1754 1001 coli-io
1766 973 1878 1000 U'ow.

76 1022 108 1048 et
119 1019 276 1048 Vulcanii
291 1023 426 1052 utraque
439 1020 497 1046 Ed.
513 1022 680 1047 retenium.
707 1019 767 1046 Sed
783 1018 865 1046 idem
880 1022 926 1047 est
943 1019 1071 1047 tnm'eus
1085 1023 1114 1047 et
1128 1018 1307 1047 bem'nolns.
1333 1020 1458 1047 Forsan
1472 1022 1579 1047 lamen
1592 1018 1639 1046 sic
1657 1019 1777 1046 habent
1796 1018 1833 1045 R.
1849 1020 1879 1045 ct

75 1066 131 1100 1..;
167 1071 250 1099 quae
277 1064 439 1092 sententia
459 1068 507 1092 est
533 1065 610 1092 Oud.
658 1063 810 1100 ablinget
833 1065 867 1091 L.
901 1063 1053 1101 obtingat
1079 1066 1116 1093 R.
1142 1066 1224 1098 quod
1248 1065 1326 1093 Oud.
1352 1066 1438 1092 male
1463 1064 1594 1098 recepit.
1631 1062 1819 1099 obtingeret
1842 1062 1879 1090 B.

78 1109 191 1138 trinae
211 1110 246 1138 F.
260 1110 291 1138 3.
311 1110 347 1137 G.
366 1109 392 1137 l.
408 1110 436 1137 2.
456 1110 493 1137 D.
515 1110 549 1137 O.
568 1110 605 1137 B.
626 1110 661 1138 P.
684 1105 711 1137 δ.
737 1110 820 1136 lunt.
837 1109 865 1136 2.
892 1111 927 1136 In
948 1110 1082 1143 reliquis
1102 1113 1149 1138 cst
1172 1112 1299 1136 lernae.
1326 1111 1438 1136 tetrae
1457 1111 1576 1137 hahent
1589 1108 1704 1136 Vener.
1721 1108 1750 1136 4.
1773 1106 1879 1135 Paris.

75 1155 153 1184 Bas.
168 1155 198 1183 2.

246 1161 367 1182 cruore
376 1152 539 1189 perlitum
552 1154 587 1182 F.
603 1156 633 1183 3.
649 1155 684 1183 G.
703 1156 728 1182 1.
744 1155 774 1181 2.
790 1154 828 1181 D.
842 1154 878 1181 P.
893 1154 929 1181 B.
945 1154 1034 1182 Colv.
1050 1155 1145 1182 Vulc.
1160 1155 1271 1182 XVow.
1286 1154 1368 1182 Elin.
1383 1154 1486 1181 Scriv.
1511 1155 1547 1181 In
1568 1153 1686 1181 ceteris
1706 1155 1754 1180 est
1768 1149 1878 1188 perli-

78 1202 147 1228 tum
160 1207 290 1226 cruore.
339 1197 509 1226 obstinato
523 1200 561 1227 R.
576 1198 596 1227 f.
640 1196 861 1234 praedicebat
879 1199 915 1225 R.
939 1198 958 1226 f.
983 1200 1019 1226 In
1039 1199 1154 1227 ceteris
1174 1199 1323 1227 omnibus
1344 1202 1391 1227 es!
1404 1196 1641 1234 praedicabat.
1689 1195 1774 1225 haec
1787 1199 1879 1226 abest

75 1247 116 1274 ab
129 1246 212 1274 lunt.
230 1245 257 1273 1.
272 1245 347 1274 Alii.
394 1241 449 1270 hic
461 1243 758 1273 Vi‹:e1n.v·=net.‘.².
774 1244 803 1271 ⁴.
820 1242 886 1271 Col.
900 1243 976 1271 Bas.
998 1245 1021 1271 Ι.
1040 1244 1144 1273 Paris.

132 1377 326 1429 vesperni.
387 1374 463 1428 [lta
499 1388 548 1413 ex
585 1376 668 1414 cod.
702 1374 872 1416 Florent.
910 1380 947 1414 et

77 1434 171 1472 lunt.
191 1432 236 1471 ll.
261 1432 377 1471 scribi
403 1431 602 1478 voleba1u3
634 1431 681 1470 cf.
709 1431 817 1471 Fest.
849 1447 880 1472 s.
911 1447 946 1472 v.

75 1503 271 1543 vesperna
300 1502 336 1539 p.
368 1493 457 1529 157.
489 1488 668 1527 Lindem.
700 1489 812 1527 eund.
846 1503 878 1528 s.
913 1503 947 1529 v.

78 1560 205 1586 coena
224 1559 261 1596 p.
282 1550 347 1586 41.
369 1545 499 1596 ibique
519 1543 604 1583 Intt.
626 1559 664 1596 p.
687 1549 779 1586 377.
801 1550 840 1584 et
859 1560 890 1584 s.
911 1559 945 1583 v.

76 1616 233 1643 scensas
261 1616 300 1654 p.
335 1605 426 1642 149.
457 1601 505 1640 cf.
538 1600 700 1639 Taubm.
738 1602 787 1640 ad
819 1601 945 1641 Plaut.

75 1658 229 1710 Fragm.
255 1672 291 1710 p.
314 1662 405 1698 487.
432 1663 470 1697 et
495 1658 543 1696 ad
568 1657 737 1696 Rudent.
765 1658 790 1697 Ι.
819 1662 854 1699 3.
882 1662 946 1699 91.

77 1715 323 1766 Quamquam
372 1715 473 1753 enim
527 1714 819 1753 concedendum
874 1720 946 1761 est,

78 1771 282 1824 Apuleium
308 1785 355 1809 eo
381 1771 534 1809 nomine
559 1771 704 1822 aliquid
724 1773 947 1817 innovasse,

78 1828 182 1880 quod
206 1828 256 1867 de
282 1841 404 1867 coena
422 1827 484 1866 hic
505 1841 576 1866 non
600 1827 793 1878 loquatur,
818 1833 946 1867 tamen

76 1898 204 1936 neque
229 1886 313 1923 eius
338 1885 490 1935 ingenio
516 1897 644 1934 neque
668 1884 873 1935 analogiae
892 1899 947 1923 re-

75 1946 223 1994 pugnat
246 1940 506 1993 vocabulum]

137 2021 390 2073 Complz'citv's
401 2033 525 2071 super
536 2033 684 2072 penna.
713 2019 844 2071 [Hunc
857 2034 950 2059 esse

78 2091 224 2116 morem
258 2077 468 2127 lugentium
499 2079 538 2113 et
568 2075 859 2126 desperantium
885 2077 950 2115 de-

77 2137 265 2172 monstrat
289 2131 418 2171 d'Orv.
445 2132 494 2170 ad
521 2131 661 2170 Charit.
686 2131 713 2170 l.
741 2136 777 2172 8.
804 2146 840 2183 p.
857 2137 949 2173 259.

76 2190 141 2229 ubi
177 2189 312 2241 plures
349 2188 458 2226 locos
495 2189 668 2226 invenies
698 2192 737 2226 et
768 2187 869 2228 Cort.
901 2190 950 2228 ad

77 2245 224 2285 Lucan.
251 2244 297 2284 H.
324 2244 435 2297 292]

135 2315 273 2354 cooeeTm
296 2312 488 2351 insidens.
534 2311 760 2364 [lucin-vatis
786 2314 951 2363 genibus

77 2374 117 2409 et
140 2369 296 2409 dimidia
320 2368 492 2419 corporis
516 2372 627 2420 parte
652 2370 771 2407 erecti
789 2371 952 2421 saepius

78 2427 346 2466 describuntur
376 2425 593 2477 epulantes.
643 2425 689 2463 cf.
717 2425 844 2464 Ursin.
870 2426 951 2478 Ap-

77 2483 192 2535 pend.
230 2482 278 2520 ad
313 2481 487 2520 Ciaccon.
525 2482 575 2519 de
611 2482 741 2520 triclin.
785 2496 820 2533 p.
859 2487 950 2523 233.

77 2539 178 2579 Non.
200 2553 236 2591 p.
259 2542 322 2579 39.
345 2551 376 2576 S.
399 2552 434 2576 V.
455 2539 656 2577 inem-are
676 2542 771 2591 etp.
790 2543 857 2579 40.
871 2553 902 2577 s.
919 2554 951 2578 v.

78 2597 229 2636 cossim.
290 2594 409 2633 Plura
434 2594 480 2633 cs.
508 2594 604 2633 Met.
633 2594 676 2633 ΙΙ.
703 2609 739 2646 p.
768 2596 877 2648 131]

137 2676 333 2727 obtinyet.
393 2673 497 2712 Oud.
523 2674 705 2725 praetulit
730 2675 840 2712 unius
867 2675 951 2714 cod.

78 2731 179 2783 Reg.
207 2731 411 2769 lectionem
429 2730 636 2782 obtlrzyat,
663 2732 753 2782 quia
778 2731 812 2768 in
840 2733 955 2770 tacita

77 2787 189 2828 Lucii
219 2787 517 2837 interrogatione
541 2787 691 2825 inesset
715 2800 812 2838 spes
838 2789 953 2826 metui

79 2845 209 2883 mixta.
246 2843 432 2883 Futurum
446 2843 727 2881 restituendum
741 2857 834 2882 esse
849 2845 952 2894 equi-

80 2900 170 2940 dem
194 2905 300 2952 puto,
326 2900 418 2951 quia
442 2900 646 2938 haesitatio
666 2903 813 2938 tantum
833 2903 953 2952 expri-

80 2958 203 3003 mitur,
228 2957 345 2996 talcm
371 2956 533 2995 indicem
560 2960 681 2994 utrum
707 2969 875 3006 unquam
901 2958 952 2996 in-

80 3017 265 3052 venturus
290 3015 351 3051 sit.

140 3082 282 3120 trinae.
327 3080 426 3127 Quid
448 3081 521 3119 sibi
546 3080 638 3118 velit
657 3080 759 3119 Oud.
787 3080 874 3119 coll.
901 3081 953 3119 di-

83 3140 170 3176 ctat.
202 3137 249 3176 ad
285 3138 392 3176 Suet.
421 3137 522 3188 Aug.
557 3152 587 3176 c.
617 3141 682 3178 74.
718 3141 857 3177 ternae
891 3137 954 3176 hic

1007 1390 1055 1414 ex
1071 1391 1182 1414 nonu.
1198 1376 1310 1414 codd.
1331 1377 1514 1420 retinen&
1535 1376 1625 1426 quia
1643 1375 1737 1414 ordo
1751 1375 1879 1414 hicio-

1007 1447 1092 1472 cum
1124 1447 1198 1471 non
1231 1431 1392 1475 habeat,
1431 1432 1559 1482 qualis
1590 1432 1686 1469 infra
1716 1445 1755 1482 p.
1790 1436 1880 1473 180.

1005 1490 1279 1541 conspiciatur,
1318 1490 1380 1527 vix
1415 1489 1555 1540 poterit
1592 1487 1774 1538 intelligi3
1813 1488 1881 1539 [cf.

1005 1546 1136 1584 Burin.
1158 1546 1207 1584 ad
1229 1545 1365 1584 Seren.
1386 1545 1543 1583 Samon.
1560 1547 1626 1585 32.
1641 1544 1709 1582 Dr.
1732 1545 1779 1582 ad
1795 1544 1882 1583 Liv.

1005 1601 1150 1639 XXIII.
1168 1605 1280 1642 49.6.
1307 1601 1381 1640 Hic
1400 1606 1527 1639 tamen
1552 1616 1624 1639 non
1640 1601 1754 1639 modo
1769 1616 1882 1654 prop-

1005 1664 1064 1697 ter
1094 1659 1206 1697 codd.
1237 1660 1501 1697 auctoritatem
1533 1658 1604 1695 sed
1638 1671 1705 1709 per
1730 1662 1883 1696 senten-

1007 1718 1096 1754 tiam
1129 1728 1285 1766 quoque
1318 1717 1450 1754 trinae
1480 1714 1797 1767 praeponendum
1823 1718 1885 1753 est

1007 1773 1116 1810 alteri
1143 1772 1296 1810 lectioni
1323 1777 1472 1810 ternae.
1535 1771 1617 1809 Sed
1643 1784 1728 1809 cum
1753 1771 1883 1811 Burni.

1007 1829 1054 1867 ad
1070 1828 1186 1867 Ovid.
1201 1828 1294 1866 Her.
1311 1827 1377 1866 IX.
1394 1832 1457 1868 38.
1475 1842 1548 1866 non
1574 1828 1686 1873 facin,
1708 1829 1771 1878 qui
1792 1828 1884 1866 nihil

1008 1887 1201 1923 interesse
1233 1889 1387 1931 censet,
1420 1888 1545 1922 utrum
1577 1885 1682 1923 terni
1713 1898 1759 1922 an
1787 1885 1886 1923 trz'ni

1010 1942 1196 1981 dieamus.
1252 1942 1371 1980 'l'rt'm'
1407 1942 1507 1979 enini
1539 1942 1576 1978 in
1610 1940 1788 1979 eiusdem
1819 1954 1883 1991 gc-

1010 2000 1110 2037 neris
1137 1999 1288 2049 ponitur
1311 1998 1442 2042 rebus,
1469 2010 1570 2047 quae
1595 1998 1691 2035 inter
1709 2011 1754 2036 se
1775 2010 1884 2036 accu-

1009 2056 1203 2094 ratissime
1217 2054 1465 2093 consociatae
1479 2057 1669 2106 apparent
1682 2067 1810 2105 eoque
1823 2067 1885 2091 se-

1010 2111 1086 2149 mel
1112 2115 1259 2149 lantum
1283 2110 1442 2162 proferri
1462 2124 1584 2162 posse
1604 2114 1804 2162 putantur:
1836 2109 1888 2150 cs.

1010 2167 1172 2206 Ramsh.
1201 2167 1416 2218 Synonym.
1442 2167 1564 2218 praes.
1590 2167 1638 2204 V.
1667 2170 1703 2207 2.
1727 2181 1764 2219 p.
1790 2165 1857 2219 L.]

1071 2235 1269 2273 obstinate
1289 2235 1579 2286 praedicabat.
1629 2233 1705 2286 [lta
1733 2238 1888 2285 praeter

1010 2291 1110 2341 ch.
1144 2295 1183 2329 et
1216 2291 1313 2329 Fux.
1347 2291 1461 2329 codd.
1492 2304 1629 2329 omnes
1660 2292 1797 2329 acriter
1822 2291 1886 2329 de-

1011 2347 1183 2386 fendunt.
1238 2346 1484 2397 Quamquam
1511 2361 1584 2398 ego
1609 2351 1740 2394 teneo,
1762 2361 1887 2399 prae-

1012 2405 1150 2444 dicere
1179 2417 1335 2456 semper
1365 2406 1543 2454 usurpari
1574 2404 1624 2441 de
1655 2405 1887 2443 vaticinante

1012 2465 1051 2499 et
1088 2463 1381 2511 praesagiente,
1420 2459 1527 2499 alteri
1559 2464 1689 2499 tamen
1717 2462 1887 2512 praedi-

1012 2517 1138 2556 candi
1157 2518 1346 2556 vocabulo
1366 2517 1466 2556 hanc
1480 2517 1798 2567 significationen}
1813 2531 1887 2555 non

1011 2574 1164 2612 omnino
1178 2574 1489 2612 abiudieavorim.
1540 2573 1684 2611 Extant
1698 2573 1799 2611 enim
1813 2573 1888 2612 loci

1010 2631 1072 2669 ubi
1105 2630 1219 2670 codd.
1246 2631 1377 2680 optimi
1402 2631 1653 2680 praedicare
1677 2633 1888 2669 reservant.

1012 2686 1189 2725 Lactant.
1217 2685 1416 2724 Flam-iad.
1450 2687 1524 2725 sab.
1543 2691 1577 2726 7.
1604 2700 1641 2737 p.
1658 2689 1751 2726 808.
1779 2685 1888 2726 Stav.

1014 2744 1178 2782 {rollens
1198 2745 1239 2781 in
1260 2747 1530 2794 contemptum
1547 2743 1801 2793 praedicata
1821 2745 1889 2783 Ti-

1012 2801 1143 2839 resiae
1162 2800 1334 2851 athant's
1356 2797 1388 2835 T
1392 2798 1516 2836 ertnll.
1540 2799 1693 2837 advers.
1708 2797 1789 2836 lud.
1804 2813 1835 2840 c.
1851 2803 1887 2841 3.

1011 2870 1049 2908 p.
1067 2860 1156 2896 186.
1172 2855 1219 2894 Β.
1233 2855 1378 2904 Rigalt.
1405 2855 1465 2892 ed.
1493 2855 1542 2892 de
1568 2854 1660 2905 fuga
1680 2856 1716 2892 in
1735 2868 1886 2907 perseo,

1013 2927 1043 2951 c.
1059 2917 1095 2954 6.
1111 2926 1147 2964 p.
1164 2915 1256 2953 539.
1273 2916 1361 2963 etp.
1380 2915 1471 2951 540.
1488 2912 1536 2949 A.
1552 2925 1583 2949 c.
1602 2915 1663 2951 12.
1678 2925 1716 2963 p.
1732 2916 1826 2954 542.
1840 2913 1886 2952 Β.

1010 2970 1284 3020 praedicatus
1309 2969 1632 3020 persecutione33
1670 2967 1718 3007 cs.
1744 2968 1811 3008 Dr.
1837 2970 1888 3009 ad

1010 3024 1096 3064 Liv.
1122 3024 1296 3064 XXXV.
1322 3027 1386 3064 39.
1413 3023 1444 3073 §.
1472 3028 1508 3064 7.
1540 3025 1599 3062 cui
1629 3028 1756 3063 tamen
1787 3025 1889 3065 hunc

1010 3095 1124 3120 usum
1148 3081 1342 3119 vindicare
1361 3095 1436 3118 non
1457 3081 1596 3126 audeo,
1623 3093 1737 3130 quem
1757 3083 1887 3134 potius

1012 3139 1238 3191 posterioris
1271 3138 1355 3176 aevi
1382 3150 1475 3177 esse
1501 3137 1749 3190 existimem]

1903 259 1963 292 173

1902 596 1966 630 174
