2155 3590
676 121 964 161 LIBERVL
1023 120 1151 162 CAP.
1181 119 1300 158 vul.
1792 118 1876 160 417

85 234 195 276 savia
207 233 345 274 suavia
358 240 395 274 et
412 247 527 273 unum
542 232 776 274 blandientis
792 233 954 288 appulsu
972 233 1131 287 linguae
1148 231 1265 281 longe
1284 229 1488 270 mellitum.
1515 229 1578 269 Ad
1599 228 1700 269 hunc
1720 229 1875 269 modum

83 290 359 345 pronuntiante
377 288 578 330 Mercurio
607 289 703 329 tanti
722 289 885 343 praemii
905 290 1042 344 cupido
1062 288 1241 330 certatim
1260 286 1432 327 omnium
1456 285 1680 326 mortalium
1705 285 1875 326 studium

82 352 305 387 arr-exerat.
334 344 445 399 Quae
464 359 530 386 res
549 359 652 386 nunc
671 346 734 386 vel
753 346 924 386 maxime
938 345 1099 386 sustth
1107 342 1283 400 Psyches
1298 356 1452 383 omnem
1468 341 1747 382 contationem.
1774 340 1874 381 Iam·

82 416 155 456 que
175 403 279 442 fores
300 403 382 442 eius
403 402 581 442 dominae
601 402 841 455 proximanti
861 402 1031 442 occurrit
1051 416 1129 442 una
1148 401 1195 441 de
1215 398 1458 440 famulitione
1471 397 1664 448 Veneris,
1693 395 1874 453 nomilne

79 457 351 500 Consuetudo:
376 458 600 512 statimque,
628 465 815 512 quantum
836 459 1007 498 maxime
1028 458 1168 512 potuit,
1190 456 1404 497 exclamat:
1429 454 1622 505 Tandem,
1651 454 1874 494 ancillaue-

64 560 174 592 'sabra
193 571 234 593 ex
252 571 338 593 more
357 561 385 592 δ.
422 563 520 591 ὑπείη
533 565 569 592 P.
584 565 619 592 G.
641 562 765 599 (neque
779 572 857 592 vero
870 563 968 591 casia
981 567 1147 598 corrupte.
1172 566 1206 592 ut
1221 563 1254 591 in
1267 563 1347 591 oud.
1361 560 1524 596 excerptis
1545 560 1638 596 erat)
1663 561 1703 588 D.
1751 557 1874 587 snat-ia

76 608 175 637 sacia
187 609 222 637 F.
242 610 267 637 t.
280 610 376 638 Vulc.
392 611 421 636 2.
453 607 656 637 blandientis
668 607 843 645 adpulsam
858 607 993 646 linguae
1007 611 1042 637 B.
1057 614 1086 637 et
1100 609 1171 637 edd.
1184 610 1263 637 vett.
1276 611 1404 642 praeter
1415 608 1499 635 lunt.
1514 607 1544 633 2.
1554 628 1561 635 .
1583 612 1666 640 quae
1678 608 1765 633 recte
1777 607 1875 633 habet

75 652 226 690 adpulsu.
241 655 330 683 Colv.
342 656 378 683 In
388 655 575 683 edit.Paris.
584 658 672 683 extat
687 653 877 691 adpulsum.
892 655 1011 682 veram
1023 654 1196 682 lectionem
1203 650 1347 689 adpulsu
1354 651 1647 681 resthfflstVower.
1673 652 1876 685 arrepserat

73 700 154 728 1².0.
178 702 371 735 arrepseret
381 701 417 728 G.
441 708 484 727 ae
496 702 691 735 repet-serat
699 701 736 728 D.
763 707 850 736 quae
865 707 918 726 res
932 707 1029 726 nuuc.
1043 700 1236 728 Consonans
1249 698 1354 733 magis
1366 697 1535 732 magisque
1547 695 1874 730 significans-stewe-

73 744 146 772 chio
159 745 328 773 videbatur
341 753 414 773 esse
428 745 622 774 emendatio:
642 752 730 782 quae
742 752 798 773 res
811 744 912 771 unica
928 743 986 772 rel.
1001 745 1064 772 Sed
1077 751 1165 771 nanc
1177 743 1264 772 addit
1278 747 1400 775 auctor.
1415 742 1461 770 uti
1475 743 1556 770 bene
1570 744 1674 769 monet
1684 740 1782 774 Oud..
1796 739 1875 773 quia

72 788 138 817 iam
156 793 231 817 ante
250 791 333 817 hane
353 790 638 824 promulgationem
652 790 780 823 Psyche
799 798 835 818 se
854 789 1004 817 dominae
1016 789 1137 817 Veneri
1156 789 1289 817 reddere
1302 788 1514 816 constituerat
1540 784 1582 814 cf.
1595 785 1736 813 Metvl.
1751 791 1781 818 p.
1796 785 1873 813 30¹.

63 832 128 860 ‘tel
142 836 218 862 ante
235 834 377 863 maxime
395 837 506 863 exulat
526 841 545 862 a
565 835 604 862 D.
651 834 901 862 cunctationem
922 836 958 862 G.
977 835 1015 862 D.
1030 835 1066 862 P.
1080 831 1109 862 δ.
1124 834 1265 862 Scriver.
1292 833 1356 861 Sed
1374 833 1500 860 nullum
1520 838 1596 859 esse
1609 829 1694 859 inter
1706 834 1874 862 utramque

70 879 204 907 {ormam
217 879 391 908 discrimen
401 901 409 911 ,
433 881 491 908 sed
505 880 624 913 ubique
636 880 806 914 contario,
831 878 970 907 eonem-n·
981 882 1054 907 cett.
1067 879 1274 907 scribendum
1287 885 1377 913 esse,
1401 883 1503 911 supra
1513 876 1579 905 iam
1592 882 1613 904 a.
1623 883 1676 910 me
1688 874 1875 909 expositum

71 929 118 952 est
133 925 331 953 accuratius.
368 923 435 951 iam
450 933 512 953 non
525 924 637 953 addita
651 925 813 960 particula
825 932 888 962 que
902 933 932 959 p.
967 925 1039 951 eius
1052 924 1124 952 sine
1136 925 1205 952 ullo
1217 930 1318 952 sensu
1330 930 1404 950 cum
1417 921 1552 950 Pricaeo
1563 921 1617 949 hic
1630 920 1694 949 loci
1706 920 1873 948 videretur

69 969 237 1005 esseaeiici
250 970 360 998 votuit.
382 971 461 998 oud.
473 970 725 998 videnturvoces
738 967 878 997 Veneris
892 974 921 998 et
935 969 1006 996 eius
1018 976 1080 997 sua
1093 975 1239 1002 quaeque
1252 968 1330 996 sede
1342 966 1520 1003 excidisse,
1530 970 1558 994 et
1572 967 1678 994 altera
1689 965 1785 994 alteri
1798 971 1873 992 esse

69 1014 306 1043 substituenda.
332 1015 488 1043 Emendat
502 1017 587 1043 hune
600 1017 724 1044 locum:
750 1012 856 1042 Fores
869 1013 1024 1041 dominae
1036 1011 1303 1050 eo’prort‘manti.
1345 1010 1571 1048 pmn'matv’m
1585 1011 1623 1039 R.
1637 1010 1660 1039 f.
1696 1017 1768 1037 uua
1779 1011 1873 1038 abest

68 1065 90 1087 a
103 1060 138 1087 G.
153 1059 188 1087 P.
202 1060 241 1087 D.
278 1058 505 1098 famulitione
522 1060 557 1088 F.
580 1060 609 1088 ί.
629 1061 665 1088 G.
685 1061 722 1089 P.
742 1061 780 1088 R.
798 1061 837 1088 D.
858 1059 879 1088 f.
899 1057 929 1088 δ.
949 1062 1027 1088 Met.
1040 1060 1080 1086 11.
1099 1066 1129 1092 p.
1144 1059 1197 1086 84.
1235 1057 1366 1084 nomine
1384 1064 1449 1086 non
1461 1055 1709 1091 conspicitnrin
1728 1056 1765 1084 G.
1778 1055 1817 1084 P.
1830 1055 1871 1084 D.

67 1157 105 1196 p.
130 1149 223 1186 496.
251 1146 300 1184 ob
326 1147 582 1186 iudiciuae
603 1148 848 1198 praemium.
872 1146 937 1185 ubi
984 1144 1118 1186 Thes.
1148 1144 1278 1195 Antiq.
1311 1142 1355 1180 T.
1387 1142 1415 1182 Ι.
1452 1157 1490 1195 p.
1517 1147 1629 1188 531..
1667 1142 1729 1193 qui
1766 1141 1870 1181 unde

68 1201 112 1240 F.
127 1205 164 1242 3.
189 1207 322 1253 aperte
335 1202 451 1240 habet
467 1204 694 1247 iudiciuae,
719 1207 807 1241 cett.
823 1202 936 1240 codd.

66 1271 157 1296 vero
172 1258 312 1296 eodem
327 1258 442 1296 modo
456 1259 646 1296 aberrant.
671 1258 753 1311 [De
768 1271 865 1297 voce
878 1260 937 1296 in-

65 1315 218 1359 dicina,
228 1327 460 1365 quamquam
476 1313 625 1366 legitur,
641 1320 824 1365 quantum
837 1316 936 1355 scio,

997 1199 1228 1240 vocabulum
1259 1199 1486 1239 ἰηᾱὶσίιιιιηι
1516 1199 1720 1243 sumserit,
1753 1211 1870 1249 quum

996 1258 1174 1307 nuspiam
1200 1255 1369 1307 legatur,
1395 1255 1576 1305 equidem
1601 1255 1765 1307 nescio.]

1052 1314 1164 1352 sacia
1191 1313 1343 1351 suat-ia.
1394 1310 1504 1349 Bene
1535 1316 1735 1362 comparat
1761 1309 1868 1350 Colv.

63 1370 189 1409 solum
213 1370 319 1422 apud
342 1370 571 1421 Apuleium,
596 1371 759 1409 dubitari
786 1370 930 1422 nequit,
983 1363 1793 1428 )10schiiilludld3>tl.1.1sqq.:>11<im01;
1804 1364 1870 1406 τὸν

62 1439 178 1478 quum
191 1427 311 1465 muita
323 1426 399 1465 alia
412 1426 596 1479 exempla
614 1427 773 1477 proferri
788 1430 932 1478 queant

62 1483 238 1522 eiusdem
262 1485 548 1522 terminationis.
586 1483 678 1522 Atia
702 1484 806 1522 enim
827 1487 930 1527 sunt,

61 1552 195 1590 qnaea
209 1539 337 1578 radice
346 1540 452 1578 verbi
467 1539 692 1579 formantur:
706 1549 747 1579 ut
761 1553 869 1580 aruo
879 1562 928 1567 ——

60 1597 202 1641 ruina,
235 1597 356 1648 rapio
376 1619 424 1624 —
447 1598 617 1648 rapina,
646 1597 774 1649 fodit)
793 1620 844 1625 —
863 1599 928 1647 fo·

61 1652 181 1698 diua,
212 1667 325 1705 auyo
345 1675 400 1681 —
419 1654 595 1705 auyiua,
626 1658 666 1692 et
690 1653 928 1693 iuridicina.

60 1709 112 1747 ita
129 1709 180 1747 ab
198 1709 341 1748 iudico
360 1709 398 1747 fit
417 1710 621 1754 indicina,
646 1709 721 1749 alia
734 1723 757 1748 a
777 1710 928 1760 supinis

59 1765 263 1804 verborum
277 1765 576 1816 proficiscuntur,
585 1770 627 1804 ut
638 1768 835 1810 textrina,
849 1779 928 1804 mo-

60 1821 231 1862 latrem.
270 1823 507 1873 pistrinum,
546 1824 780 1874 furatrina,
826 1821 929 1873 quod

60 1889 175 1927 quam
199 1890 319 1928 prave
337 1879 387 1916 ab
408 1877 566 1917 Roaldo
584 1883 848 1929 comparatum
867 1879 929 1919 sit,

57 1932 147 1973 hine
189 1938 322 1985 potest
364 1933 476 1974 effici.
537 1934 648 1980 Erat,
693 1948 810 1986 quum
854 1933 930 1972 hoc

60 1989 292 2029 rotmbulum
316 1991 351 2028 in
378 1992 479 2029 notis
506 1991 635 2030 Tiron.
660 2006 696 2043 p.
712 1994 776 2031 90.
802 2003 928 2028 emen-

58 2045 153 2084 dare
172 2045 331 2084 vellem:
353 2048 562 2093 iudicium,
578 2048 762 2086 iudiciua
783 2060 852 2097 pro
872 2048 929 2085 iu-

59 2101 217 2142 dicii-ns
237 2102 343 2153 quod
363 2103 415 2140 ibi
434 2103 583 2154 legitur.
610 2102 723 2142 Nunc
737 2116 825 2142 vero
841 2101 929 2153 lego

56 2158 588 2199 indicimn—indiciuium.
624 2158 676 2197 Et
699 2160 771 2198 nisi
794 2163 930 2209 aperte

59 2213 173 2253 codd.
204 2215 242 2252 in
272 2215 359 2253 loeo
389 2214 486 2254 Met.
509 2214 593 2254 Vll.
620 2219 714 2256 496.
746 2215 930 2254 adversa-

57 2274 197 2316 rentur,
209 2276 366 2323 propter
379 2270 586 2310 lectionem
600 2273 794 2311 indicit-ie
807 2272 930 2322 magis

57 2327 264 2378 probarem
279 2327 438 2366 formam
451 2329 654 2373 iudiciuii,
670 2328 775 2378 quod
790 2328 932 2366 eodem

53 2381 174 2421 modo
206 2385 448 2423 terminatum
481 2388 564 2429 est,
599 2389 641 2423 ut
676 2385 926 2424 scrutinium.

58 2439 107 2478 cs.
120 2436 216 2479 Met.
233 2439 300 2479 IX.
315 2454 351 2491 p.
367 2444 460 2481 674.
486 2440 570 2479 Sed
584 2455 684 2480 nunc
704 2439 793 2478 nihil
809 2444 926 2478 muto.

56 2495 122 2535 De
146 2495 279 2535 formis
305 2498 339 2535 in
367 2499 435 2536 ina
461 2497 509 2536 es.
526 2497 646 2536 Voss.
671 2497 793 2536 Arist.
819 2495 865 2535 T.
880 2495 925 2534 II.

57 2556 197 2604 p.714.
212 2554 342 2604 ibique
357 2552 617 2592 Eckst.1uret.
635 2553 685 2593 ad
700 2552 926 2603 Sytutnach.

58 2608 111 2649 V.
132 2613 201 2650 73.
228 2607 339 2648 Male
371 2623 460 2648 vero
493 2623 609 2659 agere
634 2610 827 2654 videntur,
864 2609 928 2660 qui

55 2665 266 2705 iudiciuae
278 2679 348 2717 pro
359 2668 546 2718 praemio
559 2667 706 2705 indicii
720 2665 928 2716 explicant,

59 2734 177 2772 quum
208 2723 336 2774 ipsum
366 2724 566 2763 iudicium
591 2724 659 2768 sit,
692 2734 928 2772 quamquam

57 2778 155 2824 scio,
174 2779 373 2819 indicium
392 2792 516 2830 saepe
534 2780 744 2830 praemium
765 2777 925 2816 delatio-

56 2835 120 2872 nis
129 2835 357 2886 significare.
383 2835 602 2874 csffaubm.
611 2835 660 2873 ad
672 2834 794 2875 Plaut.
803 2834 925 2874 Merc.

55 2887 121 2928 Ill.
146 2895 183 2930 4.
210 2896 273 2932 78.
322 2891 407 2930 Intt.
433 2892 483 2930 ad
507 2891 662 2931 Petron.
690 2891 773 2930 Sat.
799 2904 831 2929 c.
857 2894 923 2931 97.

55 2957 95 2996 p.
120 2949 215 2987 599.
241 2947 371 2988 Burm.
393 2949 454 2987 ed.
482 2953 519 2989 2.
543 2948 673 2987 Beier.
696 2947 747 2985 ad
773 2946 849 2986 Cic.
874 2947 925 2986 de

57 2999 137 3040 off.
166 3001 230 3041 Ill.
263 3008 328 3046 20.
358 3005 389 3056 §.
415 3009 481 3046 80.
515 3003 562 3044 T.
586 3004 632 3043 11.
662 3019 699 3056 p.
726 3007 820 3044 334.
868 3002 926 3043 lta

57 3058 247 3098 indicina
282 3061 550 3112 interpretatur
585 3060 714 3100 Polet.
751 3061 786 3098 in
822 3058 924 3098 Hist.

56 3111 148 3152 For.
174 3114 384 3157 Romvlfl.
416 3132 447 3157 c.
474 3122 511 3159 2.
547 3119 583 3157 in
615 3116 752 3156 Polen.
784 3115 926 3168 Suppl.

995 1429 1132 1476 Ερωτα
1144 1422 1209 1464 τὸν
1224 1422 1305 1463 ι’ἰεά
1318 1421 1466 1475 μακρὸν
1479 1421 1668 1475 &dimota
1689 1423 1804 1470 Εἴτις
1818 1425 1869 1462 ἐνὶ

988 1481 1172 1533 τριόδοισι
1184 1476 1427 1531 πλανώμενον
1439 1478 1699 1531 εἶδενῈρωτα.
1718 1481 1869 1531 Λραπε·

989 1540 1096 1585 τίδας
1109 1534 1197 1588 ἐμός
1212 1541 1327 1578 ἐστιν·
1353 1534 1374 1575 ὁ
1388 1532 1556 1587 μανντὰς
1568 1539 1678 1588 γέρας
1689 1536 1770 1583 ἑξεῖ.
1795 1537 1868 1575 M.-

989 1592 1090 1642 σθός
1102 1610 1160 1634 τοι
1172 1591 1217 1634 τὸ
1236 1596 1387 1645 φίλαμα
1401 1591 1444 1632 τὸ
1457 1589 1667 1644 Κύπριδος.
1694 1592 1776 1644 [De
1790 1592 1867 1630 Ve-

989 1652 1091 1690 neris
1106 1650 1253 1690 osculis
1267 1650 1506 1689 dulcissimis
1521 1662 1704 1701 compara
1717 1647 1803 1688 Intt.
1816 1649 1869 1688 ad

987 1708 1124 1747 Horat.
1150 1706 1270 1746 Od.1.
1291 1711 1352 1747 13.
1371 1710 1434 1748 16.
1460 1707 1687 1746 laedentem
1711 1706 1866 1751 oscula,

991 1778 1098 1817 quae
1116 1764 1247 1803 Venus
1273 1763 1430 1809 Quinta
1450 1767 1576 1814 parte
1598 1763 1663 1802 sui
1687 1763 1866 1801 nectar-it

991 1821 1141 1860 imbuit.
1169 1819 1210 1858 ln
1225 1819 1287 1858 his
1302 1819 1431 1858 verbis
1446 1819 1585 1857 eadem
1598 1819 1750 1857 ratione
1771 1817 1868 1856 ludit

990 1876 1136 1915 Fronto
1174 1874 1300 1927 Epist.
1343 1875 1396 1913 ad
1437 1875 1552 1914 Caes.
1590 1874 1639 1912 V.
1675 1873 1865 1914 XXXIII.

990 1947 1027 1984 p.
1056 1936 1147 1973 128.
1172 1932 1235 1970 ed.
1261 1932 1396 1970 Ronn:
1436 1932 1569 1971 Filiae
1603 1944 1719 1969 meae
1755 1932 1865 1971 iussu

990 1994 1062 2029 tuo
1087 1988 1267 2028 osculum
1289 1988 1389 2032 tuli,
1414 2001 1623 2040 nimquam
1653 1986 1752 2025 milti
1782 1991 1864 2026 tam

987 2046 1148 2084 suavis
1172 2050 1334 2097 tamque
1358 2046 1585 2083 sauciata
1609 2044 1694 2082 visa
1719 2042 1805 2095 εει]

1045 2101 1227 2153 adpulsu
1251 2101 1432 2152 linquae.
1470 2099 1626 2152 [Genus
1651 2099 1728 2137 hoc
1753 2112 1865 2138 oscu-

990 2157 1114 2196 lorum
1146 2158 1311 2196 Graecis
1341 2156 1611 2195 nominabatur
1642 2151 1864 2207 καταγλώτ-

989 2229 1106 2264 τισμα
1113 2218 1153 2252 et
1162 2213 1651 2264 verbumxa-mflmzu'gm,
1659 2212 1709 2250 de
1722 2213 1863 2263 quibus

990 2270 1122 2308 verbis
1142 2270 1194 2310 cf.
1202 2269 1297 2309 Suid
1302 2284 1349 2309 as
1358 2274 1396 2308 et
1404 2268 1580 2321 Hesych.
1589 2268 1673 2307 lntt.
1682 2269 1733 2308 ad
1741 2269 1864 2309 Arist.

989 2326 1097 2365 Nub.
1121 2331 1189 2367 52.
1238 2326 1286 2365 cf.
1318 2326 1367 2364 ad
1393 2326 1489 2366 Met.
1515 2325 1560 2363 Π.
1593 2339 1629 2377 p.
1660 2329 1752 2366 114.
1784 2327 1862 2365 iam

980 2385 1165 2436 patentis
1210 2384 1291 2422 oris
1333 2383 1521 2422 inhalatu
1563 2384 1776 2421 cinnameo
1824 2387 1864 2421 et

987 2441 1302 2479 occursantis
1346 2440 1557 2492 linquae
1594 2438 1746 2478 allisa
1784 2452 1861 2477 ue-

986 2501 1165 2536 ctareo.
1196 2496 1245 2534 cf.
1272 2495 1357 2534 Intt.
1384 2496 1433 2533 ad
1461 2495 1599 2534 catull.
1625 2493 1796 2533 LXXV.
1822 2498 1859 2534 8.

987 2553 1073 2592 Sed
1096 2553 1271 2592 nuncid
1290 2552 1430 2597 doleo,
1459 2552 1572 2605 quod
1593 2564 1728 2603 purae
1747 2564 1860 2602 pura

985 2609 1151 2660 puellae
1164 2610 1291 2648 Sat-ia
1303 2609 1540 2647 comminxit
1560 2620 1711 2659 spurca
1731 2608 1859 2646 salira

987 2670 1059 2704 tua.
1082 2669 1123 2703 et
1148 2666 1301 2704 Lucret.
1327 2664 1396 2703 lV.
1431 2669 1538 2705 1104
1563 2676 1623 2713 sq.
1656 2664 1792 2715 Atque
1817 2664 1860 2701 in

987 2735 1035 2760 eo
1070 2726 1128 2761 est
1159 2722 1303 2767 Venas,
1341 2726 1385 2760 ut
1420 2720 1632 2759 mult’ebria
1671 2723 1862 2758 conserat

984 2791 1097 2817 arva.
1135 2779 1333 2831 Affiyunt
1351 2777 1470 2816 aride
1497 2790 1648 2827 corpus
1667 2776 1859 2828 iunqant-

987 2848 1064 2887 que
1093 2835 1242 2874 salicas
1269 2834 1380 2879 Oris,
1418 2838 1455 2872 et
1487 2833 1709 2882 inspirant,
1743 2845 1857 2883 pres-

982 2892 1131 2930 sauteis
1167 2891 1359 2930 dentibus
1396 2903 1484 2927 ora.
1532 2888 1616 2926 intr.
1647 2887 1698 2926 ad
1727 2886 1857 2928 Plaut.

982 2947 1143 2987 Asinar.
1172 2946 1239 2985 lv.
1275 2952 1308 2986 1.
1335 2949 1399 2986 53.
1436 2943 1623 2983 Pricaeus
1660 2949 1859 2995 comparat

984 3001 1098 3042 ovid.
1123 3004 1258 3042 Amor.
1282 3001 1350 3040 111.
1375 3006 1412 3041 7.
1438 3004 1476 3041 9.
1500 2999 1548 3040 ll.
1573 3004 1610 3040 5.
1636 3004 1703 3041 23.
1728 3005 1769 3038 et
1791 3005 1856 3041 57.

984 3063 1025 3097 et
1046 3064 1252 3112 praeterea
1273 3057 1340 3097 111.
1360 3062 1397 3098 5.
1419 3061 1486 3098 23.
1509 3057 1577 3095 ubi
1599 3055 1721 3096 multa
1745 3055 1857 3096 Com·

982 3120 1118 3157 mentt.
1142 3113 1460 3167 congesserunt]

1478 3181 1534 3222 27

1899 402 1963 434 395
