2221 3667
319 148 402 190 918
571 149 618 188 L.
648 147 869 189 APULEII
898 149 1303 192 MADAURENSIS
1333 151 1873 194 METAMORPHOSEON

320 271 495 299 mensam
532 258 763 300 accumbere
798 260 945 301 suffixo
982 260 1134 312 cubito,
1180 262 1270 302 dein
1312 262 1504 304 adluctari
1539 271 1579 305 et
1618 265 1735 305 etiam
1771 265 1916 306 saltare
1952 263 2116 304 sublatis

325 313 331 371 Ι
354 315 589 368 primoribus
613 315 774 369 pedibus
799 317 1023 370 perdocuit,
1056 317 1235 371 quodque
1260 326 1365 359 esset
1389 319 1561 372 apprime
1587 320 1783 372 mirabile,
1815 320 1948 362 verbis
1979 327 2116 359 nutum

319 371 592 422 commodare,
625 378 669 411 ut
700 373 801 425 quod
832 373 974 413 nollem
1008 374 1155 424 relato,
1195 376 1294 428 quod
1325 375 1467 416 vellem
1499 375 1648 416 deiecto
1679 377 1804 431 capite
1835 383 2113 425 monstrarem,

319 427 534 480 sitiensque
576 427 806 481 pocillatore
849 437 1028 483 respecto
1079 430 1178 471 ciliis
1223 431 1377 471 alterna
1432 431 1648 472 connivens
1696 433 1829 474 bibere
1877 433 2111 487 flagitarem.

319 486 450 537 Atque
481 483 577 523 haec
608 484 740 524 omnia
772 486 958 539 perfacile
991 486 1239 537 obediebam‚
1273 501 1372 541 quae
1403 488 1509 528 nullo
1541 487 1654 528 etiam
1686 496 1932 530 monstrante
1967 488 2118 529 seilicet

320 619 436 640 mensa
450 610 646 640 accumbere
658 613 694 641 F.
711 614 739 642 1.
754 612 776 642 f.
790 614 875 642 unde
887 614 1001 643 W‘ass.
1015 621 1149 642 mensae
1163 615 1351 644 fabricavit.
1375 615 1438 645 Sed
1456 616 1498 645 cf.
1512 618 1589 645 Met.
1603 617 1644 646 V.
1655 625 1686 652 p.
1699 618 1776 648 329.
1796 615 1919 646 lectum
1935 614 2116 646 accubans.

319 655 436 684 deinde
448 659 484 686 G.
502 659 531 686 1.
546 660 575 686 2.
590 659 625 687 Ο.
639 658 675 686 Ρ.
689 659 727 687 D.
742 667 772 693 1·-
796 660 833 687 In
848 662 921 687 cett.
936 657 1021 687 dein.
1067 658 1246 688 adluccara'
1257 663 1290 688 et
1303 660 1406 688 etiam
1420 660 1554 689 saltare
1567 663 1603 690 F.
1616 663 1647 691 3.
1662 664 1698 691 G.
1714 663 1744 692 1.
1758 664 1792 692 0.
1807 664 1843 692 B.
1863 671 1894 698 p.
1915 661 1936 692 f.
1957 662 2026 691 edd.
2041 665 2118 691 vett.

319 706 395 732 ante
408 703 499 732 Colv.
514 704 596 731 Elin.
610 703 731 732 Florid.
768 701 896 733 adlucet.
909 707 943 731 et
956 705 1060 732 etiam
1074 704 1231 733 salutare
1244 703 1274 735 δ.
1311 709 1347 734 et
1357 705 1492 735 saltare
1505 706 1608 733 etiam
1623 708 1763 737 Scriver.
1799 705 1928 735 adluct.
1948 706 2052 734 etiam
2064 705 2119 734 in-

318 746 454 775 saltare
466 750 503 777 G.
516 749 548 777 2.
563 747 642 782 (1100
656 750 689 775 et
702 747 874 775 insanare
887 753 919 777 ut
934 750 1013 778 Oud.
1028 759 1044 778 0
1059 752 1094 779 G.
1105 752 1133 780 2.
1148 751 1184 779 P.
1199 752 1236 780 L.
1251 749 1353 787 citat.)
1378 754 1413 778 et
1426 751 1595 780 insultare
1606 753 1645 781 D.
1682 751 1858 780 adluctari
1868 752 1971 779 etiam
1985 751 2120 780 saltare

318 794 355 822 F.
367 795 380 821 1
389 815 394 821 .
403 794 440 822 P.
454 796 535 822 teste
542 795 624 821 Elm.
636 814 643 827 ,
669 795 753 826 quod
768 796 879 828 prohat
892 794 1108 831 Lindenhrog.
1125 798 1232 826 collat.
1257 794 1384 824 adluct.
1397 799 1432 824 et
1443 796 1613 825 insultare
1625 798 1716 827 colv.
1729 799 1862 827 Vale-2.
1876 798 2023 826 W'ower.
2032 797 2120 827 Prie.

319 837 464 866 sublatis
484 846 547 866 non
568 841 618 866 est
634 838 668 866 ln
688 839 723 867 G.
746 840 774 867 1.
793 841 824 868 2.
844 840 880 868 P.
899 841 938 869 D.
980 840 1187 877 primoribus
1206 844 1326 871 habent
1344 843 1424 872 oud.
1442 845 1524 872 Mss.
1541 843 1698 877 plerique.
1721 845 1791 878 Ego
1809 842 1921 871 inveni
1939 842 1973 871 in
1992 843 2028 871 F.
2044 843 2074 871 1.
2087 842 2118 872 3.

320 885 357 912 G.
371 885 403 912 2.
416 886 454 912 l).
470 891 541 912 cum
556 885 638 911 lunt.
654 885 685 912 2.
698 887 728 912 et
744 884 832 913 Colv.
846 887 877 913 et
890 892 978 919 serm.
1013 886 1226 922 promorz'bus
1241 888 1276 915 G.
1291 889 1320 916 1.
1350 889 1387 916 In
1406 891 1478 916 cett.
1495 887 1677 925 prioribus.
1719 885 1923 925 praedocuit
1936 889 1971 916 G.
1985 889 2017 917 2.
2030 889 2067 916 Ρ.
2081 889 2120 917 D.

320 936 450 966 quoque
468 931 555 956 esset
574 928 610 957 F.
632 929 662 957 1.
709 931 827 957 nutum
847 929 1090 958 commodarem
1103 933 1140 961 L.
1156 932 1176 960 f.
1189 933 1227 962 P.
1241 929 1270 961 δ.
1284 934 1323 961 D.
1336 934 1373 961 L.
1387 933 1436 961 ed.
1451 941 1497 968 pr.
1512 933 1640 963 Vicent.
1659 934 1773 962 Venet.
1793 935 1824 962 2.
1842 935 1925 962 lunt.
1945 934 1973 962 1.
1993 935 2024 962 2.
2043 933 2120 962 Ald.

318 977 404 1001 nula
430 971 695 1001 commendarem
727 976 765 1003 G.
792 976 822 1004 1.
847 976 882 1004 Ο.
906 983 935 1010 p.
971 978 1008 1005 In
1033 980 1105 1006 0011.
1131 980 1248 1005 nutum
1273 976 1494 1006 commodare.
1553 980 1593 1006 ut
1616 977 1705 1015 quod
1725 977 1844 1006 nollem
1869 977 1998 1016 relato,
2035 975 2124 1015 quod

319 1018 435 1046 vellem
456 1017 582 1046 deiecto
603 1019 640 1048 F.
662 1020 691 1047 1.
717 1017 771 1053 (in
789 1020 1007 1057 Lindenbrog.
1028 1023 1122 1058 coll.)
1146 1024 1176 1050 3.
1191 1025 1227 1051 G.
1243 1024 1272 1051 1.
1288 1024 1322 1052 0.
1336 1031 1364 1058 p.
1379 1023 1401 1052 f.
1415 1031 1451 1052 π.
1467 1020 1495 1052 δ.
1515 1024 1596 1053 Coll.
1609 1023 1702 1058 Lips.
1726 1026 1762 1051 u!
1776 1021 1864 1060 quod
1876 1022 1992 1050 vellem
2007 1021 2119 1050 relato

320 1063 410 1100 quod
420 1062 538 1090 nollem
553 1062 679 1091 deiecto
692 1065 728 1093 F.
745 1066 773 1094 1.
789 1068 870 1094 teste
882 1067 965 1095 Elin.
980 1071 1008 1095 et
1024 1068 1059 1096 P.
1085 1066 1138 1101 (in
1152 1068 1315 1103 excerptis
1334 1070 1375 1097 ad
1395 1075 1494 1105 marg.
1514 1070 1563 1097 ed.
1578 1065 1685 1103 Colv.)
1723 1071 1762 1096 ue
1780 1066 1869 1105 quod
1881 1067 1994 1096 vellem
2008 1067 2120 1096 relato

319 1107 409 1146 quod
422 1107 535 1138 sellem
549 1107 676 1136 defecto
691 1109 803 1146 capite
817 1111 852 1139 G.
869 1112 899 1139 2.
914 1112 951 1140 Ρ.
977 1111 1077 1146 (teste
1091 1112 1191 1148 Oud.)
1218 1115 1255 1142 D.
1281 1116 1317 1141 u!
1332 1113 1421 1151 quod
1431 1108 1551 1141 nollem
1565 1113 1676 1141 relato
1691 1111 1780 1152 quod
1792 1112 1907 1141 vellem
1920 1114 2044 1141 reiecto
2059 1122 2120 1140 ca-

313 1155 388 1191 pite
407 1155 477 1183 01111.
496 1157 573 1183 velt.
593 1154 683 1183 Colv.
701 1155 798 1184 Vulc.
817 1157 848 1184 2.
866 1157 952 1185 Prie.
974 1161 1000 1186 et
1022 1160 1148 1186 Gruter.
1169 1161 1290 1193 probat.
1317 1162 1356 1187 nt
1373 1157 1463 1196 quod
1474 1158 1587 1186 vellem
1602 1158 1731 1195 relatu,
1760 1157 1848 1196 quod
1860 1157 1978 1186 nollem
1992 1156 2120 1187 deiecto

318 1199 431 1236 capite
443 1201 527 1229 Elm.
540 1199 644 1228 Scriv.
657 1200 778 1229 Florid.
803 1203 844 1228 ut
855 1200 945 1238 qnod
956 1201 1070 1230 vellem
1086 1202 1215 1239 relato,
1237 1202 1327 1241 quod
1337 1204 1456 1232 nollem
1472 1203 1597 1232 reiecto
1610 1206 1646 1233 Ι..
1672 1208 1753 1233 teste
1773 1205 1862 1234 Colv.
1910 1201 2070 1232 enm'bmes'
2083 1206 2119 1233 G.

319 1247 349 1274 1.
365 1247 394 1274 2.
408 1247 447 1273 D.
460 1253 491 1280 p.
507 1244 529 1273 f.
576 1243 679 1272 libere
693 1247 728 1274 G.
746 1246 773 1273 1.
789 1247 819 1273 2.
832 1247 869 1275 Ρ.
883 1248 922 1275 D.
936 1249 973 1277 Ι..
1020 1250 1057 1275 αι
1072 1246 1157 1276 haec
1170 1250 1206 1278 R.
1255 1248 1364 1287 adque
1382 1250 1501 1279 Florid.
1521 1250 1636 1278 invitis
1651 1250 1784 1279 Gratiis.
1830 1251 2020 1277 mnstrante
2037 1251 2075 1278 D.
2091 1254 2121 1278 01

319 1291 366 1319 ita
379 1298 507 1326 semper
520 1292 580 1319 1100
594 1290 699 1326 capite
713 1293 751 1322 D.
762 1313 770 1329 ,
786 1293 821 1321 G.
835 1293 861 1320 1.
874 1293 994 1328 ubique
1007 1302 1064 1329 pro
1077 1301 1164 1323 more
1178 1301 1237 1323 suo
1250 1297 1357 1330 hahet.
1404 1295 1664 1324 immonstrance
1675 1303 1732 1331 pro
1746 1294 1850 1323 etiam
1863 1288 2076 1323 monstr'ante
2089 1303 2119 1330 p.

379 1393 418 1428 et
455 1389 575 1428 etiam
608 1387 772 1429 saltare.
820 1389 879 1429 lta
915 1405 1002 1430 cum
1038 1394 1194 1445 optimis

321 1444 434 1484 codd.
475 1445 584 1495 lego,
620 1446 818 1486 insultare
853 1448 1051 1495 reiiciens,
1089 1449 1194 1500 quod

319 1505 396 1539 vim
411 1505 449 1539 et
461 1501 690 1551 vituperium
709 1502 915 1552 significat,
942 1508 983 1542 et
998 1518 1069 1556 per
1084 1504 1112 1543 C
1117 1505 1192 1545 olv.

321 1571 524 1609 perperam
544 1570 566 1594 0
585 1558 751 1597 lectione
765 1559 880 1599 codd.
899 1562 1094 1600 insaltare
1108 1575 1192 1600 cor-

320 1618 473 1665 ruptum
509 1615 544 1652 in
581 1617 729 1652 textum
766 1615 854 1655 edd.
891 1621 1052 1655 recentt.
1089 1619 1193 1658 abiit.

321 1670 424 1709 oud.
442 1669 593 1709 videtur
606 1672 853 1710 scribendum
868 1686 962 1711 esse
981 1674 1194 1714 adluctari

322 1728 360 1765 ei
383 1731 422 1765 ct
445 1728 525 1765 iam
548 1727 699 1766 saltare
717 1741 767 1765 ex
785 1726 946 1767 Lucian.
973 1742 1005 1768 c.
1021 1734 1085 1770 48.
1111 1729 1193 1770 εἶτα

321 1784 384 1822 καὶ
408 1783 677 1833 apog-naiadum
707 1782 811 1833 αὐτῷ
847 1787 911 1823 καὶ
939 1783 1014 1836 μὴν
1043 1788 1107 1825 καὶ
1133 1783 1192 1839 ὅρ-

324 1844 490 1891 χεϊσθάι.
537 1838 639 1877 Hinc
669 1839 770 1878 enim
796 1841 910 1892 sequi
935 1842 1072 1881 verba:
1099 1857 1194 1882 con-

320 1896 426 1940 viva,
453 1895 629 1942 luctans,
653 1895 808 1936 saltans
825 1899 969 1937 asinus.
997 1897 1193 1950 [0111111111-

321 1952 399 1989 tivo
434 1953 666 1990 construitur
695 1952 794 1992 Met.
824 1952 893 1993 XI.
926 1967 964 2005 p.
992 1959 1084 1996 778.
1116 1957 1190 1996 {ul-

323 2008 542 2047 luctantem
565 2009 674 2048 milti.
725 2009 783 2048 Et
794 2011 911 2050 etlam
931 2016 1090 2062 propter
1102 2012 1192 2064 ipsa

322 2064 482 2103 Luciani
505 2065 626 2102 verba
651 2067 720 2104 καὶ
741 2064 826 2117 μὴν
852 2064 927 2106 καὶ
950 2081 1024 2106 11011
1049 2069 1193 2107 reiece-

321 2121 401 2159 rim.
452 2121 589 2161 Etiam
623 2121 688 2160 hic
723 2123 800 2160 vim
831 2123 950 2163 habet
980 2125 1193 2172 particulae

321 2176 399 2223 rel,
437 2178 555 2217 adeo.
601 2177 649 2217 cs.
687 2177 815 2218 Hand.
855 2179 1026 2221 Tui-soll.
1064 2181 1109 2221 T.
1146 2182 1192 2222 ΙΙ.

321 2247 360 2283 p.
386 2237 480 2274 560.
507 2233 554 2272 cf.
580 2233 631 2273 ad
654 2234 752 2275 Met.
777 2249 816 2287 p.
843 2237 954 2289 684]

378 2295 518 2329 nutum
538 2292 807 2331 commodare.
856 2292 945 2331 Non
965 2292 1118 2333 alienus
1132 2298 1195 2334 est

321 2346 424 2384 01111.
461 2360 483 2384 a
513 2348 704 2397 scriptura
733 2349 847 2388 codd.
885 2351 1195 2398 eornmodarem,

322 2416 437 2453 quam
463 2403 664 2441 modorum
696 2404 944 2444 variationem
978 2421 1049 2445 non
1081 2408 1194 2446 infre-

322 2462 504 2509 quentem
519 2459 671 2497 Latinis
697 2473 791 2498 esse
816 2461 908 2500 dicit
932 2463 1031 2501 conf.
1054 2469 1128 2503 not.
1143 2465 1194 2503 ad

323 2516 432 2553 Suet.
460 2515 577 2554 Gaui.
594 2520 657 2555 10.
677 2530 714 2567 p.
731 2521 822 2557 756.
848 2518 899 2557 ad
912 2519 1010 2558 Met.
1025 2520 1051 2559 Ι.
1072 2534 1108 2572 p.
1124 2526 1189 2562 52.

324 2572 425 2622 {Sed
449 2572 582 2610 mirum
608 2576 687 2618 est,
714 2573 778 2624 qui
804 2573 905 2613 Oud.
930 2579 1009 2614 tani
1035 2577 1191 2617 diversa

322 2630 420 2666 iuter
438 2640 486 2665 se
506 2640 741 2679 componere
758 2631 941 2681 potuerit.
965 2632 1077 2672 Haec
1089 2635 1190 2672 enim

322 2698 438 2734 quam
463 2684 595 2722 dicunt
617 2685 820 2724 modorum
843 2688 1002 2727 variatio
1027 2690 1078 2727 ibi
1110 2695 1189 2729 tan-

323 2740 522 2778 tummodo
537 2739 665 2779 locum
679 2741 827 2780 habere
839 2748 983 2794 potest,
999 2746 1063 2784 ubi
1076 2761 1192 2786 unum

319 2797 503 2847 idemque
522 2798 681 2836 verbum
700 2798 845 2851 duplici
861 2802 1008 2839 ratione
1028 2807 1093 2841 aut
1106 2818 1190 2842 cum

322 2853 504 2892 infinitivo
518 2857 584 2893 aut
597 2867 684 2892 cum
696 2855 938 2896 coniunctivo
949 2860 1191 2900 construitur.

322 2909 419 2948 Eius
433 2911 588 2961 generis
602 2915 692 2950 sunt
705 2912 902 2965 exempla,
916 2927 1016 2965 quae
1029 2916 1080 2954 ad
1092 2916 1189 2956 Met.

323 2965 348 3004 l.
363 2979 393 3004 0.
411 2967 572 3018 protuli,
585 2967 687 3006 unde
707 2968 784 3008 hoc
802 2969 888 3009 loco
908 2972 1190 3012 coniunctivum

323 3021 410 3059 l'erri
441 3037 515 3061 non
542 3037 663 3075 posse
686 3025 878 3079 efficitur]

379 3084 423 3117 ut
444 3081 557 3130 quod
576 3080 724 3120 nollem
740 3082 892 3131 relato,
920 3086 1034 3136 quod
1051 3086 1190 3126 vellem

325 3133 481 3173 deiecto
509 3137 653 3188 eapite.
688 3137 866 3190 Turpiter
890 3154 935 3178 sc
961 3141 1049 3181 dam
1079 3144 1188 3181 iuter-

1252 1398 1404 1445 pretes.
1438 1394 1501 1444 qui
1533 1397 1663 1432 contra
1693 1407 1852 1432 sensum
1879 1406 2119 1432 communem

1251 1451 1403 1490 ‘relecto
1424 1449 1566 1500 legant,
1593 1463 1708 1501 quum
1733 1451 1904 1489 relatam
1930 1455 2058 1501 caput
2082 1454 2120 1487 et

1250 1507 1441 1546 reiectum
1473 1506 1564 1544 nihil
1591 1506 1779 1545 differant.
1831 1507 2000 1545 Deiecto
2027 1520 2117 1544 vero

1251 1569 1312 1600 est
1337 1563 1474 1614 capite
1499 1564 1709 1602 declinato
1735 1566 1773 1601 et
1793 1577 1950 1615 prono,
1974 1576 2009 1602 S.
2034 1576 2120 1614 pro-

1251 1620 1369 1664 iecto,
1401 1632 1477 1669 quo
1509 1619 1722 1657 adsensum
1752 1632 1865 1657 suum
1895 1620 2029 1657 asinus
2055 1618 2120 1657 de-

1251 1674 1422 1714 claravit.
1453 1675 1501 1713 cs.
1528 1674 1630 1713 oud.
1660 1675 1711 1713 ad
1736 1675 1844 1713 Suet.
1871 1674 1984 1714 Caes.
2011 1679 2046 1716 9.
2079 1680 2119 1714 et

1250 1731 1302 1770 ad
1332 1731 1508 1782 Vespas.
1537 1745 1569 1769 0.
1595 1735 1633 1772 8.
1663 1731 1775 1769 Hunc
1805 1731 1930 1769 locum
1954 1735 2118 1770 tractant

1251 1788 1410 1839 Sciopp.
1443 1787 1479 1826 in
1511 1787 1631 1840 Susp.
1663 1787 1691 1826 Ι.
1727 1792 1789 1828 18.
1817 1792 1856 1827 et
1881 1786 2045 1828 Taubm.
2069 1786 2121 1827 ad

1250 1841 1380 1883 Plaut.
1403 1843 1487 1883 Mil.
1514 1844 1622 1884 Glor.
1647 1843 1692 1883 II.
1720 1848 1758 1885 2.
1783 1848 1848 1885 52.

1308 1900 1478 1940 alterna.
1528 1900 1608 1953 [De
1633 1901 1793 1943 alterna
1818 1900 1866 1939 cf.
1879 1899 2006 1941 Hand.
2022 1899 2120 1940 Tur-

1248 1956 1337 1996 sell.
1365 1955 1412 1996 Τ.
1435 1955 1464 1996 Ι.
1488 1970 1526 2008 p.
1552 1957 1668 2011 281]

1306 2018 1428 2065 atque
1453 2013 1553 2054 haec
1579 2015 1712 2053 omnia
1739 2013 1984 2054 obediebam.
2038 2012 2118 2052 No-

1249 2070 1300 2108 tis
1326 2071 1408 2108 suis
1432 2070 1607 2122 praefixit
1630 2069 1817 2109 Pricaeus
1839 2070 2119 2118 obaudiebam,

1249 2125 1344 2165 nihil
1379 2130 1581 2179 praeterea
1614 2140 1799 2173 monens,
1835 2127 1910 2166 nisi
1945 2126 2119 2166 WVower.

1252 2182 1490 2232 (Steweeh.)
1518 2183 1649 2234 legere
1675 2184 1845 2224 obibam.
1902 2183 1967 2223 De
2000 2183 2119 2225 obau-

1251 2240 1343 2278 dire
1367 2239 1416 2279 ef.
1442 2239 1492 2279 ad
1516 2239 1691 2279 Met.111.
1716 2254 1753 2292 p.
1769 2244 1865 2282 200.
1922 2239 2013 2279 Non
2039 2240 2120 2279 dis-

1251 2295 1372 2347 plicet
1390 2295 1492 2336 Oud.
1521 2297 1691 2343 obibam,
1716 2296 1822 2349 quod
1841 2297 2000 2350 Soping.
2027 2310 2119 2348 quo-

1253 2365 1329 2404 que
1353 2353 1413 2393 sui
1446 2352 1683 2406 exemplaris
1713 2354 1872 2405 margini
1902 2353 2050 2393 adlevit
2080 2357 2120 2392 et

1253 2410 1388 2448 crebro
1413 2410 1507 2449 abiit
1529 2410 1565 2448 in
1592 2410 1770 2456 obedire,
1807 2409 1856 2450 cf.
1875 2410 1926 2450 ad
1938 2409 2035 2449 Met.
2049 2409 2119 2450 lv.

1251 2479 1288 2517 p.
1328 2470 1421 2507 272.
1499 2466 1749 2506 obediebam
1788 2465 1865 2506 hoc
1906 2467 1993 2505 1000
2041 2480 2116 2505 11011

1248 2522 1409 2568 sustuli,
1442 2524 1700 2574 (quamquam
1724 2522 1873 2561 facilior
1897 2522 2117 2562 emendatio

1248 2583 1312 2617 est
1337 2579 1537 2626 οόἱεόανη,
1574 2592 1691 2631 quum
1714 2579 1815 2618 haec
1839 2578 2057 2632 corruptela
2080 2579 2119 2618 in

1248 2635 1420 2686 Apuleio
1436 2635 1672 2687 frequentior
1685 2636 1768 2685 sit),
1794 2636 1884 2686 quia
1897 2640 2031 2675 neutra
2050 2635 2117 2674 ad-

1247 2692 1388 2731 ieetiva
1410 2691 1474 2731 hic
1498 2693 1693 2744 leguntur,
1725 2693 1866 2743 quibus
1886 2692 1976 2732 addi
1995 2705 2118 2744 posse

1249 2751 1515 2788 accusativum
1552 2762 1602 2788 ex
1640 2748 1820 2799 analogia
1858 2750 2044 2801 probatur
2078 2753 2119 2788 et

1250 2804 1492 2844 demonstrat
1532 2804 1643 2844 locus
1683 2804 1867 2844 Fronton.
1903 2804 2032 2857 Epist.
2067 2804 2118 2844 ad

1250 2861 1342 2900 Ver.
1370 2861 1507 2914 Imper.
1534 2867 1569 2902 7.
1596 2876 1632 2914 p.
1662 2865 1752 2902 190.
1783 2861 1877 2900 Mai.
1903 2875 2033 2915 neque
2057 2875 2117 2901 me

1243 2918 1425 2970 puderet
1469 2932 1522 2958 ea
1569 2919 1683 2958 illum
1731 2917 1961 2958 oboedire
2005 2917 2117 2963 mihi,

1251 2987 1372 3025 quae
1407 2974 1594 3021 clientes,
1637 2987 1759 3028 quae
1802 2974 1938 3014 liberta·
1974 2973 2117 3028 fideles

1248 3043 1301 3069 ac
1330 3029 1531 3071 laboriosi
1561 3032 1872 3077 obsecuntur,
1909 3032 1973 3083 qui
2004 3029 2114 3069 locus

1248 3090 1453 3137 praeterea
1477 3088 1642 3140 obsequi
1666 3089 1888 3125 accusativo
1919 3087 2022 3138 iungi
2047 3087 2114 3125 do-

1248 3147 1319 3182 cet.
1352 3143 1410 3184 lta
1429 3143 1557 3184 Plaut.
1582 3144 1692 3183 Asin.
1716 3143 1740 3182 l.
1760 3148 1790 3183 1.
1808 3149 1871 3184 (51.
1895 3150 1931 3183 cl
1957 3145 2009 3183 ἱιί
2033 3156 2111 3195 eyo
