2155 3590
641 103 845 145 LIBER·
860 105 908 144 V.
969 101 1289 146 CAPJXXJXL
1767 99 1848 142 393

65 222 121 262 sic
143 220 320 261 adortae:
344 216 449 271 Quid
475 217 572 267 tale,
599 216 777 267 domina,
811 216 971 270 deliquit
995 223 1084 256 tuus
1109 214 1232 263 filius,
1264 220 1307 253 ut
1331 212 1461 252 animo
1487 211 1494 268 Ι
1521 212 1715 266 pervicaci
1739 211 1939 254 volu-*330

63 283 188 332 ptates
211 275 316 316 illius
339 274 582 336 impugnes&
605 279 645 313 et
674 287 788 326 quam
818 272 883 313 ille
908 271 1072 326 dung-it,
1099 278 1141 311 tu
1166 283 1317 324 quoque
1341 269 1505 322 perdere
1530 269 1700 322 gestias?
1737 267 1850 321 Quod
1875 275 1972 315 [173]

63 340 214 381 autem,
241 344 420 380 oramus,
447 330 512 370 isti
527 343 695 379 crimen,
723 329 757 369 si
771 329 920 383 puellae
936 329 1085 382 lepidae
1103 327 1271 367 libenter
1289 325 1447 365 arrisit?
1477 324 1544 364 An
1562 324 1741 378 ignoras,
1763 339 1855 368 eum-

63 388 275 429 masculum
299 394 340 427 et
360 387 541 427 iuvenem
567 399 677 436 esse,
702 385 768 426 vel
793 392 899 425 certe
922 385 998 424 iam
1026 391 1120 438 quot
1143 383 1197 424 sit.
1219 395 1408 423 annorum
1430 381 1549 421 oblita
1568 383 1635 421 es?
1659 380 1726 420 An
1750 380 1852 434 quod

67 514 140 544 ῙίἰΙ.
155 513 224 543 tale
234 515 362 544 Vicent.
411 513 512 542 talem
525 512 692 541 dominam
706 515 741 542 0.
789 512 925 540 domina
938 512 1045 549 inquit
1061 511 1203 549 deliquit
1214 512 1237 541 f.
1283 513 1323 539 uc
1335 513 1425 539 abest
1439 517 1459 538 a
1472 507 1502 538 δ’.
1544 508 1721 545 pertinaci
1731 517 1763 541 φ.
1778 516 1808 542 n.
1822 505 1852 536 δ.

55 561 262 599 pernicitati
271 562 310 588 D.
330 559 508 596 pernt'cctci
519 561 554 588 G.
568 561 598 588 2.
646 558 818 595 inpingues
832 559 959 586 Vicent.
974 560 1086 586 Venet.
1121 556 1178 585 ille
1192 563 1319 594 quoqne
1333 554 1440 592 diligit
1454 563 1483 589 p.
1526 551 1615 591 quod
1627 556 1738 581 aulem
1754 552 1852 581 istius

61 606 186 634 crimen
199 615 232 640 φ.
258 603 347 642 quod
357 607 469 632 aulem
483 603 600 631 damus
615 603 676 632 isti
687 603 811 631 crimen
825 606 899 631 (432.
914 605 949 631 P.
965 605 999 631 O.
1015 603 1035 630 f.
1044 606 1086 631 Μ.
1097 603 1128 640 ρ’.
1139 603 1160 630 f.
1168 600 1196 631 δ’.
1220 604 1337 631 Incert.
1357 598 1468 627 (lentus
1480 600 1520 628 D.
1551 606 1687 626 oramus
1701 601 1855 632 praebent

60 653 96 681 F.
115 653 142 681 1.
156 653 187 680 3.
199 652 238 679 R.
252 651 288 678 B.
303 650 324 679 1'.
339 654 368 679 et
383 651 452 679 edd.
470 651 643 678 velt.Eln1.
656 649 779 678 Florid.
826 648 974 675 invenem
990 651 1079 677 abest
1095 649 1126 676 in
1140 649 1176 677 F.
1193 648 1221 675 1.
1235 651 1316 676 teste
1327 647 1410 674 Elm.
1426 646 1483 674 sed
1497 644 1698 680 negligenter
1712 651 1772 671 sua
1787 645 1854 672 col-

59 697 181 725 latione
202 704 283 724 usus
299 699 348 723 est
367 698 420 724 vel
440 703 517 729 prae
531 694 740 723 festinatione
753 694 787 722 in
800 693 967 721 scribendo
982 694 1156 725 aberravit.
1171 695 1306 721 alteram
1320 698 1376 726 pro
1390 692 1493 719 altera
1509 698 1587 718 voce
1600 689 1757 717 scribens
1783 689 1855 716 Xon

60 742 144 770 enim
158 740 305 768 iuvenem
317 741 403 769 deest
418 741 453 769 F.
471 742 498 767 Ι.
513 741 569 768 sed
584 746 672 775 esse,
698 739 780 773 quod
794 740 833 766 ab
848 740 930 766 Elm.
946 743 974 766 et
988 738 1092 766 Ser-iv.
1108 739 1222 767 deinde
1238 737 1331 765 uncis
1344 736 1509 765 inclusum
1528 738 1588 764 est.
1635 735 1740 770 ipsum
1760 733 1854 761 iuce-

59 794 132 814 nem
146 786 168 815 f.
215 786 283 813 iam
297 787 385 814 dees-1
398 785 432 813 in
447 785 467 813 f.

60 897 234 948 iynarae
247 895 481 934 emendaret.
495 894 660 933 ltabene
672 897 807 945 potest
818 892 928 932 locus

60 953 209 997 sanari,
234 951 488 997 sed‘vereor,
517 956 561 990 ut
585 964 637 990 ex
658 950 761 990 Mss.
785 949 931 988 fidecita

60 1008 140 1046 fieri
162 1008 289 1047 liceat.
315 1007 404 1047 Una
426 1011 574 1047 tantum
584 1011 709 1046 restat
720 1007 828 1053 ratio,
854 1019 929 1056 qua

60 1065 237 1117 ignarae
248 1066 382 1116 possis
395 1065 578 1117 probare,
603 1065 638 1103 si
650 1066 694 1102 in
705 1063 931 1102 adverbium

60 1134 138 1159 non
162 1122 384 1173 negativum
407 1121 472 1159 hic
494 1134 588 1159 esse
612 1120 687 1159 sed
698 1119 931 1158 intensivum

60 1190 213 1216 mecum
247 1182 419 1223 statuas,
462 1177 571 1215 cuius
613 1189 712 1215 usus
748 1174 931 1227 exempla

60 1233 201 1286 protuli
225 1234 276 1272 ad
298 1233 394 1273 Met.
419 1231 446 1272 I.
471 1246 509 1284 p.
535 1236 600 1274 56.
624 1233 690 1271 ubi
716 1231 780 1284 cf.]

111 1312 306 1364 palpare.
353 1312 542 1364 Palparc
569 1313 726 1364 proprie
757 1311 808 1349 de
831 1310 929 1348 fero-

62 1369 173 1407 cibus
188 1368 301 1419 equis
315 1368 450 1407 dicitur
463 1372 502 1406 et
515 1368 818 1413 contumacibus,
829 1379 928 1418 quos

61 1425 200 1476 equiso
230 1425 367 1463 leniter
397 1422 590 1463 adulando
622 1428 661 1462 et
689 1423 815 1462 malas
846 1422 930 1475 pul-

61 1481 185 1520 sando
222 1479 464 1532 permulcere
501 1485 541 1520 et
577 1481 752 1532 mitigare
787 1479 930 1518 studet.

60 1536 120 1576 Ita
142 1539 179 1576 in
206 1536 341 1576 Gloss.
371 1535 579 1576 Philoxeni
610 1551 648 1589 p.
676 1541 767 1578 151.
794 1535 932 1589 palpo

62 1608 167 1647 equo
201 1593 426 1646 κατακροτῶ
460 1597 528 1633 τοῦ
565 1593 701 1640 ἵππου,
744 1593 809 1630 ubi
846 1594 932 1630 sine

63 1650 179 1689 dubio
215 1650 423 1702 legendum
459 1654 521 1689 est
551 1651 725 1702 palpor.
770 1649 933 1688 Nullum

61 1708 162 1745 enim
175 1706 266 1745 mihi
279 1710 433 1746 constat
445 1706 681 1758 exemplum,
710 1719 784 1757 quo
794 1705 932 1758 palpo

63 1764 188 1802 activa
211 1763 479 1802 terminatione
504 1777 590 1802 cum
616 1763 745 1802 dativo
765 1763 933 1800 iunctum

62 1823 142 1865 est,
168 1820 232 1871 qui
249 1820 380 1871 potius
401 1833 425 1858 a
443 1819 651 1871 deponenti
670 1819 822 1859 videtur
840 1831 934 1856 esse

63 1876 237 1915 adscitus
263 1875 310 1914 cf.
324 1875 452 1915 Plaut.
466 1875 639 1928 Amphit.
652 1875 681 1914 l.
696 1879 733 1916 3.
749 1880 784 1916 9.
799 1873 934 1913 Horat.

66 1932 150 1971 Sat.
173 1931 218 1971 ll.
246 1937 282 1972 1.
308 1936 375 1974 20.
399 1933 529 1983 ibique
553 1931 688 1971 Bentl.
734 1930 789 1970 Ut
801 1934 933 1970 nostro

64 1987 150 2028 loco
164 1988 310 2041 Appul.
325 1989 442 2027 etiam
454 1987 586 2027 Iuven.
599 1988 626 2026 I.
636 1992 701 2028 35.
716 1987 807 2026 dicit
822 2000 936 2040 quem

66 2058 227 2085 munere
248 2045 416 2097 palpat,
440 2045 505 2082 ubi
533 2044 579 2082 cs.
604 2043 766 2096 Rupert.
792 2043 860 2082 Dr.
885 2043 937 2081 ad

67 2100 138 2139 Sil.
153 2100 221 2139 IV.
237 2103 329 2141 264.
354 2099 511 2139 Deinde
525 2101 708 2153 palpare
727 2099 764 2137 in
788 2100 935 2137 univer-

66 2170 155 2195 sum
178 2157 372 2209 miti-qam
395 2160 459 2195 est
505 2156 555 2195 cf.
573 2154 890 2208 Plaut.Amphit.
905 2154 935 2193 I.

67 2216 104 2253 3.
130 2216 195 2253 28.
222 2212 332 2252 Fest.
357 2226 394 2264 p.
423 2216 514 2253 119.
535 2213 723 2265 pallum-1⁸,
751 2212 936 2251 blandiri

66 2272 107 2307 et
130 2268 216 2308 Intt.
240 2269 291 2307 ad
315 2268 352 2307 h.
379 2268 402 2308 l.
427 2283 467 2321 p.
494 2273 588 2309 575.
612 2268 815 2321 Lindem.]

120 2349 346 2400 pervicaci.
370 2346 451 2386 Alii
474 2347 698 2399 praeferunt
716 2347 940 2398 pertinaci.

66 2404 130 2443 De
154 2404 229 2442 hac
251 2404 436 2442 librorum
460 2404 719 2443 inconstantia
765 2402 814 2442 cs.
840 2415 940 2454 quae

68 2460 262 2512 proferam
286 2460 337 2499 ad
359 2458 458 2500 Met.
485 2459 553 2499 lX.
578 2474 616 2512 p.
643 2464 734 2501 620.

127 2541 300 2581 quoque.
349 2527 588 2580 [Offensioni
625 2532 705 2574 est,
743 2526 939 2578 quomodo

69 2598 218 2630 omnes,
244 2589 428 2635 quantum
453 2586 555 2630 scio,
580 2584 813 2635 interpretes
837 2583 938 2621 hunc

67 2639 196 2680 locum
230 2642 335 2680 sicco
370 2642 475 2693 pede
503 2640 696 2679 transilire
731 2641 939 2692 potuerint.

71 2698 247 2751 Quoque
259 2698 361 2736 enim
374 2698 599 2737 adverbium
613 2698 646 2736 si
660 2711 733 2736 sua
745 2698 939 2735 sententia

70 2766 139 2805 pro
147 2755 266 2794 etiam
277 2755 472 2805 accipitur,
486 2754 575 2792 ferri
589 2754 652 2792 hie
663 2753 807 2804 nequit,
822 2766 941 2804 quum

71 2823 182 2849 nemo
211 2810 311 2849 alius
341 2812 409 2856 sit,
446 2812 510 2862 qui
538 2809 741 2861 Psychem
773 2810 941 2862 perdere

72 2868 222 2917 gestiat.
237 2866 339 2906 -Hoc
356 2869 457 2906 enim
480 2871 616 2918 potest
639 2866 941 2920 intelligi,-qao-

76 2935 153 2975 que
172 2922 243 2962 -hic
271 2923 375 2962 idem
405 2937 498 2962 esse
529 2923 633 2975 quod
665 2924 942 2976 qualicunque

76 2979 332 3034 ‘ratione-*vel
360 2981 515 3034 ‘aliqua
541 2981 725 3020 ratione.
782 2979 943 3018 Frustra

78 3046 193 3084 quum
199 3035 348 3076 Lexica
360 3037 411 3076 de
420 3039 528 3077 vocis
536 3038 573 3075 -vi
582 3036 880 3083 consuluissem,
891 3036 942 3074 ad

79 3090 248 3132 Glossas
256 3104 321 3134 me
333 3095 503 3134 converti
510 3104 535 3141 3·
546 3102 648 3146 quae
659 3093 765 3134 -baec
776 3093 920 3133 habent
930 3102 945 3130 ε’

989 890 1331 943 (ἐὶοεςΡῖιίἱοΧφ.
1346 894 1434 931 180.
1447 902 1654 943 quoquere
1667 890 1731 928 καὶ
1744 887 1853 934 ὅπου,

989 962 1089 1000 quac
1098 949 1332 987 Graecorum
1345 946 1538 998 particula¹
1546 946 1662 984 etiam
1668 947 1856 985 rationem

992 1018 1068 1057 qua
1102 1004 1248 1055 aliquid
1281 1003 1323 1042 fit
1357 1003 1530 1043 indicat.»
1556 1001 1702 1041 Melius
1725 1007 1854 1041 tamen

991 1061 1151 1112 legerim
1167 1074 1383 1113 quoquam,
1392 1060 1497 1111 quod
1510 1059 1673 1098 eaedem
1683 1058 1859 1098 Glossae

991 1118 1184 1170 explicant
1209 1113 1306 1163 ὅλως
1327 1132 1418 1162 που,
1445 1129 1546 1167 quae
1564 1116 1758 1154 sententia
1769 1114 1857 1154 loco

987 1178 1121 1213 nostro
1146 1174 1350 1225 aptissima
1373 1175 1444 1211 est.
1492 1172 1684 1210 Fortasse
1714 1173 1768 1210 ita
1791 1185 1858 1210 ex·

989 1230 1123 1282 plicari
1146 1233 1279 1280 potest
1313 1228 1466 1268 Lucret.
1503 1227 1532 1266 I.
1575 1233 1693 1269 1054.
1728 1242 1859 1281 neque

991 1301 1194 1339 quoquam
1228 1298 1349 1337 posse
1384 1285 1530 1323 resolvi
1561 1299 1709 1323 samma
1733 1290 1859 1336 atque

988 1344 1066 1381 ima
1104 1343 1125 1380 i.
1153 1355 1186 1380 e.
1224 1342 1368 1394 aliqua
1397 1342 1559 1379 ratione
1595 1344 1634 1378 et
1667 1340 1737 1381 lv,
1763 1344 1857 1381 505.

987 1398 1142 1437 Eodem
1165 1399 1246 1436 iure
1271 1396 1465 1435 emendari
1491 1400 1621 1447 potest
1643 1410 1860 1449 quaquam,

991 1455 1096 1506 quod
1119 1455 1224 1506 prius
1249 1455 1393 1506 aliqua
1417 1455 1577 1491 ratione
1602 1453 1861 1503 significasse,

991 1512 1232 1550 demonstrat
1265 1512 1487 1561 negativum
1523 1510 1862 1562 haudquaquam.

991 1568 1105 1606 Unde
1117 1582 1192 1606 non
1206 1566 1428 1619 spernenda
1442 1570 1504 1604 est
1517 1579 1648 1604 eorum
1657 1566 1863 1610 sententia,

992 1626 1056 1677 qui
1067 1624 1223 1663 Lucret.
1243 1623 1272 1662 l.
1293 1627 1385 1664 429.
1410 1637 1541 1675 neque
1567 1623 1728 1661 omnino
1755 1623 1862 1674 una—

995 1696 1132 1735 qnam
1157 1682 1323 1720 dit-orsa
1341 1694 1473 1719 meare
1493 1679 1644 1730 legunt,
1672 1678 1777 1729 quod
1800 1691 1862 1716 an-

989 1738 1184 1777 tecedenti
1209 1737 1324 1776 leand
1349 1751 1556 1789 quaquam
1580 1736 1681 1773 bene
1705 1747 1864 1785 respon-

992 1795 1076 1840 det,
1102 1794 1177 1832 etsi
1191 1807 1265 1832 nou
1286 1806 1403 1843 nego,
1430 1807 1637 1845 quoquam
1656 1791 1864 1830 lectionem

993 1851 1104 1889 codd.
1128 1850 1192 1888 hic
1216 1849 1372 1888 defendi
1397 1849 1548 1901 posse]

1051 1921 1222 1946 oramus.
1247 1907 1314 1945 isti
1338 1907 1498 1945 crimen.
1541 1904 1581 1942 ln
1607 1904 1784 1942 lectionis
1808 1903 1862 1941 di-

995 1965 1179 2001 versitate
1199 1962 1469 2000 constituenda
1488 1965 1680 1999 constans,
1693 1960 1767 1998 sibi
1786 1973 1863 1997 non

994 2018 1174 2065 estOud.,
1185 2019 1247 2070 qui
1264 2032 1425 2058 oramus
1439 2032 1513 2056 non
1527 2017 1742 2069 significare
1749 2028 1865 2054 veras

993 2089 1149 2127 preces,
1175 2075 1325 2114 deabus
1350 2075 1455 2113 haud
1474 2074 1764 2118 convenientes,
1790 2071 1867 2110 sed

999 2132 1209 2170 formulam*
1239 2145 1334 2170 esse
1361 2131 1618 2169 vehementer
1649 2130 1866 2180 rogantium

992 2189 1094 2227 bene
1118 2188 1294 2234 adnotat,
1320 2188 1394 2226 sed
1415 2189 1641 2226 auctoritate
1660 2185 1865 2224 nonnullo-

993 2244 1419 2284 rumcodd.eommotus
1429 2245 1652 2284 damasum]
1661 2242 1865 2294 improbat.

998 2315 1231 2353 quamquam
1256 2302 1344 2352 ipse
1372 2301 1589 2347 confitetur,
1627 2300 1699 2338 dici
1735 2298 1866 2350 potius

998 2359 1158 2396 crimim'
1178 2357 1305 2397 alicui
1325 2358 1428 2396 clare
1447 2371 1562 2408 quam
1577 2358 1725 2395 crimen
1739 2354 1866 2394 alicui

998 2414 1100 2453 «lare
1125 2417 1245 2464 (quae
1264 2415 1499 2452 constructio
1517 2427 1623 2452 mere
1644 2425 1783 2463 graeca
1803 2413 1868 2448 est

997 2470 1044 2509 cf.
1069 2470 1166 2509 Met.
1183 2469 1287 2509 wll.
1319 2484 1356 2521 p.
1386 2475 1481 2510 521.
1519 2471 1683 2521 culpam
1720 2468 1867 2506 bestiae

998 2528 1155 2576 dabat.)
1183 2526 1351 2579 [Eadem
1364 2528 1513 2566 ratione
1526 2526 1714 2564 Romanis
1729 2524 1766 2561 in
1790 2536 1867 2560 usu

996 2588 1060 2622 est
1070 2585 1229 2622 verbum
1247 2597 1408 2636 quaest),
1434 2583 1538 2634 quod
1553 2582 1668 2620 etiam
1682 2580 1866 2632 gravibus

995 2641 1110 2679 animi
1145 2641 1470 2679 commotionibus
1512 2642 1733 2688 usurpatur.
1791 2635 1870 2674 Hic

995 2710 1086 2735 vero
1103 2711 1265 2737 oramus
1276 2701 1339 2735 est
1350 2696 1587 2748 palpantium
1599 2696 1692 2732 iram
1700 2693 1868 2730 Veneris
1891 2726 1893 2728 .

996 2757 1037 2792 et
1074 2753 1365 2792 blandientium.
1432 2751 1645 2790 Praeterea
1668 2748 1868 2788 emendat

995 2809 1197 2849 Meursius
1227 2808 1316 2849 Crit.
1346 2809 1493 2848 Arnob.
1514 2807 1594 2846 Vl..
1613 2811 1649 2846 4.
1680 2807 1866 2856 isticpro

998 2868 1066 2905 isti
1088 2881 1163 2905 non
1190 2863 1746 2917 intelligens,hune-dativum
1759 2861 1868 2900 vices

999 2926 1040 2962 ut
1052 2923 1105 2961 ita
1117 2923 1243 2961 dicam
1256 2923 1449 2961 sustinere
1463 2920 1618 2972 genitivi
1626 2934 1645 2967 ;¹
1658 2917 1810 2958 cs.Met.
1819 2917 1867 2959 Π.

998 2983 1117 3031 p.92.
1142 2980 1217 3019 his
1230 2979 1339 3018 oculi
1348 2979 1507 3016 minant
1517 2975 1673 3015 Ruhnlzt
1687 2975 1738 3014 ad
1751 2974 1877 3015 Ovid..

997 3034 1505 3087 Heroid211122740pw21..
1528 3036 1567 3071 et
1591 3031 1676 3071 lutt.
1700 3031 1753 3071 ad
1775 3031 1881 3071 Rue.

998 3091 1101 3145 Lup.
1124 3091 1152 3131 l.
1179 3091 1219 3141 §.²
1239 3095 1364 3143 105¹p.
1391 3093 1488 3132 109.-
1509 3088 1735 3142 Frotsdr;].·
