2155 3590
646 127 830 167 LIBER
856 126 976 169 VIII.
1024 126 1152 169 CAP.
1176 126 1343 167 XXIV.
1794 127 1874 170 ‘721

87 238 329 292 capillatum,
383 251 502 278 unum
545 239 590 279 de
628 239 774 280 triviali
810 239 1053 294 popularium
1091 240 1197 290 fece,
1244 238 1308 292 qui
1351 253 1419 292 per
1461 237 1610 292 plateas
1653 244 1691 277 et
1735 237 1872 291 oppida

86 292 294 350 cymlbalis
325 301 365 334 et
390 294 549 334 crotalis
580 303 839 349 personantes
871 297 1057 350 deamque
1093 294 1251 350 Syriam
1288 294 1610 335 circumferentes
1647 294 1871 334 mendicare

84 350 332 404 compellunt.
382 349 420 390 Is
446 351 565 391 nimio
591 352 857 405 praestinandi
882 353 1012 392 studio
1039 364 1271 406 praeconem
1296 357 1433 403 rogat,
1462 350 1601 391 cuiatis
1627 364 1769 390 essem.
1814 350 1870 389 At

82 407 144 446 ille
182 404 452 460 Cappadocum
490 422 550 448 me
587 415 625 448 et
660 409 756 449 satis
795 409 1016 449 forticulum
1054 407 1270 448 denuntiat.
1333 405 1507 446 Rursum
1544 406 1711 460 requirit
1745 420 1871 446 annos

82 462 221 502 aetatis
254 476 377 503 meae.
440 462 517 504 Sed
548 478 689 518 praeco
719 465 951 505 lasciviens:
984 463 1289 505 Mathematicus
1321 462 1495 516 quidem,
1530 463 1595 516 qui
1626 463 1761 503 stellas
1786 462 1871 502 eius

80 518 290 572 disposuit,
318 519 493 572 quintum
520 520 555 560 ei
581 522 804 561 numeravit
827 535 993 571 annmn,
1033 520 1101 560 sed
1132 519 1214 574 ipse
1247 518 1399 560 scilicet
1423 518 1561 559 melius
1586 519 1691 559 istud
1716 519 1762 559 de
1787 518 1870 558 suis

78 634 277 672 capillorum
296 637 375 666 Bas.
400 639 426 665 1.
476 636 661 665 trit-iulium
684 639 718 667 P.
738 640 776 668 L.
818 645 882 675 per
899 646 962 667 non
983 640 1143 671 comparet
1163 636 1195 665 in
1215 644 1244 671 p.
1293 634 1410 672 oppido
1430 637 1469 664 D.
1517 633 1670 663 cimbalis
1690 636 1727 663 G.
1743 636 1773 664 1.
1786 636 1817 664 2.
1830 636 1869 664 D.

79 680 222 710 crotuh's
235 683 270 711 F.
290 684 315 711 1.
337 685 373 712 G.
387 684 418 712 2.
432 683 467 711 P.
483 683 503 712 f.
519 680 548 712 ὁ.
585 682 728 712 croc-ulis
748 682 892 712 crotalis
904 684 959 720 D.‚
985 682 1114 718 punctis
1131 682 1233 717 priori
1251 683 1411 710 vocabulo
1429 680 1636 716 subscriptis.
1672 682 1707 707 et
1726 679 1871 708 crotalis

77 750 191 778 desunt
207 751 240 778 in
255 751 291 778 G.
310 752 336 779 1.
350 759 386 780 π.
436 731 538 789 §intes
561 760 615 786 pro
630 753 856 788 personantes
873 751 913 779 D.
960 749 1079 777 siriam
1099 751 1136 778 G.
1158 751 1187 778 1.
1225 747 1328 785 Syria
1345 749 1380 777 F.
1395 750 1425 777 3.
1473 746 1535 785 lays
1549 755 1606 783 pro
1619 747 1648 775 is
1668 749 1704 776 G.
1720 749 1750 777 1.
1797 755 1869 774 men

77 802 133 829 pro
146 794 246 822 nimio
260 792 290 823 δ.
331 796 569 832 praestinanli
579 798 615 825 L.
666 795 912 833 Cappadocum
927 795 997 824 edd.
1011 798 1087 824 vett.
1102 798 1231 830 praeter
1247 796 1331 823 Iunt.
1353 796 1382 823 1.
1396 795 1429 822 2.
1447 794 1525 823 Ald.
1562 791 1818 832 fortiunculum
1833 794 1869 822 P.

67 840 166 877 forti
177 839 283 868 locum
299 842 333 869 G.
353 843 378 869 l.
394 842 428 869 0.
476 841 652 869 renuntiat
666 842 689 871 f.
737 841 907 869 (agaricus
921 842 956 869 1..
1003 837 1272 868 mathamaticus
1284 841 1323 868 D.
1354 837 1483 876 quidem
1497 840 1534 868 F.
1551 840 1579 868 1.
1594 839 1625 867 3.
1642 839 1677 867 G.
1695 840 1723 867 1.
1738 840 1768 867 2.
1783 839 1818 868 0.
1832 839 1869 867 Ρ.

75 887 112 913 D.
129 885 150 913 f.
163 893 191 920 p.
207 883 236 915 δ.
251 886 377 915 Vicem.
396 888 479 915 lunt.
502 889 529 915 1.
551 888 580 915 2.
600 888 676 916 Ald.
698 889 735 916 111
750 891 822 917 cett.
837 884 983 923 qnidam.
1009 886 1072 914 Seu
1093 893 1272 920 perperam.
1298 887 1513 919 opponuntur
1530 884 1594 913 sibi
1614 882 1744 921 quidem
1765 887 1795 912 et
1812 881 1872 911 sed

74 951 145 988 ipse
158 951 296 982 scilicet.
345 953 496 991 quintum
509 962 603 981 evum
616 954 749 982 errarit
762 962 886 982 annum
900 955 936 982 G.
950 954 982 982 2.
1008 951 1158 990 quintum
1172 960 1266 980 evum
1281 952 1353 980 σηιῦ
1368 959 1491 980 annum
1506 953 1546 981 D.
1584 951 1617 979 ei
1626 951 1818 980 numeravi!
1831 952 1869 981 B.

74 999 284 1026 enumerarit
298 1000 333 1027 P.
347 999 443 1028 etiam
458 999 490 1028 in
504 1001 578 1028 coll.
591 1000 631 1028 ad
645 1006 745 1034 marg.
760 1000 808 1028 ed.
822 1000 913 1028 Colv.

73 1090 144 1124 aut
165 1091 312 1137 poetae
338 1087 467 1125 cinnis
491 1100 541 1126 ac
563 1089 666 1138 fuco
692 1086 929 1132 ostenditur,

72 1141 138 1179 ubi
169 1142 286 1180 hodie
318 1156 367 1180 ex
397 1142 511 1180 codd.
543 1142 676 1192 legunt
707 1144 931 1187 cincinnus,

71 1197 170 1235 Non.
202 1212 293 1236 vero
325 1199 361 1236 in
394 1199 477 1236 suis
504 1197 610 1236 libris
637 1199 757 1238 clv-ris
783 1198 930 1249 legisse

70 1254 235 1301 videtur,
262 1256 363 1304 quod
388 1254 558 1293 fortasse
578 1254 841 1300 emendarunt,
868 1254 931 1304 qui

71 1312 269 1350 cincinnis
300 1310 348 1348 tle
380 1310 545 1348 crinibus
576 1314 658 1348 arte
688 1311 929 1361 compositis,

69 1368 202 1406 cirrus
233 1366 282 1404 de
313 1366 453 1418 capillo
487 1371 620 1405 natura
645 1367 774 1418 crispo
800 1366 928 1404 solum

68 1424 140 1461 (lici
176 1427 364 1474 putarunt.
425 1422 531 1461 Idem
569 1423 854 1460 emendaverim
892 1423 926 1459 in

68 1479 203 1518 Gloss.
229 1479 346 1518 Arab.
372 1478 459 1518 Lat.
485 1494 521 1531 p.
551 1482 641 1520 703.
668 1480 811 1518 cinuus
831 1479 929 1517 torti

72 1537 175 1574 oris:
191 1537 324 1575 cirrus
349 1537 479 1576 crines
505 1537 604 1575 torti
631 1537 712 1574 oris
731 1535 793 1573 vel
811 1536 931 1574 simus

70 1594 166 1631 lorti
180 1594 279 1637 oris,
305 1593 354 1630 (le
367 1606 428 1638 eo,
454 1593 516 1642 qui
532 1591 929 1630 cavillanterirridens

65 1662 201 1687 nasum
221 1653 398 1700 corrugat
417 1653 455 1687 et
473 1662 518 1687 os
533 1649 758 1699 distorquet.
787 1647 928 1694 Quam-

67 1718 181 1756 quam
195 1705 354 1744 sormam
369 1707 513 1745 cintius
525 1704 927 1745 etia1n1si‹lor.G10ss.

64 1777 100 1814 p.
117 1765 209 1803 673.
224 1775 438 1813 agnoscere
465 1762 629 1808 videtur,
656 1763 792 1801 cinnes
806 1762 926 1805 cinni,

65 1818 337 1869 etsignificatio
347 1816 456 1856 vocis
472 1819 614 1858 cinnas
622 1818 828 1856 cumulatio
839 1816 927 1855 huic

64 1876 204 1913 notioni
222 1889 295 1914 non
305 1875 541 1914 adversatur.
558 1874 639 1912 Sed
649 1878 781 1913 contra
790 1886 925 1911 omnes

63 1931 174 1970 codd.
195 1935 325 1970 nostro
341 1931 425 1970 loco
447 1930 535 1969 nihil
556 1931 780 1970 mutandum
802 1929 900 1982 est]

119 1988 311 2042 cymbalis
331 1993 367 2026 et
387 1987 569 2027 crotalis.
619 1986 775 2039 [Deliis
790 1987 926 2024 instru-

62 2045 201 2082 mentis
226 2045 441 2083 accuratius
468 2043 591 2082 dicam
619 2043 780 2082 Excurs.
808 2041 896 2095 111.]

119 2101 353 2140 mendicare
379 2099 638 2151 compellunt.
700 2099 782 2151 [De
816 2112 924 2137 more

62 2156 307 2196 sacerdotum
345 2155 537 2207 Cybeles,
586 2170 672 2194 cum
719 2155 924 2194 simulacro

62 2213 173 2252 Deae
193 2213 228 2251 in
248 2212 427 2251 aedicula
444 2212 554 2251 asino
575 2212 774 2264 imposita,
798 2213 924 2263 stipes

61 2270 245 2320 erogandi
272 2274 311 2308 et
340 2269 625 2315 cxuendicandi,
657 2269 705 2308 cf.
734 2267 847 2307 Orid.
875 2282 924 2307 ex

59 2325 172 2364 Pont.
187 2325 214 2365 1.
230 2328 304 2376 (8.)
319 2329 384 2366 39.
400 2329 465 2366 40.
490 2325 597 2364 Ante
621 2325 740 2366 deum
760 2329 925 2364 matrem

60 2397 190 2423 cornu
237 2383 390 2422 tibicen
438 2383 622 2427 adunco,
677 2396 767 2422 cum
813 2382 925 2420 canit

60 2440 239 2491 eximiae
263 2440 354 2492 quis
377 2439 494 2490 stipis
514 2451 612 2477 aera
630 2440 775 2491 neyet?
798 2437 916 2489 Apul.

60 2493 262 2535 Metxlll.
278 2509 314 2546 p.
324 2499 417 2536 585.
431 2496 554 2546 stipes
567 2508 706 2534 aereas
721 2496 918 2547 offerenti-

60 2552 148 2599 bus,
168 2553 232 2591 ubi
247 2550 431 2591 nonnulla
446 2550 604 2589 Colvius
625 2551 793 2602 protulit.
826 2549 919 2588 Ter-

58 2608 271 2659 tull.Apol.
287 2613 351 2649 42.
379 2612 498 2654 certe,
524 2608 727 2659 inquietis,
753 2607 919 2659 templo-

57 2679 144 2704 rum
180 2665 402 2718 vectiyalia
445 2664 630 2716 quotidie
673 2664 919 2716 decoquunt,

60 2721 213 2772 stipes
235 2722 555 2774 quotusquisque
569 2721 648 2758 iam
663 2721 814 2760 iactat?
838 2734 919 2759 non

60 2778 162 2816 euim
189 2779 414 2831 sufficimus
444 2782 483 2816 et
513 2776 740 2815 hominibus
772 2781 811 2815 et
840 2777 920 2816 diis

58 2834 194 2872 restris
239 2835 572 2874 mendicantes
618 2833 781 2872 vicatim
822 2833 920 2872 cleos

59 2903 174 2940 opem
199 2892 325 2942 ferre.
370 2889 515 2928 Minue.
542 2888 627 2929 Fel.
663 2903 693 2927 c.
726 2892 791 2930 24.
828 2889 860 2940 ξ.
886 2894 923 2930 4.

57 2945 328 2986 mendicantes
352 2947 512 2986 vicatim
536 2947 634 2985 deos
654 2945 822 2991 ducunt,
848 2958 923 2996 quo

58 3000 144 3039 loco
191 3003 461 3043 mendicantes
507 3002 768 3041 accusativum
817 3015 923 3049 esse,

58 3060 212 3110 praeter
236 3057 395 3098 Tertull.
429 3059 453 3099 1.
480 3073 510 3098 c.
537 3060 653 3098 etiam
676 3062 810 3097 noster
835 3072 923 3097 con-

56 3113 188 3155 firmat.
214 3114 259 3154 cf.
280 3115 403 3156 Math.
422 3116 588 3171 Aegypt.
604 3114 757 3171 Explic.
773 3115 822 3155 ad
837 3114 924 3157 Liv.

991 1085 1031 1124 S.
1054 1084 1095 1123 C.
1117 1085 1166 1123 de
1186 1084 1330 1124 Bacch.
1352 1085 1387 1123 in
1408 1083 1544 1123 Polen.
1572 1084 1711 1136 Suppl.
1744 1083 1864 1122 Thes.

988 1142 1122 1192 Antiq.
1149 1140 1194 1180 T.
1222 1140 1247 1180 1.
1274 1155 1311 1192 p.
1338 1144 1432 1182 816.
1464 1145 1503 1179 et
1533 1140 1640 1179 Colv.
1665 1141 1715 1179 ad
1748 1140 1787 1179 h.
1815 1140 1866 1194 l.]

1047 1198 1358 1249 Cappadocum.
1387 1196 1529 1249 [Plura
1542 1197 1591 1234 de
1606 1197 1756 1248 ingenio
1767 1195 1866 1248 Cap-

990 1254 1181 1305 padocum
1197 1255 1400 1304 proterens
1415 1252 1634 1293 Beroaldus
1648 1266 1789 1304 equum
1803 1252 1866 1291 hic

988 1311 1040 1348 ita
1066 1309 1249 1347 nominari
1274 1314 1402 1361 putat,
1434 1311 1523 1361 quia
1544 1322 1593 1347 ex
1614 1309 1687 1348 hac
1704 1310 1865 1360 regione

986 1365 1090 1403 servi
1127 1365 1244 1404 utiles
1283 1369 1322 1404 et
1353 1366 1441 1404 boni
1476 1365 1636 1404 venales
1669 1365 1862 1417 deportati

988 1422 1145 1460 suerint:
1172 1426 1212 1459 ut
1239 1422 1514 1474 cappadocus
1537 1421 1603 1460 vel
1630 1422 1862 1473 cappadoce

990 1479 1024 1515 in
1051 1478 1270 1516 universum
1298 1478 1347 1516 de
1374 1490 1605 1528 quacunque
1629 1491 1672 1516 re
1695 1478 1800 1516 bona
1824 1482 1863 1516 et

988 1534 1202 1586 praestanti
1217 1534 1357 1572 dictum
1372 1535 1436 1573 sit.
1484 1534 1610 1573 Aliter
1629 1537 1668 1572 et
1681 1547 1769 1574 mea
1783 1535 1862 1585 qui-

989 1591 1076 1629 dem
1103 1591 1298 1630 sententia
1322 1591 1462 1628 melius
1476 1589 1584 1630 Colv.
1611 1590 1788 1642 intelligit
1812 1591 1863 1629 de

988 1661 1173 1699 equorum
1193 1647 1477 1698 generositate,
1497 1661 1596 1697 quos
1616 1647 1862 1687 notissimum

987 1709 1049 1743 est
1057 1703 1344 1755 inCappadocia
1352 1705 1713 1754 praestantissimos
1723 1703 1859 1747 fuisse.

987 1760 1094 1799 Colv.
1110 1760 1253 1799 excitat
1266 1760 1390 1800 Solin.
1404 1759 1547 1812 Polyb.
1562 1759 1727 1798 XLVII.
1748 1759 1858 1800 Clau-

986 1817 1084 1856 dian.
1101 1818 1135 1855 in
1150 1815 1328 1856 Rufin.11.
1344 1820 1415 1858 31:
1436 1817 1516 1856 iam
1524 1830 1685 1868 pascua
1695 1819 1860 1869 fumant

989 1874 1313 1926 Cappadocum,
1368 1873 1656 1925 volucrumque
1705 1886 1860 1925 parens

985 1930 1364 1982 Aryeusequorum.
1390 1929 1500 1968 Serv.
1517 1929 1567 1967 ad
1575 1931 1675 1968 Aen.
1686 1924 1749 1967 111.
1765 1933 1857 1970 704.

985 1985 1086 2024 Oud.
1117 1985 1226 2031 addit
1258 1985 1302 2024 B.
1333 1984 1444 2024 Pium
1477 1984 1598 2025 Thes.
1630 1984 1718 2024 Crit.
1752 1985 1798 2025 T.
1827 1984 1856 2024 1.

985 2056 1021 2093 p.
1047 2046 1141 2083 448.
1189 2041 1389 2092 Demster.
1412 2041 1460 2081 de
1485 2041 1639 2088 Hetrur.
1665 2041 1767 2094 Reg.
1792 2040 1855 2081 111.

984 2113 1014 2137 c.
1043 2102 1109 2140 73.
1147 2098 1288 2150 Veget.
1316 2098 1365 2136 de
1390 2098 1472 2137 Διῒ.
1499 2098 1633 2138 Veter.
1659 2097 1726 2137 IV.
1758 2112 1789 2138 c.
1817 2102 1854 2139 6.

982 2156 1012 2205 §-
1028 2160 1064 2195 4.
1090 2154 1225 2205 Argoi.
1247 2154 1294 2193 ad
1310 2153 1622 2206 Onuphr.Panv.
1643 2154 1669 2193 I.
1690 2154 1740 2193 de
1753 2154 1855 2194 Lud.

984 2211 1080 2251 Circ.
1094 2226 1126 2250 e.
1144 2215 1206 2252 13.
1227 2211 1263 2250 in
1283 2210 1423 2250 Graev.
1440 2210 1560 2251 Thes.
1574 2211 1707 2263 Antiq.
1723 2210 1770 2250 T.
1786 2210 1854 2250 IX.

982 2282 1019 2319 p.
1037 2272 1146 2315 134..
1173 2269 1236 2319 qui
1250 2266 1376 2320 Lipsii
1396 2268 1655 2307 coniecturam
1673 2273 1765 2308 salu
1783 2280 1853 2319 pro

981 2326 1078 2365 sutis
1102 2325 1205 2363 male
1229 2324 1436 2376 amplexus
1462 2328 1536 2363 est.
1573 2323 1636 2363 De
1652 2323 1855 2376 Cappado-

982 2395 1068 2420 cum
1104 2394 1290 2432 equorum
1327 2385 1462 2421 natura
1499 2380 1546 2420 es.
1586 2380 1714 2428 locos,
1753 2393 1852 2432 quos

977 2437 1089 2476 affert
1113 2437 1278 2488 Buleng.
1306 2437 1355 2476 de
1381 2436 1489 2477 Circo
1511 2437 1624 2476 Rom.
1646 2437 1852 2488 Ludisque

978 2494 1148 2533 Circens.
1174 2495 1210 2532 in
1233 2494 1375 2534 Graev.
1395 2492 1516 2536 Thes.
1544 2493 1567 2532 1.
1582 2508 1613 2534 c.
1640 2507 1676 2545 p.
1693 2497 1772 2534 733
1788 2506 1851 2544 sq.

977 2550 1064 2591 lntt.
1081 2551 1132 2590 ad
1153 2550 1287 2590 Claud.
1309 2550 1436 2590 Laud.
1457 2551 1594 2591 Scren.
1620 2553 1709 2591 192.
1735 2548 1850 2588 Alius

978 2609 1034 2646 vir
1051 2607 1191 2646 doctus
1211 2607 1259 2646 ad
1279 2621 1419 2646 servos
1440 2606 1700 2659 Cappadocas
1720 2605 1850 2651 refert,

979 2665 1042 2715 qui
1075 2665 1209 2715 grandi
1233 2677 1394 2716 corpore
1419 2668 1458 2702 et
1487 2663 1537 2702 ad
1570 2663 1740 2702 laborem
1765 2675 1847 2714 per-

979 2720 1179 2759 ferendum
1205 2719 1359 2760 habiles
1373 2719 1605 2772 plerumque
1624 2718 1849 2770 stupidioris

978 2777 1119 2816 suerint
1143 2777 1303 2829 ingenii,
1329 2781 1370 2816 ut
1383 2777 1518 2815 asinus
1538 2776 1600 2815 hic
1618 2776 1783 2820 stultus,
1811 2778 1849 2812 at

978 2833 1130 2873 validus
1166 2834 1307 2872 ironice
1343 2834 1568 2872 nominetur.
1622 2830 1708 2883 Ego
1746 2830 1848 2869 Oud.

982 2904 1136 2942 sequor.
1194 2890 1304 2930 Satis
1333 2890 1532 2931 adiectivis
1557 2889 1719 2940 saepius
1745 2886 1847 2938 iungi

982 2947 1288 2985 demonstratum
1321 2951 1383 2984 est
1413 2946 1463 2986 ad
1492 2945 1588 2984 Met.
1615 2943 1660 2982 11.
1691 2957 1726 2995 p.
1757 2948 1847 2984 144.

983 3009 1026 3043 lu
1039 3004 1140 3042 enim
1149 3016 1258 3054 puer
1271 3007 1309 3041 et
1325 3003 1447 3042 satis
1466 3001 1727 3054 pereyrinus,
1747 2999 1849 3038 unde

980 3058 1106 3110 Lipsii
1142 3059 1399 3098 coniecturam
1435 3070 1718 3109 supervacuam
1755 3069 1848 3096 esse

981 3114 1173 3172 apparet]

1420 3181 1475 3229 46

1897 298 1963 331 572
