2155 3590
649 150 839 191 LIBER
875 150 946 191 Vl.

1007 150 1133 192 CAP.
1168 148 1337 190 XXXI.
1785 149 1864 192 511

83 263 190 302 fuere
217 262 458 312 sententiae,
498 269 541 302 ut
571 262 715 316 primus
744 264 870 305 vivam
897 263 1064 304 cremari
1090 269 1270 304 censeret
1295 261 1481 315 puellam,
1510 261 1704 301 secundus
1730 261 1866 302 bestiis

82 317 195 358 obiici
214 318 418 368 suaderet,
449 319 585 359 tertius
605 319 776 373 patibulo
797 320 929 374 suffigi
951 320 1125 370 iuberet,
1153 325 1315 372 quartus
1335 316 1343 372 Ι
1365 318 1568 357 tormentis
1581 318 1867 358 excarnificare
1890 324 1958 356 444

80 466 171 496 redes
183 467 298 496 bestiis
317 470 352 498 P.
363 492 371 507 ‚
397 471 480 504 quod
494 471 716 505 compendium
729 469 822 499 sedus
840 473 927 500 male
945 471 1023 506 legit
1034 493 1042 507 ‚
1067 471 1121 505 qui
1136 471 1205 499 cod.
1217 469 1414 498 conferebat.
1460 467 1575 496 bestiis
1589 470 1678 497 abest
1694 469 1822 497 iniunt.
1836 470 1867 498 2.

79 512 165 542 obici
176 515 211 543 G.
225 516 256 543 2.
269 516 308 544 D.

78 645 273 697 praeferre
297 647 477 693 voluerit,
508 648 542 685 si
566 646 699 700 plures
725 648 836 686 codd.
864 648 944 686 suf-

78 702 328 753 fragarentur,
342 703 430 742 hine
444 718 517 742 non
531 705 738 743 videndum
752 709 826 751 est,
841 705 946 755 quod

78 759 215 798 eadem
240 760 485 799 subnascitur
510 761 710 799 dubitatio.
759 760 846 799 Nec
869 774 944 812 ego

78 816 299 868 exemplum
311 817 479 867 reperire
495 818 612 867 potui,
624 831 698 867 quo
708 817 808 856 hunc
819 817 945 855 locum

78 877 350 911 sustentarem.
376 873 457 911 Sed
478 886 527 910 ex
546 873 725 924 analogia
744 874 946 912 verborum

79 927 334 975 deliberandi,
361 929 604 967 consultandi
625 943 710 967 cum
729 930 869 968 dictum
883 931 946 976 sit,

79 997 178 1035 quae
196 986 522 1037 praepositionem
543 999 631 1026 eum
656 986 890 1031 adsciscunt,
909 986 945 1024 in

79 1054 126 1077 eo
151 1045 296 1079 tantum
323 1041 568 1087 offendimus,
590 1043 694 1093 quod
719 1057 850 1082 secum
874 1056 944 1093 pro

77 1098 187 1136 iuter
199 1112 241 1136 se
260 1098 324 1136 hic
337 1098 506 1149 positum
520 1103 582 1136 est
595 1103 726 1136 contra
744 1112 856 1136 usum
870 1098 946 1137 La-

78 1154 250 1192 tinorum.
280 1153 487 1192 Notandus
512 1155 623 1205 igitur
648 1154 759 1192 locus
785 1158 857 1193 est.
882 1154 946 1192 De

78 1209 239 1248 formula
253 1224 340 1249 cum
355 1212 500 1255 auimo,
521 1224 650 1250 secum
663 1215 866 1261 reputare,
883 1224 946 1249 co-

75 1267 212 1317 yitare
224 1265 336 1304 simil.
364 1266 411 1304 cf.
426 1265 553 1304 Hand.
571 1265 796 1304 Tursell.ll.
806 1279 841 1317 p.
856 1271 945 1307 150.

77 1326 116 1360 et
133 1335 170 1372 p.
188 1326 277 1362 164.
302 1321 493 1360 Fortasse
516 1321 643 1360 simile
669 1322 759 1372 quid
779 1323 947 1360 eontinet

79 1377 191 1416 locus
217 1378 314 1416 Stat.
341 1377 487 1417 Achill.
512 1377 540 1417 I.
570 1382 632 1418 12.
665 1391 793 1430 neque
817 1380 944 1417 inter

73 1435 215 1485 prisca
242 1439 461 1486 parentum
492 1448 680 1487 cumque
707 1448 780 1473 suo
806 1448 944 1473 memo-

76 1495 173 1529 rant
197 1489 426 1543 Amphione
453 1491 611 1530 Thebae
642 1494 680 1528 et
703 1489 789 1529 Liv.
816 1489 944 1529 XXII.

77 1549 141 1586 31.
167 1547 198 1598 ξ.
224 1551 260 1587 5.
292 1547 349 1585 ad
374 1547 481 1586 mille
506 1547 727 1591 hominum,
760 1560 860 1587 cum
884 1546 946 1585 lu's

79 1603 324 1655 Sempronio
337 1607 376 1640 et
389 1601 466 1642 Cic.
481 1602 530 1640 de
545 1602 651 1642 Orat.
667 1602 709 1641 ll.
726 1607 789 1643 73.
804 1605 833 1654 ῥ’.
850 1606 943 1643 296.

76 1659 203 1712 idque
215 1661 405 1698 memoria
426 1665 558 1704 teneo,
584 1660 740 1699 dixisse
757 1673 817 1698 me
843 1673 946 1699 cum

78 1716 220 1754 cetert's
244 1718 321 1755 tuis
346 1716 536 1755 laudibus
560 1716 667 1755 hanc
687 1729 767 1755 esse
788 1715 849 1754 vel
865 1730 945 1754 ma-

77 1773 240 1818 mimam,
250 1785 349 1823 quos
365 1772 472 1809 locos
481 1771 635 1810 Handio
651 1772 776 1810 debeo
791 1771 946 1811 inTurs.

78 1827 189 1866 Tom.
215 1827 260 1867 ll.
287 1841 323 1879 p.
353 1832 461 1874 139„
489 1842 604 1879 quem
630 1828 675 1867 cf.
691 1842 727 1880 p.
746 1827 944 1880 ·138sqq.]

133 1922 180 1956 ut
186 1931 343 1982 prunus
362 1922 449 1956 cett.
477 1917 654 1970 [Lucian.
671 1932 704 1956 c.
720 1922 783 1958 25.
798 1931 834 1968 p.
851 1921 944 1958 593

77 1969 148 2012 κᾶν
171 1989 293 2022 τουτῳ
317 1969 387 2025 ἤδη
412 1976 494 2025 περὶ
519 1978 585 2025 τῆς
609 1971 722 2026 κόρης
741 1973 946 2024 διελέγοντο

78 2027 171 2095 apag
183 2027 384 2081 ἀλλήλους·
406 2032 455 2068 Τι’
462 2034 653 2093 nolet-uei,
662 2029 731 2081 ἔφη
744 2046 799 2076 τις
811 2030 946 2076 αὑτῶ»,

78 2084 143 2136 τὴν
167 2085 358 2138 δραπέτης
387 2087 427 2124 τί
446 2086 498 2130 δὲ,
523 2080 639 2132 ἀλλος
663 2085 776 2133 εἶπει,
814 2085 947 2136 ἕτερον,

78 2139 100 2192 ἢ
126 2141 170 2191 τῇ
194 2142 285 2193 γραῒ
300 2138 418 2191 ταύτῃ
444 2139 548 2180 κάτω
567 2144 802 2205 ἐπιρίψωμει
821 2138 947 2207 αὐτὴν,

80 2195 177 2248 siae)
181 2212 312 2248 ομενην
323 2198 388 2248 μὲν
403 2213 498 2248 ημας
509 2194 682 2250 χοὴματιι
695 2195 832 2244 πολλα,
858 2193 949 2237 ὅσον

80 2251 138 2292 ἐπ’
164 2251 258 2304 αὐτῆ
295 2255 358 2292 καὶ
393 2254 609 2305 προδοῦσαι
642 2252 747 2311 ἡμῶν
783 2250 871 2293 ‹3201›
904 2251 948 2292 τὸ

81 2306 338 2361 εργαστήριονς
370 2325 410 2348 ευ
441 2325 516 2349 ισ-τε
546 2325 632 2362 γαρ,
670 2311 699 2348 ci
731 2313 850 2361 qOoc,
890 2305 948 2349 ὅτι

82 2363 175 2417 αὕτη
208 2369 241 2405 εἰ
264 2369 339 2404 τῶν
364 2381 458 2405 muoz
484 2363 594 2417 ἐὸραζ
581 2382 683 2413 ατο,
717 2365 805 2406 οἶδὲ
829 2363 878 2413 εἷς
902 2363 948 2404 ἂν

80 2421 187 2473 ἡμῶν
206 2422 277 2469 ζων
300 2420 416 2461 ὑποέλ
421 2435 541 2461 euno·
567 2438 702 2468 παντες
728 2420 797 2475 γὰρ
821 2419 866 2461 (ὶι
891 2420 948 2462 ἑά-

81 2481 219 2529 λωμεν,
251 2482 326 2517 τῶν
355 2482 503 2542 ἐχθρῶν
534 2482 573 2517 ἐκ
599 2478 839 2530 παρασκευῆς
864 2488 949 2530 ημῖν

81 2530 344 2574 &maeoti-,mm
382 2550 480 2574 ωστε
516 2531 752 2585 ἀμυνώμεθα
787 2536 853 2586 μὲν
886 2532 952 2587 τὴν

81 2593 280 2642 πολεμίαν·
306 2589 406 2630 ἀλλὰ
429 2608 478 2662 ar]
505 2587 603 2630 ου’τω
629 2593 766 2641 ῥαδιως
784 2589 953 2657 ἀποθνη-

81 2647 219 2713 andra),
246 2651 421 2687 πεσοῦσα
446 2649 506 2687 ἐπὶ
530 2647 596 2686 τοῦ
624 2649 754 2686 λ’·ιθου
782 2643 954 2687 θάνατον

82 2704 123 2742 δὲ
147 2703 241 2754 αὐτῇ
265 2701 330 2743 τὸν
348 2702 396 2742 ἀ).
401 2700 610 2754 ywcizavor
630 2705 693 2742 καὶ
716 2700 955 2756 μακρότατον

83 2756 304 2812 ἐξευρωμεν,
346 2762 410 2798 καὶ
445 2755 547 2806 ὅστις
583 2757 699 2811 αυτὴν
734 2776 854 2812 χθονῳ
892 2762 956 2799 καὶ

477 2811 493 2824 ‚7

83 2813 235 2867 βασάνῳ
250 2813 359 2870 qvis
338 2816 431 2864 αξας
437 2848 445 2863 ,
472 2831 626 2869 ιστερον
651 2814 752 2855 ἀπο).
756 2825 792 2854 εἴ
789 2817 812 2866 .]

143 2899 261 2933 certe.
310 2893 476 2933 Temere
506 2895 607 2933 hanc
635 2894 864 2946 particulam
887 2909 953 2934 un-

87 2948 223 2988 cinulis
237 2949 335 2989 Elm.
351 2955 390 2990 et
404 2951 569 2990 Scriver.
596 2951 846 2990 incluserunt.
879 2951 954 2991 Est

87 3005 189 3042 enim
222 3019 329 3044 mere
364 3008 586 3058 Apuleiana
619 3008 657 3045 in
688 3007 951 3047 conclusione.

89 3058 212 3106 Quasi
237 3062 361 3102 dicas:
389 3065 590 3117 quicquid
624 3065 693 3110 sit,
731 3065 810 3103 hoc
847 3069 954 3104 certe

88 3129 219 3158 verum
233 3124 299 3165 est,
318 3121 360 3159 in
374 3134 540 3167 summu,
561 3120 665 3172 quod
680 3120 766 3160 hinc
779 3134 801 3158 e
815 3120 954 3173 glossa

356 513 480 551 subfigi
490 517 524 544 G.
540 517 569 545 2.
583 517 622 545 Ι).
647 514 747 552 sufici
770 511 851 555 (non
866 513 999 556 suffici,
1025 516 1105 544 utin
1119 516 1197 544 Oud.
1213 514 1374 550 excerptis
1387 513 1475 549 erat)
1495 514 1531 542 G.
1548 515 1576 542 1.
1601 513 1710 551 subigi
1720 515 1755 542 P.

1003 649 1155 699 irrepsit
1201 648 1238 685 in
1280 646 1358 685 Ms.
1401 645 1599 691 d’Orvill.,
1649 646 1737 695 quia
1780 649 1870 683 sunt

1002 706 1088 743 usui
1125 702 1261 742 calculi
1296 705 1332 742 in
1368 703 1554 741 rationum
1591 715 1744 740 summa
1783 715 1870 739 con-

1002 761 1174 799 ficienda.
1212 759 1254 798 cf
1286 760 1336 798 ad
1359 759 1456 798 Met.
1473 757 1541 798 VI.
1572 772 1609 810 p.
1636 762 1729 799 383.
1766 756 1869 796 Ylss.

1002 831 1039 868 p.
1069 821 1160 858 536.
1192 817 1331 856 Certe
1357 816 1435 855 lzoc
1458 815 1556 854 miln·
1581 815 1784 854 concedas
1809 827 1870 851 ue-

1005 887 1110 913 ccsse
1136 878 1202 913 est.

1060 934 1297 969 maturatae.
1347 928 1423 980 [Ita
1450 928 1609 979 reposui
1640 941 1726 965 cum
1752 930 1871 965 veter-

1003 987 1108 1024 rimis
1122 986 1211 1023 edd.
1225 990 1384 1036 propter
1406 985 1479 1023 loci
1498 984 1744 1022 sententiam.
1769 982 1871 1021 Oud.

1003 1047 1204 1082 maturate
1227 1055 1313 1080 cum
1328 1041 1447 1086 Mss.‚
1473 1045 1514 1079 ut
1526 1042 1594 1085 ait,
1619 1039 1792 1092 praefert
1803 1051 1874 1090 per

1004 1098 1287 1149 imperativum,
1312 1101 1541 1137 maturatae
1564 1097 1651 1135 sine
1676 1109 1797 1134 sensu
1816 1095 1873 1133 di-

1004 1159 1106 1193 ctum
1131 1167 1224 1192 esse
1238 1156 1331 1191 mire
1350 1154 1615 1203 pronuntians,
1640 1152 1730 1204 quia
1752 1156 1873 1203 putat,

1004 1214 1093 1248 tunc
1119 1210 1266 1248 deesse
1291 1210 1450 1247 verbum
1470 1210 1615 1260 placet
1636 1209 1699 1246 vel
1732 1207 1874 1247 simile.

1005 1265 1067 1303 Ex
1098 1266 1210 1304 codd.
1243 1279 1335 1303 vero
1367 1266 1593 1303 auctoritate
1625 1265 1717 1303 nihil
1741 1268 1875 1316 potest

1005 1322 1263 1372 comprobari,
1296 1335 1412 1372 quum
1439 1321 1476 1359 hi
1500 1321 1645 1372 ubique
1670 1320 1874 1372 diphthon-

1004 1391 1095 1429 gum
1120 1392 1168 1417 ae
1193 1391 1262 1428 per
1284 1376 1412 1415 solam
1430 1391 1450 1416 e
1464 1377 1629 1416 litteram
1644 1377 1874 1428 exprimant,

1004 1433 1107 1472 unde
1132 1434 1237 1485 optio
1264 1434 1378 1471 nobis
1403 1434 1570 1484 eligendi
1604 1433 1695 1472 data
1719 1447 1876 1485 semper

1004 1494 1076 1528 est.
1125 1489 1199 1529 Hie
1223 1503 1313 1528 vero
1339 1490 1392 1527 ita
1415 1494 1508 1542 puto
1534 1503 1628 1528 esse
1654 1494 1876 1528 construen-

1004 1547 1114 1585 dum:
1140 1547 1350 1600 couyruit,
1372 1547 1466 1598 pali
1486 1560 1552 1585 vos
1573 1546 1683 1586 ultra
1700 1547 1875 1592 modum,

1006 1603 1229 1656 delictique
1253 1603 1406 1642 saevire
1435 1603 1665 1648 terminum,
1701 1615 1776 1641 nec
1812 1616 1876 1642 ar-

1005 1673 1156 1699 cessere
1183 1662 1316 1712 feras,
1352 1672 1426 1699 uec
1456 1672 1613 1704 cruces,
1643 1673 1718 1698 uec
1749 1659 1875 1711 ignes,

1004 1728 1082 1754 nec
1118 1720 1336 1759 tormenta.
1373 1729 1423 1754 ac
1458 1729 1508 1754 ne
1541 1717 1682 1754 mortis
1714 1715 1876 1767 quidem

1001 1773 1175 1824 festinas
1201 1769 1399 1811 tenebras.
1447 1771 1506 1809 lta
1530 1772 1659 1810 omnia
1682 1772 1784 1809 bene
1810 1785 1875 1809 co-

1004 1827 1177 1866 haerent.
1191 1827 1230 1865 ln
1247 1829 1491 1879 praegressis
1505 1828 1606 1865 enim
1617 1827 1875 1866 multamortis

1004 1884 1200 1922 violentae
1224 1897 1368 1935 genera
1391 1884 1563 1922 latrones
1582 1888 1877 1936 proposuerant,

1007 1953 1109 1990 quae
1133 1944 1261 1978 tamen
1288 1940 1415 1979 omnia
1439 1942 1490 1978 ita
1514 1944 1624 1978 erant
1643 1943 1878 1991 comparata,

1005 2000 1047 2033 ut
1060 1998 1186 2035 subito
1201 1997 1388 2047 virginem
1402 1996 1651 2041 conficerent,
1667 1999 1705 2034 et
1717 1999 1877 2034 mortem

1008 2054 1120 2102 quasi
1134 2056 1382 2091 maturarent.
1421 2052 1531 2090 Haec
1552 2066 1638 2091 cum
1658 2052 1722 2091 alii
1742 2052 1878 2091 latroni

1007 2123 1081 2146 non
1101 2108 1390 2155 satisfacerent,
1417 2109 1480 2161 qui
1499 2109 1598 2147 inter
1609 2122 1784 2147 summos
1798 2123 1878 2147 cru-

1007 2165 1131 2203 ciatus
1162 2166 1347 2216 virginem
1372 2166 1523 2204 interire
1547 2164 1736 2211 malebat,
1761 2165 1877 2204 aliam

1006 2221 1073 2259 ille
1097 2222 1254 2272 protulit
1277 2222 1487 2268 rationem,
1517 2235 1594 2272 qua
1618 2221 1723 2260 lente
1747 2225 1787 2260 et
1811 2222 1878 2260 du-

1005 2277 1161 2315 rissime
1185 2280 1312 2316 necari
1338 2283 1486 2329 posset.
1536 2277 1637 2317 Hinc
1663 2278 1775 2328 igitur
1798 2292 1877 2317 ma-

1007 2338 1146 2373 turata
1171 2335 1248 2373 ista
1271 2349 1377 2374 mors
1400 2339 1440 2373 et
1459 2348 1584 2386 genus
1603 2334 1718 2373 modo
1738 2348 1878 2386 propo-

1008 2391 1176 2429 nendum
1201 2391 1449 2430 interficiendi
1475 2391 1549 2429 sibi
1575 2392 1758 2443 opposita
1775 2394 1877 2436 sunt,

1007 2450 1046 2484 et
1071 2446 1170 2485 haec
1189 2448 1277 2498 ipsa
1296 2461 1441 2487 caussa
1460 2451 1540 2493 est,
1565 2461 1631 2486 cur
1651 2451 1878 2486 maturatae

1011 2502 1191 2553 equidem
1214 2503 1445 2556 praeferam.
1471 2503 1575 2542 Oud.
1601 2503 1701 2542 enim
1727 2516 1801 2542 non
1826 2503 1878 2540 in-

1009 2558 1180 2607 tellexit,
1217 2561 1310 2611 quid
1332 2560 1409 2598 hoc
1434 2559 1520 2599 loco
1545 2560 1620 2598 sibi
1646 2559 1739 2597 velit
1762 2559 1878 2610 parti-

1011 2615 1100 2654 cula
1122 2631 1190 2662 ae,
1227 2630 1329 2668 quae
1360 2621 1491 2655 nostro
1516 2616 1746 2667 respondet:
1784 2615 1880 2655 und

1011 2672 1305 2725 uberhaupt,
1342 2674 1563 2711 universam
1599 2672 1769 2722 aliquam
1798 2685 1880 2709 rem

1013 2728 1251 2779 significans,
1276 2729 1326 2767 ad
1352 2742 1469 2780 quam
1493 2729 1532 2766 id
1556 2729 1662 2780 quod
1687 2732 1802 2766 antea
1825 2728 1879 2766 di-

1012 2788 1117 2823 ctum
1129 2789 1202 2831 est,
1216 2789 1413 2836 tamquam
1426 2798 1518 2837 pars
1531 2785 1678 2823 attinet.
1695 2783 1742 2822 cf.
1751 2783 1880 2822 Hand.

1013 2839 1185 2881 Turseli.
1197 2841 1223 2880 1.
1238 2855 1275 2892 p.
1290 2846 1372 2882 464
1385 2854 1473 2892 sqq.
1498 2841 1611 2880 Bene
1636 2841 1746 2890 igitur
1769 2840 1883 2879 vertit

1010 2897 1202 2950 interpres
1214 2897 1494 2948 francogallus:
1519 2897 1556 2935 ni
1568 2898 1695 2935 meme
1709 2896 1759 2934 de
1771 2896 1883 2936 hater

1009 2966 1058 2992 sa
1081 2958 1182 2993 mort
1206 2958 1245 2992 et
1268 2954 1440 2992 Rodius:
1478 2953 1656 3005 Hinwey
1693 2954 1766 2992 mit
1801 2953 1881 2993 den

1009 3010 1160 3049 wilden
1198 3011 1386 3055 leieren,
1435 3009 1527 3048 dem
1564 3009 1743 3061 (Halym,
1792 3010 1881 3049 dem

1012 3067 1159 3112 Feuer,
1175 3067 1250 3105 cler
1268 3065 1533 3110 Folterbank,
1547 3065 1635 3104 und
1648 3065 1883 3118 uberhaupt

1010 3123 1081 3160 mit
1095 3123 1237 3177 jedem
1258 3122 1414 3175 friilzen
1437 3121 1704 3176 schlcuniyen
1728 3122 1851 3175 Tou]
