2221 3667
209 446 268 478 311

294 157 377 201 296
549 159 596 198 Ι..
623 158 843 201 APULEH
875 155 1274 202 MADAURENSIS
1305 157 1843 200 METAMORPHOSEON

297 271 425 326 poris
455 272 573 312 animi
599 274 753 324 saucia,
783 281 821 313 et
846 289 909 327 qur
898 273 1021 313 anuis
1048 271 1228 324 «rentibus
1256 271 1347 311 totis
1367 271 1634 325 complacitam
1657 273 1765 312 odit
1755 288 1794 312 ιιι
1815 287 1856 314 se
1878 287 1986 314 suam
2008 276 2085 315 for-

299 328 530 368 mositatem.
558 328 624 370 Sic
650 306 975 370 i111·’·2011un=ussnn
981 342 1025 368 ie
1052 328 1152 367 filiae
1178 327 1422 367 miserrimus
1448 335 1573 381 pater,
1603 330 1835 382 suspectatis
1856 331 2087 371 coelestibus

301 384 398 424 odiis
430 392 469 425 ct
499 385 580 425 irae
612 400 792 440 supcium
828 393 1024 433 metuens
1060 384 1119 423 dci
1150 381 1298 423 Milesii
1330 384 1637 424 vetustissimum
1670 393 1922 449 percontatur
1952 401 2088 427 oracu-

301 441 400 491 lum,
443 449 481 482 ct
512 449 621 482 tardo
656 443 812 482 muniuc
845 441 1022 495 precibus
1054 447 1093 479 ct
1123 439 1291 480 victimis
1323 440 1503 499 muratae
1534 441 1679 495 virgini
1711 442 1806 496 petit
1840 443 1993 497 nuptias
2022 442 2028 498 l
2053 450 2093 483 et

301 612 440 641 corpore
455 607 489 633 G.
507 607 534 633 ¹l.
550 607 583 634 0.
599 614 617 634 a
632 614 670 634 ιιι.
688 614 715 639 p.

302 651 372 678 edd.
388 654 463 678 vett.
480 654 631 685 praebent
649 652 680 678 1⁴¹.
696 652 725 677 3.
741 651 775 677 (ι’.
794 651 819 677 l.
835 651 863 677 2.
882 650 914 676 Ρ.
930 650 964 676 0.
979 650 1016 677 Ι).
1032 648 1052 677 f.
1067 650 1104 677 R.

764 612 835 631 cum
850 611 906 637 pro
920 602 1026 630 animi
1037 605 1075 632 1).
1101 603 1223 631 αηίηιῐε
1236 604 1271 632 F.
1286 604 1317 632 3.

1365 600 1513 632 audacia
1526 612 1582 639 pro
1596 604 1727 640 saum‘a,
1749 607 1831 639 quod
1849 606 1948 634 ceteri
1961 606 2051 634 codd.
2065 609 2094 635 et

1155 647 1236 676 totis
1253 648 1303 675 toi
1314 650 1351 678 D.
1366 656 1437 678 am.
1453 658 1482 684 p.
1519 649 1742 687 complicitam
1758 659 1787 685 p.
1825 649 1934 678 odisse
1947 658 2041 678 suam
2055 652 2094 680 D.

304 693 359 722 δίε·
372 695 540 733 informat.
555 697 589 723 F.
605 698 634 723 3.
650 697 684 722 G.
704 696 729 721 l.
744 696 774 722 2.
790 695 824 721 P.
839 695 876 722 Ι).
892 695 927 721 Β
943 703 974 726 ‘f-
990 691 1017 721 ὸ.
1035 693 1055 721 f
1082 694 1185 722 ceteri
1202 695 1291 756 (220dd
1306 698 1334 722 ct
1350 696 1419 724 edd.
1434 698 1509 723 vett.
1524 698 1641 724 habent
1657 694 1715 723 sed
1726 695 1790 735 inf.
1839 703 1953 733 sapum
1970 704 2024 731 pro
2038 703 2094 723 su-

304 748 427 778 perum
443 742 477 768 G.
493 742 522 769 2.
549 747 647 776 snper
660 742 807 765 metucns
822 740 859 766 l).

907 737 1042 766 mz'llesic
1054 740 1089 767 G.
1106 741 1134 767 1.
1148 740 1177 768 V
1180 743 1262 767 enei.

1300 740 1395 769 ⁸,Par
1444 739 1532 766 mille
1545 739 1576 768 st*
1588 742 1623 769 G.
1639 743 1669 769 2,
1684 741 1719 770 Ρ.
1767 740 1917 769 militiam
1931 740 1962 769 s'i
1979 739 2017 769 D.
2032 748 2052 770 a
2066 749 2095 776 p.

301 793 343 814 m.
358 788 489 820 syllaba
504 785 531 812 ti
543 785 668 818 punctis
683 784 864 816 designata.
903 787 1004 811 cauto
1018 792 1151 811 numme
1165 785 1200 813 Β
1239 783 1394 821 pret-ebus
1408 787 1441 813 ee
1454 785 1599 813 victimis
1614 787 1839 815 desiderantur
1852 787 1884 816 in
1897 788 1937 817 D.
1975 787 2097 824 εἶργε.

302 830 393 859 cibus
410 833 442 861 P.
490 829 621 858 ‘ch-lime
635 831 669 857 G.
690 830 714 857 1.
729 830 759 857 2.
775 830 810 858 P.
859 829 1000 866 virginis
1014 829 1036 859 f.

362 976 658 1027 complacitam.
710 974 775 1025 [cf.
802 974 933 1014 (l‘OrV.
960 975 1009 1013 ad
1036 974 1174 1013 Chai-it.

306 1032 355 1070 Y.
383 1036 418 1072 2.
446 1036 589 1082 p.s170.
617 1031 677 1068 cd.
703 1031 834 1082 Lips..
861 1034 924 1082 qui
949 1032 1034 1070 sine
1059 1032 1175 1070 dubio

306 1102 328 1125 e
355 1089 437 1126 cod.
467 1088 560 1139 legit
587 1088 892 1141 complicitam]

362 1157 433 1195 sic.
461 1155 635 1207 [Vellem
651 1169 723 1193 non
739 1156 791 1194 ita
805 1155 1177 1207 vithierassetOud.

308 1213 497 1258 editores,
530 1216 568 1250 ut
602 1213 729 1252 Wow.
761 1216 799 1251 et
829 1212 947 1258 Prie..
986 1213 1048 1263 qui
1079 1213 1179 1251 hanc

308 1269 515 1307 lectionem
542 1269 590 1308 ab
612 1268 768 1320 optimis
789 1269 901 1308 codd.
923 1269 1183 1308 confirmatam

309 1328 506 1365 intextum
524 1329 765 1376 receperunt.
792 1327 864 1365 Sic
883 1328 984 1365 enim
1000 1329 1062 1364 est
1075 1327 1182 1371 ideo,

308 1397 357 1422 ea
377 1383 428 1421 de
449 1396 612 1422 caussa:
638 1384 701 1433 qui
726 1383 939 1434 particulae
958 1396 1053 1421 usus
1069 1396 1183 1433 quum

307 1438 486 1477 librarios
501 1439 705 1489 effugeret,
731 1441 971 1491 corruptelas
986 1440 1183 1479 excitavit:

309 1495 422 1534 Mero
448 1495 514 1534 ille
541 1499 602 1533 est
625 1494 829 1533 Plautinus
856 1496 902 1534 ef.
928 1493 1049 1535 Most.
1076 1495 1119 1534 ll.
1147 1499 1183 1535 ⁶2.

311 1557 377 1592 20.
406 1553 520 1597 Quid
535 1553 625 1591 cos?
649 1554 832 1591 insaniae
852 1555 952 1591 estis.
983 1555 1052 1605 qni
1066 1554 1185 1592 flatu?

312 1610 401 1654 sic,
429 1609 527 1661 qect‘a
549 1610 658 1661 foris
684 1610 934 1661 aznbulads]

371 1681 484 1715 lanto
520 1678 690 1715 minet'ne.
739 1676 925 1715 Pricaeus
962 1690 1012 1715 ex
1040 1676 1184 1716 Bertiu.

316 1733 400 1772 cod.
436 1732 618 1771 lectione:
653 1738 689 1771 et
714 1739 835 1773 caedo
860 1735 1022 1772 ἠιιηιίηε
1048 1734 1186 1784 frigide

315 1790 428 1828 nimis
478 1790 656 1827 coniecit:
706 1795 743 1827 el
785 1805 810 1828 (ι
858 1795 974 1828 tanto
1010 1791 1185 1835 ηιιηιὶηε,

317 1859 417 1897 quae
466 1846 684 1884 emendatio
728 1859 843 1897 quum
890 1845 992 1885 Oud.
1041 1846 1188 1884 facilior

316 1902 524 1947 videretur,
569 1915 684 1953 quam
727 1915 828 1953 quae
865 1917 888 1941 a
924 1903 1086 1941 librariis
1123 1916 1188 1954 po-

316 1959 457 1997 tuisset
481 1960 687 2010 corrumpi,
713 1959 799 2010 ipse
825 1960 989 1998 coniecit
1014 1965 1051 1999 et
1075 1965 1190 1999 {anta

316 2017 500 2061 munina,
527 2019 566 2054 ut
590 2015 680 2054 inde
701 2015 953 2055 ablativorum
979 2031 1191 2055 concursus

319 2074 537 2111 evitaretur.
587 2068 735 2111 Petere
767 2073 867 2111 enim
905 2073 1036 2111 orandi
1069 2087 1191 2112 sensu

319 2142 592 2180 nonnunquam
629 2128 776 2167 babere
813 2129 912 2167 duos
944 2131 1191 2168 accusativos

321 2185 410 2224 coll.
433 2184 564 2223 Munk.
591 2186 639 2223 ad
667 2185 846 2235 Fuigent.
862 2186 1029 2237 Mythol.
1047 2201 1082 2238 p.
1100 2191 1190 2227 (359.

321 2242 429 2280 Stav.
455 2241 592 2280 Heius.
608 2246 646 2279 et
658 2242 788 2281 Burni.
803 2243 853 2281 ad
866 2243 980 2282 Ovid.
996 2243 1092 2282 Met.
1107 2244 1191 2281 vll.

321 2302 415 2340 299.
439 2298 650 2339 le.787.
677 2301 895 2349 pronuntiat
915 2304 952 2337 et
966 2302 1130 2339 mundun
1144 2300 1194 2338 de

321 2370 397 2394 uno
413 2355 487 2393 deo
502 2356 655 2407 poetice
669 2356 803 2393 crebro
819 2369 1019 2394 occurrere
1034 2357 1193 2396 coll.Ur.

323 2411 373 2451 ad
388 2411 493 2451 sill.
504 2414 568 2453 93.
579 2412 688 2450 Serv.
699 2416 734 2449 et
749 2412 874 2450 Burin.
887 2415 934 2451 ad
948 2414 1050 2464 Yirg.
1065 2413 1192 2453 Aenj.

324 2474 362 2509 7.
389 2473 482 2510 665.
510 2468 554 2507 ll.
569 2472 662 2509 232.
690 2468 790 2520 [Intt.
818 2469 866 2507 ad
892 2470 1192 2510 eun‹l.111.543.

322 2525 387 2564 De
408 2530 550 2578 petere
575 2539 661 2564 cum
692 2525 837 2577 duplici
868 2527 1038 2565 ablativo
1066 2529 1191 2565 iuncto

324 2581 453 2621 adhuc
478 2581 653 2621 dubitant
677 2581 927 2632 InterpretcS,
954 2584 1044 2634 quia
1057 2589 1193 2621 omnes

326 2639 391 2690 qui
426 2643 696 2677 enumerantur
733 2638 804 2676 loci
842 2639 984 2677 dubiae.
1017 2640 1192 2678 lectionis

326 2696 411 2733 sint.
438 2694 567 2745 Negat
582 2695 617 2733 id
633 2709 799 2746 unquam
822 2696 898 2733 lieri
924 2710 1047 2746 posse
1074 2696 1194 2736 Bach.

327 2751 375 2789 ad
402 2750 515 2789 Ovid.
539 2749 636 2791 Met.
653 2751 736 2790 VH.
764 2755 855 2792 296.
906 2751 1118 2791 posteriori
1142 2757 1195 2791 ta-

326 2821 414 2846 men
428 2813 604 2859 tempore
619 2808 772 2860 probari
792 2821 916 2859 posse
936 2810 1064 2855 credo,
1093 2810 1197 2860 quod

328 2864 536 2915 aliquoties
567 2865 831 2903 accusativum
861 2879 1054 2917 personae
1078 2867 1196 2904 verbo

324 2926 463 2971 petere
488 2922 591 2973 iungi
616 2925 768 2960 constat
815 2922 860 2960 cf.
878 2921 1044 2961 Casaub.
1064 2923 1111 2961 ad
1128 2922 1197 2960 Ca-

329 2977 437 3028 pitol.
462 2977 606 3016 Pertin.
632 2993 662 3017 e.
679 2982 714 3018 3.
740 2992 776 3029 p.
798 2982 890 3019 537.
917 2977 1200 3030 Fulgentffly-

329 3033 424 3071 thol.
440 3033 465 3071 l.
483 3039 546 3074 ⁶27.
575 3035 811 3086 Apollinem
835 3040 957 3088 alque
983 3036 1200 3075 Herculem

326 3090 450 3140 periit
462 3091 525 3128 ubi
551 3091 596 3128 cf.
608 3091 740 3129 Munk.
758 3105 795 3142 p.
810 3095 902 3133 659.
929 3091 972 3130 H.
993 3095 1053 3131 13.
1076 3092 1199 3132 Mida

332 3159 409 3183 rese
434 3146 665 3197 Apollinem
687 3149 811 3199 petiit
835 3148 937 3186 alibi.
964 3148 1076 3187 Nunc
1100 3162 1199 3187 unus

1235 979 1356 1013 restat
1382 974 1492 1013 locus
1516 975 1660 1014 Minue.
1686 975 1772 1015 Fel.
1788 976 1872 1016 Vll.
1898 977 1928 1027 δ.
1957 981 2011 1021 6.,
2038 977 2101 1027 qui

1236 1045 1386 1069 omnem
1436 1032 1712 1071 dubitationem
1756 1033 1893 1071 tollere
1937 1033 2103 1071 videtur:

1237 1102 1352 1139 quum
1378 1089 1427 1126 ibi
1453 1089 1595 1140 scripta
1620 1089 1732 1128 lectio
1757 1089 1902 1129 habeat
1931 1095 1976 1130 ut
1999 1089 2104 1128 Par-

1237 1145 1326 1184 thos
1356 1146 1476 1197 siqua
1508 1151 1752 1198 spectamus,
1784 1160 1885 1197 quae
1920 1161 1943 1186 a
1965 1145 2104 1185 Lindn.

1237 1202 1292 1239 in:
1319 1208 1362 1242 ut
1387 1202 1569 1241 Parthos
1601 1204 1721 1255 siqua
1751 1216 2009 1255 reposcamus
2056 1202 2106 1242 et'.

1243 1257 1405 1296 Excurs.
1432 1257 1457 1296 l.
1483 1272 1520 1310 p.
1548 1263 1623 1299 311
1654 1273 1740 1310 sqq.
1768 1264 1807 1297 et
1831 1259 1970 1299 Heum.
1995 1260 2050 1298 in:
2081 1269 2107 1298 a

1243 1315 1416 1354 Parthis
1441 1316 1647 1354 emendata
1671 1320 1743 1355 est.
1792 1316 1846 1354 At
1865 1318 1953 1368 quia
1967 1316 2110 1355 licebat

1243 1372 1290 1410 iis
1321 1371 1450 1410 dicere
1477 1377 1618 1423 petere
1648 1373 1825 1425 aliquem.
1849 1387 1918 1425 pro
1944 1386 2108 1426 royare,

1245 1428 1360 1466 facile
1386 1429 1527 1467 sactum
1553 1433 1630 1473 est,
1662 1434 1703 1467 ut
1729 1430 1866 1467 eodem
1893 1430 2007 1467 modo
2035 1443 2109 1479 quo

1242 1499 1413 1536 roslare.
1436 1498 1623 1535 poscere,
1650 1490 1925 1525 construerent.
1954 1487 1995 1523 Si
2021 1485 2110 1536 quid

1244 1543 1278 1579 in
1317 1541 1390 1579 hoc
1429 1541 1512 1579 loco
1548 1543 1771 1580 nmtandum
1808 1547 1887 1588 est,
1930 1540 2114 1581 facillima

1244 1602 1324 1636 erat
1355 1598 1573 1636 emendatio
1605 1599 1792 1645 Parthis,
1825 1601 1888 1649 qui
1919 1599 2113 1637 ablativus

1244 1668 1319 1692 non
1346 1654 1475 1692 addita
1501 1656 1786 1706 praepositione
1817 1671 1842 1694 α
1868 1659 2000 1694 nostro
2027 1655 2112 1693 loco

1245 1710 1360 1762 plane
1386 1711 1649 1762 responderet.
1689 1710 1726 1749 In
1753 1711 1828 1749 alio
1856 1711 1930 1750 Cic.
1956 1726 2025 1764 pro
2052 1710 2114 1749 Li-

1247 1781 1325 1818 gar.
1359 1781 1389 1805 c.
1420 1771 1481 1807 12.
1514 1766 1543 1816 δ.
1571 1771 1635 1807 36.
1670 1767 1775 1814 loco,
1807 1769 1869 1806 ubi
1903 1766 2038 1808 Munk.
2066 1770 2115 1808 ad

1246 1822 1358 1874 Fulg.
1393 1823 1415 1862 l.
1442 1838 1472 1861 c.
1505 1824 1580 1874 legi
1617 1825 1685 1863 ait:
1721 1839 1829 1865 necne
1864 1830 1901 1864 te
1937 1824 2116 1877 supplex

1245 1881 1374 1934 spati·
1361 1894 1393 1919 ts
1405 1881 1570 1919 salutem
1582 1883 1713 1932 petiit,
1728 1881 1845 1919 hodie
1860 1884 1990 1934 optimi
2005 1881 2116 1922 codd.

1249 1938 1435 1988 praebent
1471 1952 1513 1982 a,
1550 1938 1622 1975 nisi
1663 1937 1759 1976 sorte
1798 1939 1849 1977 de
1879 1942 2037 1991 propter
2067 1940 2118 1978 si-

1249 1994 1378 2032 milem
1420 2008 1504 2044 seq.
1547 1994 1726 2033 vocabuli
1763 2009 1900 2033 sonum
1939 1996 2119 2035 facillime

1251 2051 1438 2089 omiss-uin
1470 2050 1619 2088 restitui
1652 2051 1806 2090 debeant
1853 2051 1999 2091 Nostro
2031 2053 2117 2091 loco

1252 2108 1284 2145 si
1324 2108 1514 2158 corrigere
1540 2107 1654 2152 velis,
1695 2108 1754 2146 vel
1781 2113 1819 2147 et
1849 2114 1885 2148 te
1909 2114 2023 2148 tanto
2048 2124 2118 2149 mt-

1250 2166 1354 2202 mi‘ne
1380 2163 1438 2200 vel
1466 2168 1579 2202 ΐαιιΐυ
1604 2179 1628 2203 τι
1654 2167 1814 2203 nurnine
1838 2170 1878 2203 ut
1902 2166 1977 2204 iam
1996 2164 2118 2205 Basti.

1252 2220 1373 2258 voluit.
1399 2220 1463 2267 (cs.
1492 2220 1611 2258 Orell.
1638 2221 1687 2259 ad
1713 2220 1748 2260 Ιι.
1778 2221 1820 2273 l.)
1847 2223 2040 2262 restituas,
2071 2223 2120 2261 es.

1253 2291 1353 2327 quae
1381 2275 1504 2315 dicam
1530 2277 1579 2314 ad
1593 2276 1690 2316 Met.
1705 2292 1739 2328 p.
1757 2283 1850 2318 412.
1878 2278 2056 2318 Ceterum
2071 2279 2121 2317 de

1249 2339 1389 2387 pelere
1413 2333 1460 2372 el'.
1489 2339 1690 2384 praeterea
1715 2333 1798 2373 lntt.
1826 2336 1874 2373 ad
1901 2334 1993 2374 Tac.
2019 2336 2120 2375 Anu.

1253 2389 1338 2428 ΧΠ.
1370 2395 1430 2429 11.
1461 2390 1525 2428 [)ι·.
1551 2390 1601 2428 ml
1632 2389 1815 2430 Luavn.
1843 2394 1908 2432 3‘2.
1934 2391 1965 2442 ξ.
1991 2392 2052 2445 4.]

1309 2472 1514 2520 inmotae.
1564 2468 1749 2507 Pricaeus
1777 2472 1901 2509 minus
1926 2475 2031 2510 recte
2056 2485 2121 2510 ex-

1253 2526 2122 2578 pomttmteOu‹l.ma‹ris2--11iidetBeroalcli

1252 2583 1480 2634 explicatio,
1496 2583 1724 2621 insanabili.
1739 2584 2019 2636 nullior-alae,
2033 2592 2121 2635 pas-

1250 2641 1335 2678 sivo
1350 2652 1487 2680 sensu
1524 2643 1566 2676 ut
1594 2640 1765 2690 ἰ’φῖαιᾛε
1790 2653 1857 2690 pro
1884 2642 2048 2693 ifflzotus
2072 2641 2121 2680 al.

1255 2696 1356 2734 Nam
1395 2681 1483 2734 licet
1518 2699 1629 2733 esset
1671 2695 1968 2742 tbi-mosisshna,
2010 2709 2122 2735 nemo

1255 2753 1359 2790 illam
1385 2753 1460 2789 sibi
1487 2752 1667 2804 cupiebat
1690 2765 1849 2790 uxorem
1876 2754 2016 2792 nimiae
2040 2754 2123 2805 pul-

1256 2808 1479 2847 chritudinis
1503 2812 1697 2859 respectu.
1731 2807 1815 2861 [Sic
1837 2811 1980 2862 qratia
2000 2822 2123 2862 saepe

1257 2870 1318 2904 est
1343 2879 1412 2916 pro
1439 2878 1589 2910 amore,
1615 2869 1725 2915 grato
1750 2865 1895 2909 animo,
1927 2879 2003 2916 quo
2036 2869 2123 2917 quis

1256 2923 1417 2962 alterum
1452 2921 1706 2973 amplectitur.
1762 2921 1809 2959 ct.
1846 2921 1967 2962 Lucil.
2006 2923 2122 2962 Aetn.

1257 2992 1291 3017 v.
1323 2983 1371 3018 14
1398 2982 1437 3016 et
1466 2983 1525 3018 15.
1558 2979 1621 3017 ubi
1653 2991 1727 3027 ego
1758 2979 1942 3017 emendo:
1975 2985 2012 3019 et
2031 2981 2123 3031 pin-

1256 3037 1353 3088 quis
1366 3035 1515 3074 Pallas
1532 3035 1662 3073 olicae
1677 3034 1865 3073 Sem-etos
1878 3049 2010 3075 anives
2029 3047 2124 3089 aye·

1257 3096 1337 3138 ret,
1375 3093 1442 3131 cui
1469 3092 1610 3143 qratia
1641 3092 1758 3130 ruris.
1796 3092 1820 3128 i.
1850 3104 1883 3130 e.
1922 3106 2021 3143 quae
2052 3093 2124 3131 ruri

1259 3152 1367 3200 grata
1392 3151 1471 3193 est,
1498 3162 1521 3186 a
1544 3161 1629 3185 rure
1654 3151 1818 3193 amatur,
1844 3149 2015 3201 colimn]
