2155 3590
602 141 785 183 LIBER
814 144 886 184 IV.

47 258 190 298 tionem
219 263 374 311 parant.
424 255 478 296 Et
506 255 640 296 miseri
671 255 823 309 quidem
853 263 1036 309 parentes
1068 255 1151 296 eius
1183 260 1292 294 tanta
1317 252 1425 292 clade
1446 249 1456 308 Ι
1475 251 1639 304 defessi,
1673 252 1829 293 clausae
1854 252 1919 286 31⁶

947 142 1069 183 CAP.
1098 139 1291 182 XXXV.

1748 140 1828 183 303

45 305 179 354 doffius
204 312 376 353 abstrusi
401 312 572 353 tenebris
598 319 807 366 perpetuae
831 312 937 352 noeti
962 326 1049 353 sese
1073 310 1268 352 dedidere.
1312 307 1505 363 Psychem
1531 316 1659 349 autem
1685 322 1829 363 paven-

44 377 120 411 tem
145 383 190 409 ac
217 369 470 424 trepidantem
498 375 537 409 et
560 368 601 408 in
625 368 709 422 ipso
734 369 883 423 scopuli
909 368 1055 409 vertice
1081 367 1283 408 deflentem
1309 365 1413 405 mitis
1441 365 1728 428 auraffmolliter
1752 365 1829 419 spi-

45 486 177 515 aslrusz‘
188 488 223 515 G.
239 488 268 516 1.
293 484 495 515 absconsiB.
534 484 688 513 tenebras
699 486 738 514 D.
776 484 885 513 noctis
898 492 968 513 sese
981 487 1017 514 G.
1034 487 1062 514 1.
1076 486 1107 513 2.
1121 486 1159 513 D.
1170 485 1205 512 0.
1240 480 1358 510 dedere
1370 483 1407 510 R.
1422 480 1444 509 f.
1460 478 1488 509 δ.
1527 479 1687 518 Psychem
1702 482 1737 510 F.
1755 484 1782 511 1.
1798 483 1828 510 3.

44 533 79 561 G.
92 533 123 560 2.
137 533 173 560 B.
186 532 225 559 D.
262 528 401 567 Sychem
416 532 451 560 G.
468 532 496 559 1.
515 538 556 559 ex
575 537 662 558 more
686 530 728 559 cf.
747 538 848 565 supra
867 539 895 565 p.
911 532 986 559 309.
1028 531 1207 567 parentem
1219 529 1334 557 Venet.
1349 528 1378 556 4.
1418 525 1641 563 trepidantem
1653 528 1689 555 F.
1704 528 1734 555 3.
1749 528 1785 556 G.
1800 529 1829 555 1.

43 577 77 609 0.
91 573 120 605 δ.
135 576 156 606 f.
181 574 422 613 strepidantem
436 577 472 605 G.
484 577 516 605 2.
530 576 565 604 P.
580 576 618 603 D.
633 582 653 604 a
665 583 705 603 m.
719 583 748 609 p.
762 576 796 603 in
812 573 1035 611 trepidantem
1049 582 1067 604 a
1081 583 1121 603 m.
1132 582 1160 609 p.
1175 576 1360 614 correctum.
1384 573 1422 600 In
1435 575 1507 601 cett.
1521 573 1611 601 codd.
1625 576 1655 600 et
1668 573 1738 601 edd.
1752 576 1829 600 velt.

43 625 90 650 est
105 619 279 658 trepidam.

325 621 427 648 etiam
446 628 500 655 pro
520 622 553 647 et
572 620 592 649 f.
640 619 711 657 ipso
732 621 820 648 deest
839 620 873 648 in
887 621 921 648 P.
937 624 1018 649 teste
1031 621 1109 649 Oud.
1135 619 1198 648 Sed
1211 618 1324 646 mirum
1337 620 1403 654 est,
1428 618 1582 652 quomodo
1597 617 1680 645 idem
1694 617 1728 646 in
1741 625 1829 651 seqq,

42 667 75 695 in
88 668 146 695 hoc
159 667 226 695 cod.
238 666 309 704 ipso
322 666 398 703 legi7
419 669 528 700 aperte
542 665 736 700 pronuntiat.
783 661 957 702 deflentem
972 668 1063 694 abest
1077 672 1097 693 a
1110 664 1131 693 f.
1157 655 1352 701 defluentem
1367 663 1402 691 G.
1416 663 1447 691 2.
1462 663 1497 691 Ρ.
1512 663 1550 690 D.

42 765 132 804 tatio
158 778 228 804 eos
254 763 463 803 admonere
487 767 656 815 poterat,
683 777 797 814 quam
821 777 904 815 per-

41 833 154 859 verse
178 820 355 872 Fulgent.
381 822 416 859 in
442 821 502 859 his
529 822 664 872 egerit,
692 823 731 858 et
753 833 791 870 p.
812 824 904 861 776.

42 891 73 916 s.
97 891 134 916 v.
168 878 359 917 catillare
384 890 469 916 cum
495 877 634 916 eodem
658 876 790 915 codice
815 877 903 914 scri·

40 934 132 973 bas:
171 933 227 973 Et
255 933 430 973 Plautus
466 933 647 972 similiter
678 934 756 972 ait.-
794 933 902 978 Quin

39 1004 165 1029 meam
188 1003 358 1029 uxorem
382 991 535 1029 mtttam
560 989 798 1028 catillatum.
837 988 903 1026 Sic

41 1046 183 1097 ubique
213 1045 302 1084 huic
332 1046 454 1084 codici
485 1047 520 1083 in
545 1044 675 1084 Plauti
708 1046 903 1096 excerptis

41 1102 382 1154 obtemperandum
398 1105 470 1140 est.
485 1100 532 1140 cf.
547 1101 680 1140 Munk.
696 1101 745 1140 ad
759 1114 794 1152 p.
811 1104 902 1141 780.

40 1171 121 1197 s.v.
148 1159 359 1198 exercitus.
407 1157 495 1196 Nec
517 1159 642 1196 minus
669 1157 803 1194 leviter
828 1158 905 1206 egit

41 1213 268 1265 Fulgentius
294 1215 328 1251 in
355 1214 441 1252 aliis
467 1226 621 1264 quoque
640 1213 902 1263 scriptoribus,

39 1275 81 1310 ut
104 1272 139 1308 in
164 1267 278 1309 Mart.
300 1269 471 1322 Capella.
510 1269 636 1316 Quem
661 1269 761 1306 enim
787 1282 836 1306 ex
856 1282 902 1306 eo

40 1340 77 1378 p.
104 1330 196 1367 780.
227 1339 261 1366 S.
281 1339 314 1364 v.
347 1325 587 1365 coelibatum
617 1325 735 1363 habet
764 1323 904 1371 locum,

39 1383 155 1434 plane
179 1381 289 1420 aliter
311 1383 346 1420 in
367 1381 469 1420 Mss.
490 1381 669 1420 Martiani
696 1380 844 1431 legitur,
865 1384 905 1419 ut

40 1438 129 1478 hinc
150 1439 362 1491 putaverim
389 1438 698 1483 demonstrasse,
729 1437 904 1475 memori·

39 1499 97 1534 ter
121 1496 248 1534 omnia
271 1508 294 1534 a
313 1494 518 1546 Fulgentio
544 1507 637 1532 esse
661 1495 838 1540 excitata,
863 1497 905 1531 ut

40 1565 231 1603 nunquam
256 1552 291 1589 ei
313 1550 413 1589 fides
437 1550 617 1590 habenda
642 1550 727 1602 sit.]

98 1607 218 1648 clade
244 1608 406 1660 defessi.
460 1606 579 1646 Putat
609 1605 815 1653 Pricaeus,
852 1606 906 1644 le·

41 1664 209 1717 gendum
234 1676 326 1702 esse
351 1664 473 1704 clade
494 1665 603 1716 fessi,
629 1663 718 1714 quia
742 1662 908 1714 simplex

39 1724 169 1775 fessus
187 1721 239 1760 ita
257 1733 381 1772 saepe
399 1723 615 1771 usurpetur.
663 1718 760 1758 Eius
780 1733 908 1757 exem-

41 1777 118 1830 plis
159 1781 328 1828 possunt
362 1778 559 1815 innumera
594 1775 694 1815 addi.
756 1775 836 1814 Sed
874 1776 908 1813 si

42 1833 220 1885 simplex,
239 1847 305 1872 cur
317 1846 391 1871 non
407 1833 521 1872 etiam
536 1834 790 1883 compositum
806 1832 908 1870 idem

43 1890 227 1928 denotare
257 1893 407 1942 potest,
438 1903 553 1941 quum
584 1889 635 1928 de
666 1888 908 1940 significatio-

42 1959 129 1984 nem
142 1946 405 1985 tantummodo
420 1945 588 1997 augeat?
619 1944 666 1983 cs.
682 1946 792 1996 Sept.
806 1943 907 1983 Bell.

44 2002 196 2041 Troian.
221 2001 267 2040 ll.
294 2006 358 2043 31.
380 2003 565 2054 pernicie
590 2002 773 2055 defessi
797 2014 910 2040 exer-

44 2060 148 2099 eitus
172 2059 330 2098 anxius.

101 2114 256 2154 abtrusi
286 2113 466 2153 tenebris.
525 2112 565 2151 ln
598 2113 699 2152 luctu
731 2114 833 2151 domi
863 2126 908 2150 se

46 2170 291 2209 continebant
313 2173 466 2208 veteres
492 2169 538 2208 cs.
565 2168 664 2209 Plin.
691 2169 816 2221 Epist.
842 2168 910 2207 IX.

48 2230 109 2267 13.
137 2225 230 2266 Cod.
256 2226 361 2265 Bert.
386 2225 500 2264 lectio
527 2230 588 2264 est
613 2226 831 2278 glossema,
864 2225 910 2263 cs.

44 2283 175 2322 Arntz.
201 2283 252 2321 ad
275 2281 374 2321 Plin.
399 2280 593 2333 Panegyr.
620 2296 650 2321 c.
677 2287 740 2322 45.
767 2283 913 2322 Bonos

49 2340 131 2379 otio
156 2344 229 2380 aut
250 2340 328 2379 situ
352 2339 609 2378 abstrusos.

101 2397 214 2435 nocti
232 2409 313 2435 sese
332 2395 538 2435 dedidere.
582 2394 781 2448 [Dedere,
809 2395 911 2445 quod

46 2452 217 2490 nonnulli
242 2452 352 2491 codd.
372 2453 571 2503 praebent,
597 2465 827 2502 quamquam
846 2463 915 2502 per

47 2521 94 2548 se
125 2507 212 2547 ferri
242 2511 390 2560 potest,
423 2511 549 2546 tamen
582 2511 736 2559 propter
759 2512 913 2546 senten-

48 2565 139 2604 tiam
162 2565 225 2604 hic
248 2565 433 2616 improbo.
481 2564 608 2603 Maior
632 2568 759 2602 autem
785 2565 842 2602 vis
861 2565 912 2602 in-

51 2624 112 2659 est
127 2621 164 2659 in
182 2634 280 2661 voce
301 2621 463 2667 dedere,
489 2634 589 2671 quae
607 2624 822 2672 usurpatur,
848 2621 911 2658 ubi

50 2679 169 2715 totum
195 2676 362 2729 aliquem
386 2677 439 2714 rei
465 2690 510 2714 se
532 2677 623 2714 dare
643 2677 704 2714 vel
728 2680 850 2715 totum
875 2677 910 2714 in

51 2730 210 2772 alicuius
239 2737 476 2785 potestatem
505 2747 551 2771 se
582 2734 816 2771 committere
841 2734 916 2783 sig-

52 2788 247 2828 nificamus
273 2790 320 2828 cs.
336 2789 493 2840 Bently.
521 2789 569 2827 ad
595 2789 686 2828 Hor.
714 2788 915 2828 sarmul.

56 2847 93 2884 5.
107 2848 169 2886 33.
183 2846 370 2897 Heusing.
386 2850 423 2884 et
437 2845 562 2884 Beier.
578 2846 627 2883 ad
641 2845 716 2884 Cic.
733 2846 781 2883 de
796 2844 873 2883 Off.
888 2844 917 2885 l.

56 2903 198 2942 21.71.
255 2902 355 2941 Hinc
378 2906 509 2954 potest
534 2901 646 2948 effici,
671 2906 828 2954 propter
851 2902 916 2940 do-

56 2952 147 2995 loris
191 2959 414 2997 cruditatem
463 2959 724 3009 moerorisque
773 2959 915 2996 acerbi-

56 3014 174 3052 tatem
197 3016 345 3055 dedere
369 3015 431 3053 hic
455 3016 582 3053 solum
607 3015 774 3067 probari,
801 3028 916 3065 quum

57 3071 282 3109 sententiam
307 3071 447 3109 indicet
470 3075 682 3124 parentum,
707 3085 730 3109 a
747 3071 843 3109 solis
864 3069 917 3108 lu-

56 3124 159 3165 mine
193 3126 463 3179 hominumque
493 3128 722 3167 commercio
754 3141 800 3166 se
823 3127 917 3166 rele-

963 762 1143 814 gantium.
1203 760 1288 800 Hac
1311 774 1401 800 vero
1427 761 1627 812 utriusque
1652 760 1829 799 vocabuli

962 820 1170 857 mutatione
1196 819 1231 857 in
1259 817 1360 857 Mss.
1387 817 1480 856 nihil
1507 821 1568 855 est
1592 816 1831 868 frequentius

963 874 1009 913 cf.
1037 874 1137 913 Oud.
1164 874 1213 912 ad
1239 873 1351 913 Caes.
1377 873 1424 912 B.
1453 873 1500 912 G.
1524 872 1569 911 Π.
1600 878 1662 914 15.
1688 873 1757 912 Dr.
1783 872 1832 911 ad

961 930 1044 969 Liv.
1071 929 1259 968 XXXIX.
1282 935 1345 971 50.
1372 929 1571 981 Verheyk.
1598 929 1647 968 ad
1672 929 1830 980 Eutrop.

961 1001 997 1038 p.
1013 991 1076 1028 56.
1097 986 1261 1025 Bfinem.
1281 986 1333 1025 ad
1351 985 1517 1025 Lactant
1534 985 1561 1024 l.
1579 991 1615 1026 1.
1637 985 1667 1036 ξ.
1686 991 1719 1026 1.
1739 999 1777 1038 p.
1796 990 1830 1026 1.

962 1042 1018 1080 Ita
1051 1043 1257 1094 legendum
1289 1047 1351 1081 est
1381 1043 1416 1080 in
1447 1041 1594 1081 Placid.
1627 1042 1762 1081 Gloss.
1795 1055 1833 1093 p.

962 1103 1062 1144 454,
1088 1100 1152 1137 ubi
1183 1090 1301 1136 bodie
1333 1099 1523 1137 scribitur:
1561 1099 1730 1138 dividit:
1768 1099 1833 1138 de-

963 1155 1027 1193 dit
1057 1178 1104 1182 —
1140 1154 1290 1193 dividit
1321 1155 1459 1200 did-it„
1490 1154 1551 1192 vel
1585 1155 1752 1194 dedidit
1780 1177 1831 1184 ——

963 1211 1093 1250 dedit.
1130 1210 1171 1248 In
1193 1223 1305 1261 seqq.
1326 1210 1428 1248 idem
1442 1209 1648 1249 Placidus:
1676 1211 1836 1250 dididit

963 1267 1169 1318 dispersit,
1196 1267 1436 1319 divulqacit.
1470 1267 1537 1305 Sic
1563 1268 1663 1305 enim
1674 1268 1833 1306 dedere

963 1326 1003 1360 et
1027 1322 1172 1361 didere
1194 1323 1353 1373 saepius
1380 1322 1659 1361 contunduntur
1684 1324 1731 1362 ct.
1746 1322 1832 1362 lntt.

963 1379 1012 1417 ad
1032 1377 1138 1429 Virg.
1156 1378 1249 1417 Aen.
1265 1377 1347 1416 Vll.
1368 1383 1455 1418 144.
1471 1378 1555 1417 Liv.
1571 1378 1654 1417 Vll.
1670 1383 1732 1420 34.
1749 1379 1779 1431 ᾧ.
1796 1384 1832 1419 4.

962 1434 1114 1473 Eadem
1143 1434 1193 1472 de
1218 1447 1362 1473 caussa
1386 1435 1487 1486 apud
1516 1434 1591 1474 Cic.
1618 1449 1686 1486 pro
1711 1435 1835 1475 Rose.

961 1492 1095 1530 Amer.
1124 1505 1154 1530 c.
1189 1489 1257 1529 Vl.
1293 1490 1324 1540 ἕ.
1361 1494 1424 1531 18.
1459 1491 1600 1530 melius
1638 1493 1833 1530 scribitur:

965 1560 1166 1601 quumque
1190 1560 1230 1587 se
1254 1547 1459 1587 voluntate
1476 1549 1616 1600 patris
1639 1550 1699 1587 rei
1713 1549 1833 1601 fami-

968 1605 1066 1643 liari
1092 1605 1274 1656 citaeque
1297 1605 1474 1643 rusticae
1499 1605 1759 1657 dedidisset]

1022 1661 1064 1698 in
1079 1661 1169 1712 ipso
1182 1674 1294 1712 scop.
1308 1662 1454 1699 rev-tice
1468 1660 1688 1714 deflentem.
1718 1661 1836 1701 Varie

967 1716 1029 1755 hic
1050 1716 1158 1756 locus
1183 1730 1206 1754 a
1223 1717 1314 1755 viris
1335 1716 1461 1755 doctis
1482 1721 1654 1756 tentatus
1670 1722 1744 1764 est,
1771 1718 1834 1769 qui

967 1772 1058 1824 quid
1077 1774 1286 1826 deflentem
1305 1773 1378 1811 sibi
1391 1774 1496 1818 velit,
1517 1787 1590 1812 non
1607 1774 1833 1826 intelligunt.

968 1828 1125 1868 Colvius
1155 1829 1397 1868 incommode
1427 1830 1591 1869 coniecit
1626 1831 1837 1883 deflentem

968 1886 1028 1924 vel
1064 1887 1238 1939 flentem,
1276 1885 1456 1925 Brantius
1488 1900 1555 1937 pro
1593 1887 1836 1938 ineptissima

966 1956 1039 1980 sua
1068 1942 1241 1980 doctrina
1265 1946 1304 1979 et
1328 1943 1563 1994 antiquitatis
1589 1943 1758 1982 absurda
1782 1942 1837 1981 as-

968 1998 1175 2036 sectatione
1196 1999 1414 2052 defi'entem,
1441 1999 1544 2050 quod
1563 2013 1632 2051 per
1651 2000 1838 2053 deficien-

968 2060 1043 2094 tem
1079 2056 1173 2092 mire
1204 2054 1389 2106 explicat,
1421 2055 1508 2095 coll.
1539 2055 1634 2094 Met.
1665 2055 1734 2101 X.,
1771 2057 1836 2095 ubi

967 2111 1058 2164 infit
1092 2124 1186 2149 esse
1215 2113 1349 2150 statuit
1378 2125 1459 2150 non
1486 2113 1543 2165 fit.
1603 2112 1689 2164 Ego
1722 2126 1837 2163 quem

970 2167 1096 2207 locinn
1126 2169 1302 2213 innuerit,
1341 2181 1388 2206 ne
1420 2169 1650 2220 cogitatione
1682 2169 1837 2220 quidem

971 2238 1133 2276 possum
1160 2225 1331 2276 assequi.
1381 2225 1591 2277 Sopingius
1622 2225 1769 2264 mavult
1797 2239 1837 2266 se

971 2281 1190 2335 deflentem,
1211 2282 1300 2332 quia
1318 2286 1422 2319 certe
1435 2282 1628 2333 Apuleius
1647 2296 1837 2334 nusquam

969 2341 1094 2376 utatur
1107 2338 1224 2376 verbo
1249 2338 1408 2390 deflere,
1434 2339 1506 2376 nisi
1526 2340 1651 2377 iuncto
1667 2339 1837 2377 Accusa-

969 2394 1058 2440 tivo,
1073 2393 1176 2444 quod
1188 2394 1311 2432 semel
1325 2398 1470 2433 tantum
1484 2394 1625 2434 factum
1639 2408 1731 2434 esse
1745 2399 1837 2446 puto

971 2449 1067 2489 Met.
1093 2449 1158 2488 IV.
1184 2464 1220 2503 p.
1236 2454 1328 2492 310.
1355 2451 1479 2505 deflet
1501 2452 1700 2491 desertam.
1728 2465 1838 2490 snam

971 2507 1240 2547 solitudinem.
1299 2506 1402 2547 Oud.
1433 2509 1519 2559 ipse
1550 2508 1662 2547 codd.
1688 2506 1773 2546 Pal.
1799 2511 1838 2546 et

972 2562 1100 2601 Guelf.
1127 2568 1162 2604 2.
1194 2564 1454 2604 auctoritatem
1487 2568 1648 2603 secutus
1672 2564 1839 2602 restituit

971 2619 1219 2673 defluentem,
1245 2621 1266 2659 i.
1282 2634 1314 2658 e.
1336 2620 1558 2671 liquentem,
1584 2620 1837 2666 deficientem,

970 2689 1015 2714 ac
1034 2676 1281 2715 delabentem
1301 2678 1488 2716 exanimis
1502 2679 1631 2716 instar.
1681 2675 1768 2723 Quo
1783 2676 1838 2715 sa-

975 2745 1062 2771 cere
1091 2733 1197 2778 dicit,
1229 2734 1333 2784 quod
1364 2738 1549 2784 sequatur
1573 2734 1712 2773 sensim
1738 2734 1839 2773 leva-

975 2794 1067 2829 tam.
1125 2788 1284 2828 Passim
1319 2791 1416 2828 enim
1454 2792 1488 2829 in
1520 2790 1676 2828 defectu
1705 2790 1839 2829 virium

975 2859 1125 2897 corpus
1155 2847 1212 2885 ad
1242 2846 1303 2884 vel
1329 2849 1369 2885 in
1395 2853 1542 2886 terram
1566 2848 1742 2899 defluere
1766 2847 1839 2886 dici

975 2902 1065 2941 coll.
1094 2902 1160 2940 Dr.
1188 2903 1236 2941 ad
1261 2903 1345 2941 Liv.
1372 2902 1478 2942 XLI.
1507 2908 1568 2943 15.
1596 2903 1626 2952 ᾧ.
1656 2907 1689 2942 1.
1739 2902 1840 2955 [Sed

972 2972 1086 2997 unum
1116 2963 1262 2997 tantum
1294 2961 1458 3010 reperire
1481 2959 1588 3010 potui
1613 2959 1740 2998 locum
1764 2960 1840 3000 La-

975 3017 1103 3054 ctantii
1133 3015 1181 3053 V.
1209 3020 1272 3056 22.
1305 3015 1439 3065 §.17.,
1470 3017 1533 3054 ubi
1564 3016 1744 3055 absolute
1776 3018 1841 3056 de-

973 3074 1098 3125 fluere
1113 3072 1250 3120 legitur
1269 3085 1337 3122 pro
1354 3072 1524 3125 deficere
1543 3077 1582 3110 et
1597 3073 1734 3112 delabi
1748 3087 1840 3125 prae

975 3129 1108 3167 virium
1127 3130 1339 3167 infirmitate
1360 3133 1397 3166 et
1411 3128 1513 3174 luxu,
1535 3142 1766 3180 quamquam
1781 3130 1841 3170 hic
