2221 3667
270 157 337 182 vni
962 140 1378 182 PRAEFATIO.

272 270 347 294 non
368 255 489 295 solum
512 256 765 308 cognoscitur
791 268 842 293 ex
865 254 1159 305 collationibus,
1188 268 1284 308 quas
1307 255 1395 295 fecit
1417 255 1591 295 codicum
1616 254 1930 296 Florentinorum
1953 263 1992 296 et
2013 270 2064 296 ex

271 323 465 362 adnotatis
487 323 713 376 quibusdam
735 330 775 362 et
794 322 1053 372 coniecturis,
1083 336 1180 376 quae
1200 323 1261 363 vel
1284 323 1320 362 in
1344 323 1520 377 margine
1543 321 1709 362 Vulcan.
1728 325 1768 364 2.
1792 332 1954 376 quacum
1977 324 2064 364 illos

272 391 424 430 codices
457 391 641 440 contulit,
675 391 735 430 vel
764 391 800 430 in
841 390 994 430 schedis
1028 391 1114 430 huic
1145 391 1304 430 editioni
1338 390 1578 445 interpositis
1605 391 1887 444 adscripscrat,
1921 393 1987 432 sed
2013 406 2066 432 ex

271 459 396 498 indice
417 458 533 497 etiam
550 459 596 498 ad
624 459 767 498 calcem
795 458 881 498 libri
910 459 1055 512 posit0,
1085 458 1149 511 qui
1175 464 1212 497 et
1231 471 1349 498 voces
1370 459 1542 498 rariores
1563 467 1601 498 et
1622 459 1696 498 alia
1712 466 1928 499 memoratu
1949 460 2067 513 digna

271 534 336 565 aut
357 526 505 566 diutina
526 527 776 567 meditatione
797 527 976 580 'expedita
999 533 1065 566 aut
1089 525 1289 579 repentina
1311 526 1548 579 cogitatione
1575 527 1732 566 inventa
1749 528 1942 577 conti‘net3
1971 528 2067 568 haec

270 595 352 634 eius
379 594 525 634 scrinia
546 593 862 635 Elmenliorstius
886 601 961 633 tam
986 593 1255 633 fraudulenter
1279 594 1488 648 expilavit‚
1518 602 1559 634 ut
1580 609 1625 634 ne
1653 608 1792 635 nomen
1820 595 1970 648 quidem
1992 595 2068 635 viri

271 663 450 708 adderet,
485 677 507 701 a
538 676 613 715 quo
646 663 914 709 coniecturas,
949 661 1242 701 emendationes
1269 668 1307 701 et
1332 662 1514 702 adnotata
1542 663 1779 716 repetiisset.
1842 661 1979 716 Itaque
2004 663 2068 716 qui

272 730 551 770 lilmenhorstii
585 731 753 784 plagium
788 745 863 770 non
892 730 1068 778 noverit,
1107 729 1323 768 doctrinam
1356 730 1440 769 eius
1471 737 1510 769 et
1539 731 1687 784 ingenii
1720 745 1881 770 acumen
1914 731 2069 784 saepius

274 798 498 844 mirabitur,
539 813 636 852 quae
675 805 818 851 (planta
859 797 1004 837 suerint
1041 811 1092 836 ex
1130 797 1273 836 ceteris
1310 811 1405 850 quas
1443 799 1596 851 paravit
1625 806 1801 838 veterum
1834 799 2069 853 scriptorum

270 867 522 916 editionibus,
553 873 594 905 ut>
614 866 794 912 Arnobii,
821 864 985 904 Minucii
1010 863 1151 904 Felicis
1177 871 1238 903 sat
1263 878 1456 918 superque
1483 866 1729 919 perspicitur.
1781 867 2068 906 Adnotationes

270 935 436 988 denique
474 936 518 973 ad
559 942 704 974 rectam
738 933 891 987 Apulcii
931 932 1233 986 explicationem
1273 946 1407 986 parum
1448 933 1616 983 faciunt,
1657 935 1756 986 qnod
1789 947 1838 974 ex
1873 934 2069 988 parallelis

270 1017 365 1056 qnos
398 1002 530 1042 dicunt
562 1002 657 1041 locis
690 1002 814 1055 iisque
847 1014 867 1039 a
901 1000 1184 1040 recentissimis
1216 1014 1260 1039 ac
1292 1001 1420 1040 minus
1448 1001 1615 1055 cognitis
1646 1002 1902 1055 scriptoribus
1928 1003 2069 1042 tumul-

271 1071 395 1110 tuarie
433 1069 663 1123 conquisitis
702 1069 921 1109 consistunt
960 1082 1101 1121 resque
1140 1069 1416 1121 grammaticas
1453 1082 1498 1108 ac
1531 1069 1814 1109 sententiarum
1850 1083 2071 1110 connexum

270 1138 471 1178 rarissime
504 1138 717 1177 illustrant..
784 1137 884 1176 llinc
918 1151 1012 1177 sane
1046 1136 1249 1176 dolendum
1278 1144 1358 1186 est,
1391 1137 1728 1191 Lindcnbrogium
1762 1137 1820 1177 vel
1855 1145 1978 1177 morte
2011 1139 2072 1178 vel

271 1221 363 1246 casu
396 1206 525 1258 aliquo
558 1206 816 1259 interceptum
849 1219 954 1252 esse,
989 1205 1195 1258 quominus
1226 1204 1382 1258 Apulcii
1415 1205 1623 1245 editionem
1656 1220 1768 1258 quam
1797 1219 1935 1259 parare
1960 1206 2074 1246 insti-

271 1275 430 1323 tuisset,
471 1273 664 1313 conticere
703 1280 853 1327 posset,
899 1288 1014 1326 quum
1052 1280 1091 1312 et
1122 1272 1277 1327 Apuleii
1310 1280 1349 1312 et
1379 1274 1567 1313 Afrorum
1601 1274 1805 1313 dictionem
1839 1274 1902 1327 qui
1935 1274 2072 1315 melius

271 1342 523 1396 cognoverit,
552 1348 709 1396 praeter
736 1341 1054 1394 Oudendorpium
1084 1355 1196 1380 nemo
1224 1341 1347 1381 adbuc.
1375 1341 1537 1381 existat.

381 1433 565 1487 Triginta
604 1432 717 1471 annis
756 1440 838 1486 post
874 1431 1154 1472 Elmenborstii
1182 1432 1403 1471 -editionem
1436 1430 1652 1472 Pricaeana
1686 1433 1722 1472 in
1758 1432 1880 1473 lnccm
1913 1433 2071 1487 prodiit,

271 1516 369 1555 quae
395 1502 634 1554 singularem
664 1513 771 1539 snam
800 1500 1080 1554 praestantiam
1116 1514 1167 1540 ex
1195 1500 1432 1540 doctissimis
1458 1501 1777 1541 adnotationibus
1810 1501 1933 1553 magis
1960 1509 2075 1542 nacta

270 1578 350 1620 cst,
393 1584 504 1623 qnam
533 1583 581 1608 ex
607 1569 718 1609 codd.
750 1568 934 1608 uberibus
961 1568 1164 1619 subsidiis,
1206 1568 1294 1621 qnia
1334 1569 1448 1608 unius
1480 1576 1630 1609 tantum
1664 1569 1807 1609 codicis
1834 1568 2074 1610 oxoniensis

271 1652 341 1692 ope
368 1638 431 1691 qui
461 1639 541 1677 fere
569 1644 673 1677 totns
705 1652 790 1676 cnm
825 1636 1139 1689 Guelferbytano
1171 1636 1302 1690 priore
1335 1638 1554 1687 consentit,
1589 1636 1776 1677 Pricaeus
1809 1637 1964 1677 adiutus
1996 1646 2070 1678 est.

273 1706 427 1746 Ceteris
464 1706 566 1745 enim
606 1719 702 1759 quos
740 1705 836 1745 iuris
874 1705 1013 1759 publici
1055 1706 1199 1744 fecerat
1239 1703 1555 1745 Elmenborstius
1592 1704 1694 1746 Mss.
1735 1706 1847 1759 plane
1884 1706 2074 1758 neglectis

272 1782 394 1814 artem
428 1774 603 1813 criticam
638 1787 713 1813 non
744 1773 937 1813 factitavit
970 1787 1053 1812 eam
1081 1786 1180 1827 quae
1207 1773 1244 1812 in
1272 1774 1380 1812 codd.
1407 1773 1635 1813 evolvendis
1661 1781 1700 1814 et
1725 1774 1828 1814 inter
1853 1787 1894 1814 se
1921 1788 2075 1828 compa-

274 1842 406 1882 randis
437 1849 645 1892 versatur,
681 1843 745 1882 sed
779 1842 1033 1895 scriptorem,
1068 1855 1180 1895 quem
1209 1841 1339 1881 multis
1367 1841 1461 1880 locis
1488 1842 1730 1894 inquinatum
1759 1850 1794 1882 et
1823 1843 2073 1897 depravatum

273 1912 444 1961 videret,
473 1925 526 1950 ex
552 1910 673 1965 ipsius
701 1910 856 1964 scriptis
883 1916 920 1949 et
947 1910 1097 1949 dicendi
1126 1923 1271 1962 genere
1299 1909 1491 1949 Africano
1517 1910 1720 1963 corrigere
1747 1917 1785 1950 et
1804 1910 1849 1950 ad
1873 1910 2074 1964 pristinam

273 1980 539 2033 integritatem
574 1979 762 2019 reducere
795 1985 957 2018 conatus
990 1985 1064 2018 est.
1131 1976 1359 2032 Intelligens
1393 1978 1521 2031 itaque
1548 1992 1596 2017 ne
1623 1978 1733 2017 codd.
1764 1978 1914 2031 quidem
1942 1986 2077 2019 aucto-

276 2049 411 2088 ritates
443 2048 481 2087 in
514 2047 705 2101 scriptore
738 2047 834 2086 satis
868 2053 996 2086 certas
1029 2053 1066 2085 et
1093 2059 1236 2100 graves
1262 2059 1349 2086 esse
1376 2059 1441 2091 eo,
1477 2045 1539 2099 qui
1567 2053 1624 2085 tot
1648 2044 1843 2086 obsoletas
1877 2053 1913 2086 et
1941 2061 2077 2102 perve-

276 2123 399 2156 tustas
433 2130 548 2155 voces
582 2122 619 2155 et
650 2115 891 2165 locutiones,
927 2122 1002 2153 tam
1032 2128 1143 2154 raras
1170 2121 1205 2153 et
1233 2114 1454 2167 singulares
1481 2115 1795 2155 constructiones
1822 2115 2003 2165 baberet,
2038 2123 2076 2155 ut

276 2185 425 2225 librarii
459 2198 591 2224 earum
626 2184 711 2223 loco
744 2184 867 2237 magis
900 2183 1014 2222 tritas
1047 2189 1085 2221 et
1120 2182 1283 2222 usitatas
1312 2182 1554 2235 posuissent,
1585 2182 1791 2237 Apuleium
1820 2183 1965 2238 ipsum,
1994 2184 2076 2224 eius

276 2253 483 2307 populares
515 2265 688 2305 quosque
721 2251 894 2291 imitatus
926 2251 989 2290 ille
1021 2258 1077 2290 est
1112 2249 1324 2303 scriptores
1351 2250 1388 2289 in
1419 2250 1598 2290 iudicium
1625 2251 1803 2302 vocavit,
1838 2258 1877 2291 et
1902 2251 2077 2306 diligenti

278 2336 369 2361 cura
398 2328 436 2360 et
461 2321 559 2360 mira
587 2319 805 2360 subtilitate
833 2319 982 2368 effecit,
1024 2325 1061 2358 ut
1096 2318 1214 2358 multa
1243 2332 1340 2371 quae
1367 2325 1457 2357 ante
1482 2333 1568 2359 eum
1602 2324 1668 2359 aut
1693 2319 1731 2358 in
1758 2319 1912 2359 dubium
1940 2327 2077 2359 vocata

277 2397 345 2430 aut
370 2403 389 2429 e
417 2389 542 2428 medio
568 2389 682 2442 plane
708 2388 859 2427 sublata
887 2394 1021 2437 erant,
1050 2387 1136 2426 aliis
1163 2386 1258 2426 locis
1285 2388 1536 2427 confirmaret
1561 2395 1628 2427 aut
1659 2394 1879 2441 reponeret.
1943 2385 2079 2441 ltaque

278 2459 349 2498 vix
386 2457 459 2497 dici
498 2463 625 2511 potest
661 2463 846 2510 quantum
887 2455 933 2495 ad
960 2454 1116 2509 Apuleii
1145 2454 1265 2494 libros
1292 2454 1428 2493 melius
1455 2455 1730 2507 intelligendos
1756 2462 1794 2494 et
1824 2455 2078 2508 explicandos

280 2527 342 2566 ille
383 2525 614 2575 contulerit,
655 2531 695 2565 ut
733 2537 858 2563 vanae
898 2523 1047 2577 gloriae
1074 2536 1207 2562 auram
1237 2530 1413 2576 captasse
1440 2537 1516 2562 non
1545 2523 1742 2568 videatur.
1784 2523 1841 2562 bis
1870 2523 2015 2563 centies
2041 2530 2079 2562 et,

282 2597 362 2634 t'ere
389 2593 580 2647 nonagies
609 2593 808 2632 meliorem
836 2598 1048 2631 contextus
1074 2591 1305 2645 scripturam
1340 2605 1390 2630 cx
1417 2605 1487 2630 suo
1514 2591 1672 2644 ingenio
1699 2591 1791 2630 dare
1822 2605 1864 2631 se
1897 2598 2077 2631 conatum

282 2662 560 2717 pronuntians,
602 2668 641 2701 et
678 2673 908 2714 quamquam
948 2674 1025 2699 non
1064 2672 1207 2713 parvus
1245 2667 1303 2699 est
1340 2659 1652 2699 coniecturarum
1692 2666 1728 2698 et
1766 2660 2079 2699 emendationum

284 2744 489 2780 numerus,
524 2730 562 2769 in
595 2729 733 2783 quibus
765 2741 921 2768 errasse
954 2742 1040 2767 enm
1072 2727 1287 2777 evincitur,
1323 2741 1433 2766 nemo
1461 2734 1587 2766 tamen
1615 2733 1705 2766 ante
1732 2741 1816 2766 enm
1845 2726 1977 2766 extitit
2001 2727 2080 2766 edi-

285 2806 432 2848 torum,
472 2799 535 2851 qui
573 2805 650 2837 tam
685 2804 797 2836 cante
829 2810 874 2836 ac
906 2796 1136 2850 diligenter,
1177 2803 1252 2835 tam
1287 2796 1397 2835 docte
1423 2808 1468 2834 ac
1494 2795 1691 2849 sagaciter
1716 2795 1753 2834 in
1788 2801 1898 2834 textu
1924 2795 2079 2849 Apuleii

285 2874 320 2906 et
359 2866 601 2906 emendando
640 2872 678 2905 et
716 2864 959 2904 defendendo
998 2871 1179 2903 versatus
1220 2871 1334 2903 essct.
1398 2862 1509 2902 Hanc
1547 2877 1641 2903 vero
1680 2863 1762 2903 eins
1801 2863 2079 2917 praestantiam

285 2950 399 2988 quum
435 2934 735 2987 Oudendorpius
768 2933 895 2972 minus
928 2931 1173 2972 intellexisse
1206 2932 1405 2982 videatur,
1443 2932 1585 2970 factum
1612 2945 1697 2971 esse
1729 2938 1840 2984 puto,
1880 2938 1922 2970 ut
1953 2931 2080 2971 rarius

286 3003 369 3042 eius
402 3001 674 3041 adnotationes
706 3001 744 3040 in
771 2999 1079 3055 Metamorphosi
1113 3007 1329 3054 repeteret:
1365 2999 1437 3039 nisi
1468 3001 1566 3039 {orte
1592 3000 1690 3052 qnod
1725 3006 1855 3052 postea
1885 2997 2083 3039 Bosscbae

287 3084 403 3123 opere
452 3076 648 3123 peractum
699 3076 784 3119 est,
835 3075 938 3108 totas
986 3067 1138 3108 I‘ricaei
1188 3067 1549 3108 animadversiones
1598 3067 1759 3107 seorsim
1810 3068 1925 3106 edere
1974 3067 2085 3107 insti-

288 3145 430 3179 tuerat.
