2155 3590
674 126 863 191 LIBER
892 126 964 166 IV.
1024 125 1151 167 CAP.
1181 124 1349 164 XXIX.

1814 123 1899 167 287

108 245 192 279 teas
217 246 496 280 commeantem
523 239 651 293 populi
676 240 904 293 frequenter
928 240 1087 280 floribus
1114 238 1229 280 sertis
1255 244 1295 278 et
1319 236 1457 278 solutis
1483 236 1758 290 adprecantur.
1786 235 1897 276 Haec

110 295 297 335 honorum
325 296 550 336 coelestium
577 297 623 336 ad
649 297 799 350 puellae
830 297 1006 337 mortalis
1038 296 1181 336 cultum
1207 293 1413 334 immodica
1439 293 1646 333 translatio
1670 306 1790 334 verae
1815 292 1853 333 V
1856 306 1896 332 e-

108 351 214 391 neris
245 352 499 392 vehementer
527 352 701 392 incendit
732 353 883 393 animos
915 360 954 394 et
983 352 1189 407 impatiens
1221 349 1504 404 indignationis
1536 349 1660 403 capite
1692 363 1809 403 quas:
1813 348 1894 396 anti

108 408 278 448 fremens
304 408 441 459 altius,
470 409 526 449 sic
552 423 682 449 secum
708 409 885 449 disserit.

98 523 302 564 frequentes
319 527 401 555 Iunt.
416 527 446 555 2.
495 525 597 554 certis
617 527 664 555 ed.
685 535 732 562 pr.
753 530 783 556 et
802 527 878 555 Bas.
904 527 932 555 1.

106 568 160 598 hic
172 568 335 598 [mnarum
348 572 462 600 Venet.
475 573 506 599 2.
521 573 646 600 4.1unt.
664 573 691 601 1.
707 573 781 600 Par.
793 573 921 601 Vicent.
936 573 1012 600 Bas.
1028 574 1057 601 1.

982 529 1016 554 et
1034 529 1109 556 ante
1128 524 1248 554 solutis
1266 531 1330 554 non
1349 526 1512 559 comparet
1530 523 1563 551 in
1583 524 1618 551 G.
1636 524 1664 551 1.
1679 524 1708 552 2.
1723 524 1758 552 P.
1773 523 1810 551 D.
1825 522 1860 552 0.
1877 521 1898 550 f.

1105 569 1312 599 vehementes
1326 571 1360 598 B.
1376 566 1405 598 δ.
1420 578 1449 604 p.
1463 569 1578 598 Venet.
1591 570 1622 596 2.
1637 570 1719 597 lunt.
1736 570 1764 596 1.
1778 569 1809 596 2.
1823 568 1899 596 Alci.

104 617 141 644 In
155 616 222 644 cod.
249 617 284 645 G.
301 617 328 644 1.
355 617 389 645 in
409 617 502 645 cuius
521 617 684 651 excerptis
703 618 782 646 Oud.
803 618 937 645 eandem
951 617 1122 645 lectionem
1142 616 1327 651 invenerat,
1352 621 1392 644 ea
1409 622 1474 643 non
1494 617 1581 642 extat
1602 613 1660 642 sed
1679 611 1898 640 vehementer.
1938 647 1940 650 y

105 660 234 688 animos
248 662 285 689 D.
302 668 321 690 a
334 669 374 690 m.
390 669 418 696 ρ.
433 663 490 691 sed
503 663 535 690 in
550 663 696 698 margine
709 670 729 691 a
742 670 782 691 m.
797 670 822 690 s.
838 661 995 690 animum.

106 705 183 735 tima
194 713 260 734 vox
273 706 402 736 videtur
414 716 488 736 esse
502 707 658 736 insiticia.

105 804 183 843 buli
208 806 503 856 permutatione.
551 806 790 857 Argumenta
820 806 903 845 eius
936 806 972 843 in

106 875 152 898 eo
178 863 360 906 nituntur,
388 862 490 913 quod
516 863 589 900 iam
616 862 823 901 antecedat
848 864 973 902 numi-

104 919 181 964 nis,
220 922 259 956 et
294 917 453 970 Psyche
489 919 673 958 incedens
704 923 843 958 vocata
872 920 921 957 sit
952 932 975 956 a

105 973 249 1026 populo
282 975 426 1020 Venus,
453 989 578 1026 eoque
603 977 754 1014 nomine
780 975 883 1028 culta
897 975 974 1012 Ve-

104 1044 177 1068 nus
203 1032 349 1069 absens
374 1032 446 1070 sed
462 1030 622 1083 Psyche
646 1046 846 1083 praesens,
875 1031 975 1083 [Sed

107 1087 197 1132 loci,
224 1101 324 1139 quos
349 1088 398 1125 ad
418 1089 648 1127 sententiam
669 1103 779 1127 suam
799 1101 973 1139 compro-

104 1143 272 1182 bandam
287 1143 410 1189 affert,
424 1145 535 1182 aliter
549 1146 731 1197 explicari
745 1158 867 1196 posse
882 1143 972 1181 mihi

104 1200 291 1238 videntur.
339 1200 440 1238 Nam
460 1202 493 1238 si
513 1201 630 1252 paulo
651 1205 741 1251 post
757 1201 891 1238 Venus
905 1214 973 1238 no-

103 1270 190 1294 men
220 1270 331 1296 sunm
362 1257 476 1296 coelo
509 1258 716 1296 conditam,
743 1257 974 1308 profanari

105 1312 212 1357 dicit,
250 1326 322 1350 suo
360 1313 439 1350 iure
476 1315 658 1363 queritur,
692 1313 795 1363 quod
822 1314 972 1351 nomine

105 1368 271 1407 Veneris
303 1369 511 1407 adorantes
544 1368 729 1408 Psvchen
763 1367 972 1419 compella-

106 1426 244 1473 verint3
276 1426 365 1462 item
394 1423 576 1464 lociMet.
593 1426 658 1465 IV.
673 1440 708 1477 p.
725 1429 819 1466 315.
844 1426 972 1463 sentae'o

104 1495 165 1520 ‘me
187 1483 275 1521 solo
300 1483 458 1520 nomine
491 1483 653 1522 Veneris
676 1483 846 1535 perllssc
872 1485 910 1518 et
924 1480 971 1518 V.

106 1551 143 1589 p.
181 1542 272 1579 373.
309 1540 481 1578 nominis
517 1540 714 1578 aemulam
751 1537 972 1590 explicandi

105 1599 203 1633 sunt.
253 1595 314 1633 An
346 1608 436 1633 vero
468 1610 610 1634 nomen
641 1596 816 1635 alicuius
846 1594 974 1646 possit

101 1652 332 1704 propitiari
355 1653 522 1692 victimis
548 1657 587 1690 et
612 1652 760 1704 epulis,
792 1651 971 1702 equidem

107 1708 258 1753 dubito,
283 1709 354 1746 nisi
369 1722 511 1747 nomen
533 1709 694 1748 Veneris
713 1722 779 1760 pro
795 1709 882 1760 ipsa
898 1708 972 1744 Ve-

107 1778 199 1803 nere
228 1765 397 1816 positum
428 1778 522 1803 esse
551 1766 766 1804 existimas.
815 1765 972 1804 Numen

108 1835 198 1859 vero
223 1821 381 1860 deorum
396 1821 586 1872 placatur,
614 1835 728 1873 quum
750 1835 881 1859 eorum
895 1833 972 1858 ma-

107 1879 285 1916 iestatem
318 1877 467 1916 laesam
499 1879 629 1917 vident
659 1891 751 1916 esse
777 1877 972 1915 homines:

106 1939 149 1972 ut
174 1933 271 1972 Plin.
298 1933 388 1972 XV.
415 1938 478 1975 30.
505 1934 534 1984 ξ.
563 1939 626 1975 40.
659 1935 765 1973 dicit:
799 1934 972 1985 Propi·

109 1991 298 2030 tianclis
321 1992 597 2030 numinibus
621 1991 793 2030 accendi
808 1991 971 2029 altaria.

109 2046 220 2085 Neve
234 2050 361 2097 putes,
387 2046 461 2084 hac
473 2049 737 2085 enunciatione
751 2047 853 2085 idem
869 2045 974 2096 quod

110 2104 233 2142 altera
258 2104 434 2153 exprimi,
460 2117 576 2154 quum
597 2105 701 2155 prius
723 2105 832 2153 quasi
853 2106 973 2141 totum

111 2159 300 2198 denotans
331 2172 430 2197 nunc
459 2160 623 2211 singulis
661 2159 872 2197 honoribus
904 2171 973 2196 ex-

109 2216 283 2268 plicetur.
324 2214 418 2267 Nec
454 2216 563 2255 aliter
592 2216 710 2268 paulo
739 2216 854 2260 infra,
881 2215 974 2253 dixit

110 2271 229 2323 Apul.
243 2273 414 2311 numinis
425 2273 643 2324 piamento.
670 2272 732 2310 De
747 2272 974 2310 confusione

111 2328 271 2367 vocabb.
297 2341 441 2367 nomen
467 2332 505 2366 et
529 2343 671 2368 numen
695 2328 742 2367 cs.
758 2329 824 2367 Dr.
839 2329 888 2367 ad
903 2328 973 2365 Sil.

110 2385 139 2424 l.
166 2388 256 2425 669.
283 2383 389 2423 XVI.
418 2389 511 2426 655.
548 2385 631 2423 lntt.
668 2386 718 2423 ad
749 2384 825 2423 Cic.
852 2385 901 2422 de
925 2383 974 2422 N.

111 2441 162 2479 D.
187 2440 249 2480 lll.
277 2445 340 2481 32.
373 2445 411 2479 et
442 2442 629 2480 Schmidt.
662 2442 711 2480 ad
736 2441 829 2480 Hor.
856 2441 980 2492 Epist.

111 2497 155 2536 Il.
187 2502 221 2538 1.
252 2501 312 2538 16.
337 2495 394 2535 lta
417 2498 521 2550 apud
546 2499 759 2536 Arnohium
784 2497 811 2536 I.
838 2501 901 2538 28.
928 2498 980 2535 le-

113 2555 279 2606 gendum
305 2567 398 2592 esse
423 2559 534 2605 puto:
557 2560 655 2607 post
685 2555 798 2594 illum
821 2568 979 2593 necesse

114 2616 172 2650 est
201 2616 349 2650 cuncta
379 2616 418 2649 et
446 2616 544 2650 nata
575 2625 653 2650 esse
683 2616 721 2650 et
742 2611 917 2662 prodita
940 2616 980 2649 et

86 2691 90 2695 ·
112 2667 156 2706 in
180 2669 242 2707 sni
265 2669 473 2707 numinis
495 2669 733 2719 prosiluisse
758 2667 975 2719 naturam]

167 2726 419 2777 frequenter.
469 2723 570 2762 Oud.
603 2728 641 2762 et
671 2737 755 2762 cum
787 2737 833 2761 eo
858 2722 981 2763 Orell.

115 2793 165 2818 ex
188 2780 277 2818 sola
301 2780 390 2819 edit.
416 2779 512 2819 lunt.
539 2784 574 2820 2.
603 2784 839 2833 frequentes
868 2793 978 2832 prae-

113 2836 297 2881 tulerunt,
329 2836 433 2887 quod
465 2850 697 2888 quamquam
727 2838 850 2887 magis
887 2850 978 2887 poe-

114 2893 188 2931 tice
214 2893 354 2931 dictum
380 2893 541 2939 videtur,
566 2897 693 2931 tamen
719 2897 850 2932 contra
874 2893 976 2932 Mss.

115 2962 189 2987 non
226 2949 484 3001 recipiendum
522 2953 593 2988 est.
643 2948 809 2995 Quoties
845 2949 880 2987 in
917 2950 979 2988 his

115 3006 446 3044 terminationibus
485 3006 619 3045 librarii
658 3007 880 3051 erraverint,
923 3020 979 3045 ar-

119 3066 298 3111 gumento
329 3075 422 3100 esse
452 3066 584 3113 potest
610 3063 723 3100 lectio
749 3062 866 3101 modo
891 3063 981 3101 sub-

118 3129 301 3168 sequens,
327 3119 389 3156 ubi
415 3121 487 3170 ipsi
515 3120 626 3158 codd.
650 3120 888 3158 vehementes
911 3133 980 3171 pro

1044 658 1240 690 cassanha.
1288 658 1419 688 dixerit
1439 661 1474 688 G.
1491 660 1520 688 1.
1545 659 1681 687 Frustra
1693 657 1828 686 Pricaeo
1849 658 1900 685 ul-

1032 807 1277 846 vehementer
1300 804 1485 844 incendit
1508 802 1652 854 legunt.
1690 801 1771 840 Sed
1796 805 1902 839 recte

1032 866 1165 902 monet
1200 862 1262 900 hic
1286 860 1407 907 Oud.,
1444 861 1594 898 animos
1618 859 1788 897 Veneris
1825 872 1900 896 non

1033 920 1107 958 dici
1126 918 1398 963 vehementes,
1429 921 1635 968 antequam
1653 915 1901 954 incenderen-

1032 980 1107 1022 tur,
1132 975 1206 1013 sed
1218 975 1468 1012 vehementer
1482 986 1552 1012 eos
1568 972 1692 1011 fuisse
1705 974 1899 1010 incensos.

1035 1034 1089 1071 At
1113 1031 1210 1070 Prie.
1236 1031 1310 1069 hac
1335 1030 1561 1081 elegantiori
1593 1042 1707 1079 quam
1742 1029 1902 1080 putabat

1033 1087 1199 1126 lectione
1229 1087 1419 1138 deceptus
1456 1090 1535 1132 est,
1572 1089 1614 1124 ut
1644 1087 1680 1124 in
1706 1089 1813 1123 textu
1843 1097 1901 1122 re-

1032 1148 1206 1195 poneret.

1086 1213 1117 1265 fl
1123 1211 1259 1250 oribus
1271 1212 1386 1249 sertis
1400 1215 1439 1249 et
1449 1211 1594 1249 solutis
1602 1211 1900 1262 aclprecantur.

1034 1267 1225 1319 [Deorum
1250 1271 1402 1304 statuas
1429 1266 1603 1312 coronis,
1629 1267 1745 1304 sertis
1772 1270 1811 1304 et
1833 1265 1900 1302 sso-

1031 1325 1138 1362 ribus
1170 1327 1325 1361 ornatas
1358 1322 1480 1360 fuisse
1512 1336 1532 1359 a
1565 1323 1779 1367 veteribus,
1816 1335 1902 1360 cum

1029 1393 1221 1432 prospere
1253 1379 1396 1430 aliquid
1433 1378 1627 1417 acciderat
1664 1382 1728 1417 aut
1759 1379 1902 1416 malum

1032 1437 1189 1487 aliquod
1217 1435 1423 1487 depulsum
1452 1435 1576 1473 suerat
1601 1439 1666 1473 aut
1691 1436 1724 1472 in
1751 1434 1902 1485 magnis

1032 1507 1077 1532 ac
1103 1493 1254 1531 festivis
1279 1492 1609 1538 solemnitatibus,
1635 1491 1755 1529 multa
1774 1504 1902 1529 exem-

1031 1550 1098 1602 pla
1122 1550 1273 1588 docent.
1324 1548 1372 1587 cs.
1400 1548 1559 1587 Tertull.
1587 1548 1636 1586 de
1661 1561 1790 1586 coron.
1818 1561 1847 1585 c.
1866 1552 1903 1587 7.

1032 1606 1157 1645 Plaut.
1188 1607 1299 1644 Asin.
1332 1604 1398 1643 lV.
1437 1609 1471 1644 1.
1504 1609 1568 1645 58.
1601 1606 1700 1645 Tum
1731 1606 1765 1644 εἰ
1790 1617 1904 1644 coro-

1031 1677 1117 1708 nas,
1142 1668 1261 1710 serta,
1287 1667 1497 1714 vmquenta
1511 1663 1681 1707 iusserit,
1700 1660 1906 1700 Ancillam

1029 1723 1147 1772 ferre
1170 1734 1282 1759 snam,
1314 1719 1460 1757 Veneri
1486 1724 1562 1758 aul·
1591 1718 1803 1769 Cupidini.
1854 1716 1902 1755 cs.

1031 1776 1241 1814 Brouerius
1271 1775 1321 1813 de
1352 1778 1442 1813 vett.
1475 1789 1520 1813 ac
1551 1779 1707 1814 recentt.
1740 1774 1902 1812 adoratt.

1033 1847 1065 1872 c.
1093 1837 1156 1873 28.
1190 1834 1225 1870 ἰη
1257 1831 1391 1870 Polen.
1426 1831 1563 1883 Suppl.
1596 1831 1644 1869 ad
1678 1830 1798 1869 Thes.
1825 1830 1903 1868 An-

1031 1890 1125 1940 tiqq.
1142 1887 1186 1927 T.
1202 1887 1300 1940 11.p.
1319 1891 1424 1928 1033
1439 1901 1498 1938 sq.
1526 1887 1658 1925 Minus
1684 1887 1785 1925 bene
1800 1886 1901 1925 hunc

1032 1946 1160 1984 locum
1192 1944 1290 1983 Elm.
1323 1944 1372 1983 ad
1403 1957 1548 1981 morem
1575 1948 1748 1982 veterum
1773 1943 1902 1988 refert,

1034 2004 1096 2053 qui
1110 2001 1227 2039 tlores
1242 2001 1390 2052 frugum
1406 2001 1441 2038 in
1457 2000 1547 2038 illos
1564 2001 1776 2046 iactabant,
1803 2013 1903 2052 quos

1033 2058 1291 2096 cohonestare
1315 2057 1558 2110 cupiebant]

1089 2137 1274 2176 honores.
1336 2135 1604 2189 [Quamquam
1652 2136 1827 2176 honores
1868 2137 1904 2175 in

1031 2194 1253 2232 universum
1294 2193 1345 2231 ad
1388 2193 1514 2231 omnia
1556 2197 1724 2244 possunt
1760 2192 1905 2238 referri,

1033 2251 1174 2301 quibus
1205 2249 1382 2288 homines
1396 2248 1595 2301 Psychem
1610 2249 1811 2288 1n01talem
1837 2263 1904 2301 pro

1033 2307 1188 2345 Venere
1213 2307 1394 2358 neglecta
1419 2307 1635 2353 coluerant,
1667 2310 1794 2345 tamen
1821 2320 1905 2358 pro-

1033 2368 1119 2415 pter
1143 2376 1255 2414 seqq.
1281 2376 1471 2402 nmmum
1502 2364 1702 2402 communi
1732 2363 1906 2403 numinis

1041 2424 1113 2459 etc.
1140 2420 1190 2458 ad
1215 2421 1424 2473 sacrificia
1448 2419 1662 2466 retulerim,
1695 2433 1795 2470 quae
1819 2420 1907 2470 ipsa

1040 2477 1213 2516 honores
1250 2476 1508 2525 nominantur3
1546 2475 1594 2515 cs.
1620 2451 1705 2514 hitt.
1739 2476 1788 2514 ad
1820 2475 1903 2514 Liv.

1038 2532 1141 2572 VIII.
1173 2536 1236 2573 33.
1268 2532 1299 2582 ᾗ.
1328 2537 1391 2573 12.
1423 2533 1490 2572 Dr.
1523 2533 1572 2571 ad
1605 2532 1675 2571 Sil.
1699 2531 1785 2571 VH.
1816 2536 1905 2572 184.

1039 2589 1227 2628 Schmidt.
1254 2589 1304 2628 ad
1328 2589 1421 2629 Hor.
1449 2589 1573 2640 Epist.
1600 2588 1626 2626 Ι.
1655 2593 1692 2629 2.
1722 2593 1783 2628 15.
1809 2588 1824 2641 ]

1094 2669 1278 2708 incendit
1306 2670 1471 2707 animos.
1527 2665 1711 2720 [Modius
1742 2668 1778 2706 in
1811 2681 1908 2707 mar>

1038 2725 1129 2776 gine
1162 2725 1222 2763 ed.
1250 2724 1358 2764 Colv.
1383 2725 1544 2763 adnotat
1572 2724 1622 2762 de
1647 2724 1815 2763 Veneris
1841 2738 1906 2762 ae-

1037 2782 1247 2821 mulatione
1280 2782 1407 2820 locum
1443 2780 1617 2832 Propert.
1655 2779 1699 2819 II.
1737 2785 1802 2821 21.
1843 2786 1906 2821 11.

1037 2839 1146 2878 Num
1170 2839 1247 2877 siba·
1271 2837 1463 2877 collatam
1489 2837 1627 2876 doluit
1652 2837 1805 2876 Venus?
1830 2838 1906 2877 illa

1034 2908 1241 2947 peraeque
1273 2895 1384 2933 Prae
1414 2907 1453 2933 se
1481 2895 1674 2945 formosis
1703 2895 1906 2934 invidiosa

1039 2952 1117 2991 (lea
1143 2957 1203 2990 cst
1227 2951 1288 2989 ubi
1338 2950 1386 2989 cs.
1417 2949 1500 2988 lntt.
1543 2948 1605 2988 Ex
1629 2949 1704 2988 hoc
1729 2950 1814 2989 loco
1840 2950 1906 2990 de-

1038 3007 1198 3046 fendere
1230 3008 1315 3057 quis
1353 3007 1481 3058 possit
1515 3006 1722 3044 lectionem
1759 3007 1906 3058 aliquot

1040 3064 1152 3103 codd.
1183 3063 1443 3109 vehementes,
1480 3062 1531 3100 (le
1568 3076 1645 3113 qua
1680 3067 1794 3103 antea
1830 3065 1904 3102 iam

1040 3120 1182 3159 dictum
1208 3120 1302 3171 est]
