2221 3667
321 132 404 174 856
575 132 625 172 L.
649 130 869 171 APULEII
900 131 1303 172 MADAURENSIS
1332 131 1873 175 METAMORPHOSEON

232 248 295 281 666
321 249 497 292 ostenta,
527 242 624 282 haec
648 255 747 295 quae
773 243 995 282 miserrimo
1021 244 1178 283 domino
1202 244 1361 284 fuerant
1381 244 1388 299 Ι
1407 245 1602 284 nuntiata.
1640 244 1727 285 Nec
1746 247 1864 286 ullum
1883 247 2044 287 verbum
2071 262 2115 286 ac

321 312 370 338 ne
400 298 561 337 tacitum
593 298 747 350 quidem
779 298 910 339 fletum
943 306 1000 338 tot
1029 299 1142 340 malis
1174 300 1464 340 circumventus
1496 314 1622 340 senex
1658 301 1783 354 quivit
1811 303 2008 353 emittere,
2048 303 2115 342 sed

324 360 483 407 arrepto
510 354 640 404 ferro,
669 368 746 407 quo
772 355 1014 394 commodum
1040 355 1145 396 inter
1169 369 1262 396 suos
1288 356 1475 409 epulones
1501 369 1658 397 caseum
1688 363 1805 409 atque
1835 358 1932 398 alias
1964 358 2116 412 prandii

322 416 454 463 partes
481 409 692 460 diviserat,
721 411 802 464 ipse
829 425 981 464 quoque
1008 412 1053 451 ad
1074 412 1202 452 instar
1226 412 1487 452 infelicissimi
1512 413 1573 452 sui
1598 412 1666 452 filii
1690 412 1865 466 iugulum
1891 414 1964 453 sibi
1989 414 2120 454 multis

320 466 464 506 ictibus
486 466 748 506 contrucidat:
775 469 900 520 quoad
926 481 1045 521 super
1071 482 1244 509 mensam
1273 468 1456 508 cernulus
1483 482 1673 509 corruens
1704 469 1948 522 portentuosi
1968 470 2120 511 cruoris

323 522 499 562 maculas
524 522 618 563 novi
641 523 848 577 sanguinis
873 523 993 563 fluvio
1019 524 1180 577 proluit.

324 660 502 690 obstem-ta
515 664 550 691 G.
567 663 596 690 1.
644 669 685 690 ne
701 662 844 690 tacitum
859 660 988 699 quidem
1002 663 1038 692 F.
1053 665 1084 691 3.
1098 664 1134 692 G.
1149 665 1180 692 2.
1193 666 1232 692 D.
1247 661 1275 693 ὃ.
1290 665 1392 693 Scriv.
1407 664 1486 692 Oud.
1510 665 1548 692 In
1567 667 1638 692 cett.
1658 672 1718 691 nee
1733 663 1886 693 Itu-itum.
1923 661 2067 702 flectunt
2085 667 2124 694 D.

323 710 437 735 erecto
443 707 549 747 ferro
564 707 586 736 f.
626 707 767 746 serrum
783 716 847 744 quo
862 707 1028 735 commode
1043 710 1078 737 G.
1096 710 1125 737 1.
1173 707 1334 737 modicum
1349 717 1405 743 pro
1419 707 1621 736 commodum
1635 706 1663 738 δ.
1680 709 1700 738 f.
1739 707 1815 745 filii
1827 708 1882 737 sui
1898 711 1934 738 G.
1949 711 1978 738 2.
1993 710 2028 738 Ρ.
2042 711 2081 739 Ι).
2095 707 2126 738 δ.

325 754 404 781 oud.
419 753 634 781 exterminare
646 754 769 780 mavult
785 760 967 786 pronomen.
1014 752 1163 791 iugulant
1177 756 1212 782 F.
1226 756 1257 782 3.
1273 757 1308 783 G.
1325 756 1353 783 41.
1379 753 1566 791 iugularit).
1591 755 1627 782 In
1641 757 1713 783 cett.
1726 753 1885 791 iugulant.
1932 753 2090 783 mullibus
2104 755 2127 783 f.

325 796 483 825 cernulus
496 798 532 825 F.
548 799 577 825 1.
591 798 621 824 3.
636 799 679 824 M.
695 797 715 826 f.
728 799 812 825 lunt.
826 799 856 826 2.
872 799 967 826 Vulc.
984 800 1014 827 2.
1052 798 1210 827 cert-ulus
1229 801 1265 828 G.
1281 801 1310 827 1.
1324 799 1357 838 ῥ’.
1394 798 1539 827 cerul'us
1562 800 1598 828 G.
1617 801 1655 827 2.
1685 798 1861 827 caeruleus
1880 800 1916 827 P.
1930 801 1967 829 D.
1981 801 2019 828 1..
2033 800 2126 829 Colv.

324 843 419 871 Vulc.
436 844 465 872 1.
482 845 580 870 Mei-c.
618 841 773 870 servulus
786 839 815 870 δ.
855 842 1021 870 tremulus
1035 851 1063 877 p⁴
1082 846 1115 873 t).
1131 846 1166 872 B.
1186 845 1256 872 edd.
1270 849 1345 873 vett.
1360 848 1436 874 ante
1448 845 1538 874 Colv.
1561 845 1599 872 Iu
1618 847 1691 874 cett.
1705 851 1858 874 cernuus,
1905 844 2042 872 irruens
2062 842 2092 874 δ.
2107 845 2130 873 f.

320 887 542 924 portentuosi
558 888 593 915 F.
613 888 644 915 3.
665 889 701 916 G.
726 889 752 916 1.
773 889 809 916 P.
836 886 953 921 (etiam
974 889 1006 916 in
1027 890 1190 923 excerptis
1210 891 1250 918 ad
1270 896 1370 922 marg.
1391 891 1439 918 ed.
1455 888 1564 924 coir.)
1585 889 1605 916 f.
1626 886 1655 917 ὃ.
1676 897 1703 923 p.
1719 890 1789 918 edd.
1804 892 1879 919 vett.
1893 893 1967 918 ante
1982 890 2130 918 cols-'ium

327 936 454 967 praeter
466 933 581 961 Venet-
596 933 627 960 4.
642 936 673 960 et
687 932 809 967 Paris.;
833 933 938 961 Sci-iv.
960 935 1158 969 potentuosz'
1169 936 1204 962 G.
1220 937 1248 962 2.
1263 937 1302 965 l).
1331 932 1550 962 portentuosi
1560 934 1655 962 etiam
1677 934 1709 962 in
1725 935 1761 962 F.
1777 936 1788 962 ‘l
1799 956 1806 963 .
1826 938 1937 963 extare
1959 935 2035 963 dicit
2049 935 2130 963 Oud.

326 978 368 1006 At
384 985 443 1005 nec
460 979 545 1006 Elm.
566 984 625 1005 nec
636 977 852 1012 Lindenhrog.
873 978 1023 1007 diversae
1042 980 1192 1008 lectionis
1211 980 1287 1014 qum
1305 981 1483 1009 adnotavit.
1507 982 1544 1008 1n
1564 983 1636 1007 cett.
1652 979 1852 1015 portentosi.
1881 980 1922 1008 cf.
1942 981 1981 1008 ad
2003 983 2078 1008 Met.
2091 980 2121 1008 V

327 1031 357 1058 p.
377 1024 453 1051 350.
501 1020 644 1050 maculis
658 1023 692 1051 Ο.
734 1021 886 1059 protulit
897 1025 1037 1053 Scriver.

330 1144 601 1195 praesagiunt,
630 1144 877 1196 prorle'ffl'unz
907 1158 1001 1183 vero
1033 1147 1136 1196 quod
1171 1148 1204 1184 vi

329 1213 402 1238 sua
433 1200 591 1238 mirifica
623 1204 662 1238 et
686 1205 846 1239 naturae
869 1215 995 1239 rerum
1021 1203 1207 1253 quodam⁴

329 1256 454 1294 moda
476 1261 718 1307 repugnante
749 1257 928 1295 homines
972 1258 1085 1297 futuri
1113 1259 1204 1309 quid

330 1313 515 1351 ostentari
540 1313 852 1360 commonefacit,
877 1315 978 1353 bene
1002 1319 1205 1365 utrumque

330 1369 507 1418 coniungi
534 1374 682 1419 potest:
708 1370 758 1409 cf.
784 1370 860 1408 Cic.
886 1371 935 1408 de
959 1371 1010 1410 N.
1030 1371 1079 1410 l).
1103 1371 1145 1409 ll.
1167 1376 1203 1411 3.

333 1424 390 1462 lta
414 1430 631 1464 monstrum
657 1430 696 1464 et
717 1432 948 1478 portentum
980 1429 1111 1465 iuxtim
1137 1442 1204 1479 po—

334 1481 410 1518 sita
446 1481 623 1531 leguntur
654 1483 758 1533 apud
791 1482 869 1522 Cic.
894 1483 944 1521 de
968 1483 1058 1522 Div.
1083 1483 1110 1523 l.
1138 1489 1203 1525 41.

334 1538 458 1588 9192.
485 1536 614 1583 Quint.
647 1538 673 1576 1.
703 1544 737 1578 1.
774 1538 803 1588 §.
830 1545 867 1579 2.
903 1541 1205 1593 proclt'yt'osa

335 1607 519 1644 corpora
544 1599 582 1632 et
604 1597 830 1633 monstris
850 1598 1039 1646 insi-qnia.
1086 1597 1206 1635 Amat

334 1653 539 1700 praeterea
570 1650 764 1701 Apuleius
800 1651 1032 1690 adiectivum
1068 1666 1091 1691 a
1115 1654 1206 1691 sub-

336 1706 504 1743 stantivo
538 1706 746 1745 deductum
776 1721 995 1759 synonymo
1028 1711 1112 1747 eius
1144 1709 1209 1748 ad-

337 1763 515 1812 iungereg
540 1766 582 1800 ut
607 1777 755 1802 caecae
780 1765 968 1804 tenebrae
992 1765 1064 1817 al.]

390 1824 754 1870 praesayacerant.
804 1820 944 1872 [Miror
979 1820 1101 1868 Oud.,
1145 1822 1208 1872 qui

337 1876 442 1911 ¹<icco
480 1875 583 1925 pede
619 1874 719 1913 hauc
754 1876 961 1915 lectionem
997 1879 1209 1929 praeterire

335 1931 519 1982 potuerit,
559 1944 674 1981 quam
707 1932 818 1971 locus
843 1933 1013 1985 Apolog.
1049 1949 1087 1986 p.
1115 1938 1208 1975 498.

337 1987 482 2031 inuniit,
506 1987 570 2025 ubi
588 1987 702 2026 codd.
716 1988 889 2027 Floreat.
906 1996 943 2030 3.
963 1989 1065 2029 Pith.
1081 1990 1211 2030 d'Orv.

337 2048 377 2081 ot
390 2043 478 2081 edd.
493 2047 585 2082 vett.
601 2048 826 2084 constanter
843 2060 1101 2100 praesagam
1119 2048 1211 2086 scri-

337 2101 443 2137 bunt.
492 2099 593 2138 Hinc
618 2106 833 2140 commotus
858 2117 958 2150 sum,
984 2108 1025 2142 ut
1044 2118 1212 2155 praesa-

338 2169 442 2207 φατε
466 2157 627 2194 verbum
642 2157 812 2208 Apuleio
835 2160 1081 2206 vindicarem,
1102 2161 1212 2199 cuius

337 2212 580 2263 participium
635 2212 775 2264 legitur
829 2216 933 2266 apud
985 2216 1212 2269 Hieronym.

338 2267 463 2319 Epist.
478 2267 539 2307 111.
554 2283 588 2307 n.
607 2273 643 2309 4.
671 2271 865 2311 Bonosus
877 2273 1030 2312 scalam
1041 2287 1210 2325 praesa-

336 2329 478 2376 {Jatam
504 2324 630 2365 Iacob
654 2328 877 2367 sonmz’aute
907 2331 988 2368 ἰ’(ιηι
1012 2331 1209 2378 aseendit,

337 2381 521 2432 quodque
570 2382 746 2421 Glossae
799 2385 1022 2424 confirmant
1074 2386 1209 2438 Cyrill.

336 2451 374 2488 p.
401 2441 493 2477 593.
519 2438 828 2490 προμαντὲύομαι
846 2456 1073 2494 praesepe.
1109 2442 1163 2482 Ut
1186 2458 1211 2483 a

338 2496 502 2534 nuntius
532 2495 722 2535 mmtiare
752 2497 805 2535 ita
835 2510 858 2535 a
881 2513 1026 2551 sayus:
1057 2514 1211 2552 sayare

339 2549 554 2603 formatur]

394 2621 444 2645 ne
469 2608 644 2659 quidem.
695 2607 875 2660 [Frustra
900 2611 1070 2652 nonnulli
1096 2612 1209 2652 codd.

337 2663 506 2702 clamant
536 2664 744 2703 lectionem
774 2679 867 2712 uec,
905 2680 1007 2718 quae
1037 2667 1211 2718 plurimis

335 2719 548 2759 editoribus
591 2721 696 2759 mate
733 2722 860 2761 arrisit
894 2728 934 2762 et
970 2722 1073 2763 Oud.
1109 2725 1211 2763 bene

335 2776 554 2826 improbata
579 2781 652 2816 est.
689 2778 946 2831 Necquz'dem
971 2782 1071 2818 enim
1096 2782 1209 2833 parti-

336 2832 445 2870 cuias
469 2833 573 2884 apud
586 2833 798 2885 Apuleium
824 2836 1029 2875 observavi
1055 2838 1106 2875 ibi
1130 2842 1210 2876 tan-

336 2890 532 2927 tummodo
556 2903 625 2940 pro
651 2905 699 2930 ue
726 2892 890 2943 quidem
919 2896 1114 2945 usurpari,
1144 2895 1208 2933 ubi

335 2946 570 2983 enuntiatum
585 2947 726 2998 copula
740 2948 889 2987 omissa
910 2949 1110 3001 incipiunt,
1137 2965 1208 2989 nec

334 3000 467 3038 dubito
483 3002 572 3053 quin
588 3006 728 3042 ceteris
742 3005 969 3057 scriptorum
991 3007 1087 3046 locis
1103 3007 1205 3046 idem

335 3057 546 3096 confirmari
572 3060 723 3112 queat]

392 3114 600 3162 epulones.
641 3110 855 3173 [Apuleius
876 3133 922 3159 ea
938 3133 1032 3158 voce
1045 3134 1202 3172 semper

1263 1160 1361 1184 usus
1387 1151 1450 1184 est
1475 1146 1755 1197 significatione
1781 1148 1989 1192 cont-irae,
2016 1158 2131 1197 quum

1262 1203 1419 1254 proprie
1445 1203 1495 1241 de
1515 1203 1713 1254 epularum
1735 1203 1954 1254 praebitore
1975 1202 2131 1241 dicatur.

1263 1258 1371 1297 Fest.
1397 1273 1434 1310 p.
1461 1262 1526 1299 59.
1560 1259 1818 1311 Epolonos
1849 1259 2043 1298 <licebant
2065 1273 2133 1298 αη-

1263 1316 1386 1367 tiqui,
1427 1330 1528 1367 quos
1565 1330 1671 1355 nuuc
1696 1315 1926 1366 epulones
1950 1315 2135 1354 dicimus.

1263 1372 1415 1411 Datum
1452 1377 1507 1409 est
1543 1377 1671 1410 autem
1708 1372 1769 1410 leis
1809 1385 1970 1416 nomen,
2015 1372 2134 1424 quod

1262 1428 1405 1479 epulas
1435 1428 1651 1467 indicendi
1684 1428 1768 1466 lori
1800 1428 2022 1479 celerisque
2053 1428 2134 1466 eliis

1257 1489 1497 1535 potestatem
1512 1484 1713 1523 haberent.
1741 1483 1822 1521 Sed
1837 1482 2136 1522 etllsidfitoss.

1263 1545 1374 1592 p..²45.
1385 1541 1576 1591 epulones
1585 1538 1816 1590 δαιτυμόνεςε
1832 1540 1927 1577 Met.
1938 1538 1983 1577 Π.
1994 1552 2031 1590 p.
2047 1543 2136 1579 134.

1266 1597 1473 1648 Frequens
1520 1597 1577 1635 im·
1618 1610 1805 1636 monerus
1853 1609 1872 1633 e
1878 1595 1970 1647 pul
1977 1608 2137 1641 onum,-

1264 1651 1315 1690 X.
1330 1667 1367 1704 p.
1384 1656 1475 1692 709.
1494 1654 1642 1704 {nyens
1663 1653 1759 1691 escin
1781 1652 1927 1690 oborta
1946 1656 2003 1691 est
2026 1665 2137 1704 epu-

1269 1710 1431 1748 lonum.
1461 1708 1744 1760 ezspcclalc'o]

1324 1764 1522 1817 iugulum.
1558 1763 1719 1816 [Invitus
1746 1764 1846 1803 lianc
1872 1764 2077 1802 lectionem
2101 1765 2138 1802 in

1267 1825 1415 1860 textum
1440 1822 1590 1872 recepi,
1617 1834 1733 1871 quum
1749 1821 1917 1859 Florent.
1932 1824 1970 1860 3.
1985 1825 2023 1859 et
2037 1820 2087 1860 G.
2103 1825 2140 1861 1.

1266 1877 1422 1916 mirifice
1447 1877 1652 1916 lectionem
1690 1878 1876 1929 iuyulam
1910 1878 2138 1927 praebeant,

1267 1948 1393 1985 eaque
1418 1934 1620 1973 adiuvetur
1645 1934 1834 1986 'scriptura
1853 1933 1940 1972 cod.
1958 1947 1996 1985 p.
2018 1934 2138 1986 iuqu-

1273 1991 1364 2030 lari.
1424 1990 1577 2042 quula
1610 2003 1700 2028 vcro
1731 1989 2038 2028 terminationem
2068 2004 2138 2041 pro

1270 2047 1438 2100 iuyulus
1451 2060 1483 2086 S.
1497 2047 1684 2099 iuyulum
1703 2059 1936 2097 quamquain
1951 2046 2039 2084 inde
2053 2059 2139 2097 pro-

1271 2105 1364 2142 bare
1384 2103 1591 2149 noluerim,
1621 2108 1750 2141 tamen
1772 2103 1894 2141 latere
1914 2102 1975 2141 liic
1993 2102 2140 2153 aliquid

1269 2160 1351 2198 vitii
1399 2163 1540 2198 statuo.
1600 2159 1781 2198 Forsitan
1831 2159 2041 2211 legendum
2077 2163 2139 2197 est

1269 2217 1418 2269 iuyula
1454 2216 1593 2268 plurali
1628 2230 1803 2261 numero,
1839 2229 1955 2266 quem
1986 2215 2036 2253 de
2065 2229 2139 2254 una

1269 2273 1361 2324 gula
1386 2272 1594 2324 aliquoties
1619 2275 1852 2324 usurparunt
1877 2276 2048 2319 veteres;
2090 2271 2139 2310 cs.

1270 2329 1348 2368 Cic.
1373 2329 1423 2367 de
1448 2329 1535 2369 Fat.
1560 2333 1615 2376 5.,
1640 2330 1704 2367 ubi
1736 2328 1784 2367 cl'.
1810 2328 1914 2367 Intt:
1953 2329 2141 2382 Zopyrus

1267 2386 1476 2439 stupidum
1506 2400 1585 2426 esse
1616 2386 1825 2425 Socratem
1861 2385 1989 2431 dixit,
2027 2385 2142 2437 quod

1268 2443 1444 2495 iugula
1476 2456 1657 2482 concava
1681 2456 1763 2481 nou
1789 2442 1962 2481 liaberet.
2025 2441 2141 2479 Certe

1268 2499 1453 2551 explicari
1478 2499 1531 2537 ita
1553 2499 1697 2551 possit,
1723 2498 1787 2549 qui
1814 2497 1992 2536 lectionis
2016 2497 2139 2536 diver-

1270 2557 1371 2595 sitas
1395 2559 1530 2594 exorta
1554 2555 1639 2607 sit.]

1328 2612 1526 2652 cernulus,
1576 2611 1701 2664 [Male
1722 2612 1860 2662 probat
1874 2610 1982 2649 Colv.
1998 2623 2137 2650 caeru-

1271 2670 1355 2708 leus
1375 2669 1580 2707 lectionem
1605 2668 1754 2718 aliquot
1780 2667 1914 2713 codd.,
1941 2667 2004 2718 qui
2032 2666 2138 2704 color

1266 2729 1374 2763 recte
1399 2725 1548 2764 dicatur
1571 2729 1693 2763 morte
1723 2723 1922 2762 morientis
1954 2722 2138 2766 violenta,

1269 2795 1346 2832 qua
1370 2783 1565 2820 sententia
1590 2781 1757 2832 ineptius
1783 2780 1874 2830 quid
1901 2783 1940 2818 et
1964 2779 2137 2832 putidius

1268 2839 1426 2889 cogitari
1463 2838 1513 2876 nil
1551 2842 1702 2890 potest,
1741 2837 1787 2876 cf.
1820 2835 1950 2875 Burni.
1982 2835 2137 2887 Syllog.

1267 2894 1393 2947 Epist.
1411 2894 1456 2934 Τ.
1471 2894 1495 2933 Ι.
1511 2908 1547 2946 p.
1563 2898 1654 2935 212.
1675 2908 1747 2932 nec
1759 2893 1886 2931 minus
1902 2892 2139 2944 improbatur

1265 2952 1475 2996 tremulus,
1501 2964 1615 3002 quam
1641 2949 1875 2989 librariorum
1901 2948 2137 2987 emendatio-

1266 3021 1352 3046 nem
1395 3021 1488 3045 esse
1524 3007 1710 3047 cernulus
1751 3006 1983 3044 adiectivum
2018 3004 2138 3055 plane

1263 3064 1514 3114 ignorantium
1530 3065 1667 3114 cuique
1681 3067 1798 3114 patet.
1823 3062 2017 3101 Ceruulus
2032 3060 2136 3110 cqui-

1260 3122 1350 3160 dem
1368 3125 1510 3160 tantum
1532 3120 1698 3171 probare
1724 3132 1900 3170 possum.
1927 3118 1976 3157 ad
2003 3117 2132 3157 analo-
