2221 3667
308 147 388 191 170
572 147 618 187 L.
651 148 867 188 APULEII
899 141 1298 188 MADAL'RENSIS
1329 139 1873 186 METAMORPHOSEON

302 268 410 301 tuam
436 268 578 301 serena
603 267 810 302 'venustate
837 262 995 301 luetabit
1021 260 1195 299 adsidue.
1249 258 1307 297 Ar
1340 258 1406 297 tibi
1439 258 1578 299 civitas
1609 259 1733 298 omnis
1767 261 1834 312 pro
1866 260 1940 300 istu
1971 261 2099 314 gratia

302 317 473 357 honores
499 319 682 372 egregios
709 319 860 357 obtulit.
910 317 1012 357 Nam
1047 322 1083 354 ot
1116 322 1319 367 patronum
1348 315 1523 368 scripsit,
1559 322 1595 354 et
1623 322 1663 354 ut
1687 315 1726 354 in
1753 325 1843 355 aere
1869 323 1946 356 stet
1969 317 2098 371 imago

302 380 369 413 tua
400 374 588 414 decrevit.
641 376 700 415 Ad
735 375 828 414 lutee
860 374 958 412 dit-ta
999 371 1192 411 sermonis
1225 370 1351 409 vicem
1383 372 1529 411 refero.
1582 370 1671 410 Tibi
1709 372 1882 424 quidem,
1922 373 2094 426 inquam⁷

301 429 615 483 splendidissima
641 439 679 471 et
706 431 819 470 unit-a
845 428 1074 468 Thessaliae
1102 426 1259 476 civitas,
1290 427 1480 466 honorum
1508 427 1638 467 iulium
1668 442 1797 481 parem
1826 428 1990 481 gratiam
2019 443 2097 469 me-

211 492 274 525 194
300 486 408 527 mini.
449 485 596 528 Verum
613 494 762 527 statuas
778 484 1017 537 etimagines
1033 482 1277 536 dignioribus
1298 484 1447 537 meique
1463 484 1674 524 maioribus
1690 483 1919 540 reserlvare
1934 485 2092 526 suade0.

852 634 887 679 (J
949 633 991 679 A
1050 626 1088 679 P
1149 634 1191 680 U
1250 634 1294 680 T
1398 635 1538 682 XII.

409 745 474 789 Sic
502 747 689 801 pudenter
714 744 904 783 allocutus
931 749 969 783 ct
995 743 1192 798 paulisper
1217 744 1341 785 hilaro
1367 746 1477 786 vultu
1503 746 1708 795 renidens,
1738 750 2001 800 quantumque
2028 761 2094 800 po-

295 856 386 882 tuum
401 855 435 882 G.
463 861 555 880 sunm
570 853 606 879 1).
622 858 639 878 a
656 859 694 878 ni.
708 858 734 878 s.
756 852 812 878 sed
827 857 845 878 a
862 858 899 878 m.
915 858 943 884 p.
973 853 1065 877 lecum
1086 850 1213 878 videtur
1233 850 1352 885 fuisse.
1380 858 1573 886 quamquam
1594 860 1649 886 per
1667 852 1798 880 lituram
1818 856 1928 886 aperte
1947 852 2093 887 conspici

293 900 413 933 nequit.
461 906 503 924 ac
518 897 578 924 tibi
596 897 674 924 113.
695 899 723 922 et
746 896 889 929 plerique
909 897 998 923 codd.
1020 899 1146 930 praeter
1165 897 1200 923 F.
1218 897 1245 924 1.
1267 898 1303 924 G.
1317 898 1354 924 D.
1369 898 1405 924 B.
1430 897 1466 924 ln
1487 901 1558 925 cett.
1578 900 1626 925 est
1646 899 1694 925 at.
1721 897 1812 926 Unde
1826 901 1925 931 potest
1940 898 2091 934 intelligi,

293 948 490 978 quantopere
504 941 659 970 erraverit
675 942 771 974 Oud.,
799 941 851 975 qui
866 941 900 969 in
914 942 972 968 Ed.
987 943 1062 969 Bas.
1084 942 1108 969 1.
1129 941 1265 974 primum
1285 945 1323 968 nc
1337 942 1510 976 irrepsisse
1526 942 1722 976 pronuntiat.
1771 940 1920 978 egredive·
1934 943 2048 971 Venet-
2061 945 2092 970 2.

291 989 431 1025 optimos
447 995 500 1021 pro
514 985 663 1023 egregios
678 983 707 1013 δ.
721 994 761 1014 ex
775 988 896 1021 glossa.
945 984 1069 1022 offere!
1084 988 1159 1015 Bas.
1177 988 1205 1014 1.
1221 990 1249 1014 et
1265 995 1333 1020 squ.
1371 986 1487 1014 scribit
1502 988 1537 1015 F.
1556 988 1582 1016 l.
1598 989 1633 1016 R.
1649 987 1669 1015 f.
1685 985 1713 1015 δ’.
1728 995 1768 1015 ex
1783 987 1943 1021 scriptura
1955 986 2091 1015 scribsit

290 1039 322 1062 ut
342 1036 420 1061 solet
441 1033 473 1060 in
494 1031 675 1059 veterrimis
696 1031 892 1059 membranis
911 1032 1052 1060 exarari.
1112 1031 1288 1058 menteseis
1302 1036 1333 1059 et
1357 1040 1384 1065 p.
1400 1032 1432 1058 1'12
1447 1040 1488 1058 en
1501 1035 1608 1059 restes
1622 1035 1656 1059 ec
1668 1034 1716 1061 ed.
1733 1041 1776 1066 pr.
1790 1033 1918 1061 vicent.
1932 1033 2046 1061 Venet.
2059 1034 2091 1062 2.

289 1077 438 1105 decernit
456 1079 493 1105 R.
520 1075 682 1104 discernit
699 1076 719 1105 f.
745 1075 894 1103 decret-is
910 1078 1024 1105 Venet.
1046 1079 1075 1105 4.
1100 1076 1259 1104 bonorum
1275 1079 1357 1106 lunt.
1379 1079 1402 1105 l.
1419 1079 1448 1106 ἱ).
1475 1077 1482 1112 Ι
1496 1077 1536 1106 cs.
1551 1078 1624 1106 Liv.
1637 1079 1661 1106 1.
1677 1079 1729 1105 34.
1743 1079 1775 1111 §.
1788 1077 1836 1111 2]
1886 1074 2004 1104 horum
2020 1078 2057 1106 D.
2072 1085 2091 1106 a

288 1132 326 1152 m.
345 1132 372 1157 p.
420 1122 549 1159 meique
562 1121 747 1149 maim-ibas
761 1124 796 1151 L.
812 1124 849 1151 Ιί.
865 1122 885 1150 f.
902 1125 965 1150 Ms.
981 1123 1108 1151 Brantii
1134 1123 1215 1151 meis
1229 1122 1413 1150 maioribus
1428 1124 1462 1151 0.
1488 1125 1523 1151 ln
1539 1127 1611 1151 rett.
1625 1123 1771 1160 meisque
1784 1121 1979 1151 maioribus.
2017 1129 2089 1150 ser-

287 1176 368 1196 vare
381 1169 414 1196 0.
463 1166 569 1196 suado
583 1169 696 1196 Venet.
713 1169 742 1196 4.

370 1211 558 1248 prudenter
579 1215 613 1241 G.
633 1214 667 1241 P.
682 1215 719 1241 D.
736 1214 811 1242 Bas.
828 1215 857 1241 2.
879 1212 1077 1249 prnderieer
1093 1213 1112 1242 f.
1161 1216 1194 1240 ee
1211 1211 1386 1250 paulisper
1408 1222 1470 1242 non
1490 1217 1538 1242 est
1558 1214 1591 1242 in
1612 1214 1645 1241 B.
1671 1214 1756 1242 Hine
1778 1214 1873 1242 uncis
1887 1214 2091 1242 incluserunt

285 1258 425 1287 scriver.
441 1263 468 1287 et
484 1259 603 1287 Florid.
617 1266 689 1287 eum
703 1260 851 1287 Elmenli.
899 1257 1012 1286 hilm-n
1026 1260 1062 1287 F.
1082 1261 1106 1287 1.
1123 1262 1152 1287 3.
1169 1261 1202 1287 B.
1228 1257 1339 1286 hilare
1355 1259 1375 1287 f.
1403 1261 1437 1287 ln
1453 1259 1589 1293 reliquis
1603 1263 1650 1287 est
1664 1256 1780 1286 hilm-i.
1822 1258 1971 1286 renitens
1986 1255 2015 1287 δ.
2035 1266 2090 1287 so-

283 1304 342 1333 lita
353 1304 568 1333 aberratione.
612 1312 778 1342 quamque
792 1305 829 1332 1).
856 1312 1088 1342 ‹sumne-unque
1101 1302 1129 1332 δ.
1155 1307 1318 1341 quantum
1334 1306 1368 1333 Ο.
1395 1308 1690 1342 quantumcunque
1702 1305 1815 1333 Venet.
1830 1306 1859 1332 2.
1872 1306 1955 1333 lunt.
1974 1305 2001 1333 1.
2015 1305 2089 1334 ΑΜ.

284 1392 511 1442 particulam
527 1393 664 1444 itaque
686 1396 725 1429 ut
746 1394 895 1445 iyitur,
922 1393 1062 1443 quibus
1084 1407 1155 1431 una

284 1448 503 1499 eademque
539 1452 617 1486 tum
655 1452 737 1486 erat
771 1449 1016 1499 significatio,
1050 1454 1156 1500 post-

284 1505 466 1557 ponendi,
491 1506 705 1557 posteriora
720 1506 964 1558 potissimum
979 1510 1156 1557 tempora

283 1562 496 1614 occupavit.
540 1561 647 1599 Idem
672 1576 776 1600 error
811 1562 847 1599 in
880 1576 967 1613 sqq.
1000 1577 1036 1614 p.
1061 1567 1152 1603 200.

282 1618 421 1658 obvius
446 1618 537 1671 est]

339 1676 521 1715 lactabit.
575 1676 621 1714 ct'.
649 1674 744 1714 Met.
773 1675 818 1713 V.
858 1689 893 1726 p.
929 1680 1022 1716 348.
1063 1675 1153 1714 Per-

281 1745 436 1770 versum
469 1736 530 1770 est
566 1732 669 1783 quod
701 1731 816 1783 vulgo
840 1732 915 1783 legi
942 1733 1032 1771 dicit
1052 1732 1151 1771 Elm.

281 1788 517 1834 laetabitur,
545 1789 634 1827 licet
661 1801 851 1839 nusquam
877 1803 924 1827 ea
948 1790 1061 1827 lectio
1087 1804 1152 1842 ap-

279 1849 424 1898 pareat.
475 1845 648 1885 Laetari
679 1847 780 1883 enim
812 1850 873 1884 est
904 1859 1008 1884 mere
1034 1847 1150 1900 ‹lepo-

279 1915 375 1941 nerus
406 1903 607 1954 passivum
632 1916 664 1941 s.
692 1903 903 1947 obla-torf,
936 1903 1151 1955 diciturque

280 1972 437 2011 semper
461 1959 510 1997 de
537 1973 601 2005 eo,
629 1960 692 2010 qui
718 1959 862 2009 gaudet
882 1963 920 1997 et
940 1974 1008 2010 per
1033 1960 1149 1999 alium

279 2016 343 2054 vel
368 2030 447 2054 rem
473 2018 694 2067 quampiam
721 2016 862 2067 gaudio
890 2015 1061 2055 afficitur.
1095 2016 1149 2054 At

281 2074 436 2112 laetare
467 2076 530 2111 est
560 2071 706 2111 laetitia
731 2071 976 2118 suffundere,
1004 2071 1148 2112 laetum

279 2129 453 2168 reddere.
505 2127 642 2181 [Unde
673 2129 786 2167 miror
821 2129 923 2167 idem
950 2130 1079 2168 vitium
1111 2130 1147 2167 in

279 2186 378 2225 alios
405 2186 524 2223 libros
549 2186 767 2223 incurrisse.
805 2185 852 2225 cs.
879 2186 999 2224 Voss.
1026 2186 1147 2225 Arist.

278 2241 329 2280 de
353 2241 464 2281 Anal.
492 2241 553 2280 III.
583 2236 618 2282 7.
647 2243 776 2294 ibique
802 2241 936 2281 Eckst.
965 2242 1075 2281 Tom.
1102 2242 1145 2281 II.

277 2313 316 2351 p.
342 2299 457 2352 766.]

333 2358 488 2409 meique
499 2355 730 2394 maioribus.
757 2354 1045 2394 Inconsiderate
1061 2356 1146 2395 Ste-

277 2413 396 2451 weeh.
428 2411 592 2451 Piccarti
623 2411 746 2450 Peric.
775 2411 859 2450 (Trit.
888 2427 917 2450 c.
945 2414 981 2454 4,
1007 2427 1148 2466 meque

276 2471 532 2523 eoniecturam
558 2469 753 2521 probavit3
780 2468 939 2520 Sciopp.
966 2471 1000 2508 in
1028 2470 1146 2521 Susp.

276 2525 462 2566 Lect.111.
479 2529 514 2566 6.
538 2539 599 2564 me
622 2526 751 2579 ’ἰὼ-(μω
774 2527 996 2565 maioribus
1021 2527 1146 2565 conie-

277 2584 337 2622 eit.
351 2583 497 2622 Melius
524 2583 616 2628 iam,
643 2583 675 2620 si
697 2582 788 2632 quid
809 2583 1031 2621 mutandum
1048 2587 1142 2628 erat,

277 2640 491 2679 divinarunt
515 2636 697 2678 Beroald.
724 2642 762 2677 et
786 2637 949 2678 Pontan.
975 2640 1077 2679 Ann.
1098 2639 1141 2677 II.

279 2711 308 2735 c.
347 2701 381 2736 5.
422 2697 579 2750 meique
618 2697 760 2735 maior.
812 2695 940 2746 (quod
978 2696 1143 2735 Scriver.

278 2753 314 2791 in
346 2757 451 2792 textu
476 2752 645 2805 recepit)
678 2767 700 2790 e
726 2752 954 2791 Graecismo
987 2753 1143 2799 dictum,

280 2810 328 2848 de
343 2823 417 2861 quo
432 2809 533 2848 Oud.
548 2809 712 2848 conferri
726 2809 831 2848 iubet
845 2806 954 2848 Voss
981 2809 1029 2848 ad
1040 2810 1143 2848 Vell.

279 2865 324 2904 II.
341 2870 447 2906 e.31.
461 2866 654 2905 Abresch.
669 2865 988 2905 Lect.A1-istaen.
1004 2870 1142 2917 p.284.

281 2921 401 2962 Solin.
426 2937 462 2975 p.
491 2928 552 2963 11.
579 2923 726 2961 Vitruv.
746 2922 796 2961 V.
825 2926 858 2962 1.
885 2921 952 2960 lX.
979 2926 1014 2963 3.
1046 2922 1142 2962 Met.

280 2977 378 3017 VIII.
405 2992 440 3030 p.
468 2983 558 3020 582.
596 2980 775 3018 homines
798 2992 880 3018 non
894 2980 1142 3032 snifiere‘me-

279 3036 399 3074 liores
423 3034 554 3087 [quam
579 3039 707 3074 tamen
723 3037 899 3074 vitiosam
920 3034 1142 3087 explicatio-

278 3105 366 3131 nem
391 3090 490 3130 Oud.
517 3094 601 3143 ipse
627 3092 866 3145 retractavit]
898 3090 964 3130 IX.
991 3107 1026 3145 p.
1050 3096 1141 3134 665.

279 3151 341 3189 sui
364 3149 583 3189 molliorem
611 3154 913 3201 provocaverat
941 3148 1001 3202 [in
1028 3163 1141 3201 quem

1220 1392 1345 1431 locum
1370 1392 1472 1431 male
1499 1392 1690 1430 consuluit
1715 1391 1853 1430 Stullb.
1876 1391 1925 1431 ad
1944 1391 2087 1437 Rudd.,

1217 1449 1278 1499 qui
1304 1449 1377 1486 sibi
1404 1462 1624 1500 repugnans
1652 1447 1761 1486 Toni.
1790 1447 1831 1486 II.
1865 1463 1901 1500 p.
1929 1453 1993 1488 77.
2020 1461 2086 1499 ge-

1216 1506 1372 1543 nitivum
1394 1519 1447 1544 ex
1466 1505 1655 1543 adiectivo
1676 1505 1808 1544 mollis
1828 1505 2001 1556 pendere
2021 1505 2085 1550 ait,

1214 1576 1247 1612 p-
1286 1566 1375 1602 105.
1409 1562 1457 1600 ad
1488 1562 1789 1612 comparativum
1821 1575 1907 1600 eum
1946 1561 2083 1614 refert]

1211 1617 1279 1656 XI.
1308 1631 1343 1669 p.
1371 1623 1463 1659 816.
1496 1618 1544 1656 de
1576 1618 1715 1668 Dogm.
1743 1616 1841 1657 Plat.
1868 1617 1892 1656 I.
1927 1631 1962 1669 p.
1991 1621 2083 1659 199.

1215 1674 1291 1726 [cui
1318 1675 1442 1714 addus
1470 1674 1640 1714 Salmas.
1667 1675 1715 1713 ad
1742 1676 1870 1725 Spart.
1898 1673 2030 1714 Carae..
2047 1678 2082 1715 2.

1212 1745 1247 1782 p.
1277 1736 1366 1772 708.
1395 1732 1618 1783 symmach.
1639 1728 1710 1770 XI.
1733 1735 1798 1771 52.
1823 1745 1985 1771 snorum
2002 1745 2081 1771 ma-

1212 1789 1276 1826 [nr
1324 1803 1490 1827 urorum
1534 1787 1692 1826 'set-tull.
1730 1788 1900 1839 Apolog.
1945 1802 1976 1827 e.
2015 1787 2080 1829 40.

1211 1847 1402 1884 maiorem.
1426 1843 1542 1884 Asiae
1568 1851 1605 1884 et
1626 1845 1800 1897 Africae
1824 1850 1972 1884 terram
1993 1858 2079 1884 con-

1210 1905 1268 1939 tra
1293 1902 1475 1939 meliores
1501 1901 1620 1940 libros
1645 1902 1802 1939 retineo.
1845 1901 1955 1939 Male
1980 1902 2079 1940 enlm

1210 1956 1311 1996 Oud.
1340 1972 1368 1996 c.
1398 1957 1505 1996 Colv.
1531 1960 1626 1997 mels
1645 1958 1872 1997 ⁴mitioribus
1903 1958 2080 2009 intelligit

1209 2013 1258 2051 de
1291 2015 1641 2066 praestantioribus
1675 2015 1763 2052 viris
1800 2018 1839 2052 et
1869 2015 2077 2066 magistris,

1207 2084 1227 2108 a
1264 2071 1403 2121 quibus
1434 2070 1499 2109 ille
1533 2071 1624 2122 quid
1663 2071 1805 2109 didicit.
1853 2069 1942 2109 Hoc
1977 2072 2077 2110 enim

1207 2127 1367 2166 concedi
1383 2131 1527 2166 tantum
1542 2131 1691 2180 potest,
1707 2127 1934 2178 magistros,
1959 2141 1982 2167 a
1995 2128 2076 2179 qui-

1205 2184 1278 2222 bus
1306 2183 1447 2235 placita
1468 2198 1536 2235 per
1555 2198 1691 2223 manus
1712 2185 1822 2235 quasi
1841 2185 2076 2236 accepimus,

1207 2245 1360 2279 nostros
1393 2242 1560 2279 maiores
1592 2241 1666 2279 dici
1699 2254 1840 2292 posse,
1879 2255 1953 2279 non
1986 2242 2076 2291 quia

1205 2298 1510 2349 praestantiores
1538 2298 1647 2336 nobis
1667 2301 1774 2343 sunt,
1799 2297 1871 2336 sed
1893 2298 1983 2348 quia
2003 2311 2074 2336 nos

1204 2358 1503 2404 praecesserunt
1521 2355 1556 2392 in
1577 2354 1782 2405 disciplina
1802 2354 1970 2405 quadam
1989 2367 2073 2405 pro-

1205 2411 1344 2456 banda,
1360 2412 1469 2449 cuius
1483 2411 1593 2462 quasi
1608 2415 1739 2462 patres
1752 2414 1853 2449 sunt.
1875 2409 1934 2448 Illi
1948 2414 2072 2449 utrum

1205 2469 1508 2520 praestantiores
1527 2468 1594 2505 viri
1613 2468 1690 2505 sint
1709 2481 1780 2505 nec
1801 2480 1847 2504 ne
1868 2481 1940 2504 non
1957 2479 2072 2517 quae-

1204 2524 1305 2563 ritur.
1363 2523 1515 2575 Ubique
1552 2524 1652 2562 hunc
1682 2535 1794 2562 usum
1825 2524 2072 2562 observatum

1200 2581 1364 2619 videbis.
1415 2580 1463 2620 cf.
1489 2580 1590 2619 Geli.
1611 2579 1719 2618 XIX.
1747 2594 1778 2619 c.
1805 2585 1837 2619 1.
1865 2578 1895 2629 ᾧ.
1914 2583 1975 2620 13.
2002 2579 2069 2619 ΙΧ.

1202 2642 1237 2678 2.
1264 2639 1294 2690 δ.
1314 2642 1375 2678 10.
1393 2637 1506 2689 Apul.
1521 2636 1636 2688 Apol.
1652 2651 1691 2688 p.
1706 2641 1798 2676 477.
1825 2635 1970 2674 Florid.
1985 2640 2068 2687 p.6.

1201 2694 1367 2734 Laetant
1399 2694 1442 2732 II.
1475 2708 1506 2732 e.
1538 2698 1574 2734 7.
1607 2692 1755 2732 Eadem
1781 2692 1831 2731 de
1856 2706 1978 2732 causa
2001 2693 2070 2731 mi-

1203 2764 1320 2790 nores
1351 2749 1528 2801 discipuli
1561 2763 1583 2787 e
1607 2750 1793 2789 contrario
1818 2750 2069 2789 nominantur.

1203 2807 1249 2847 cf.
1276 2807 1377 2847 Oud.
1410 2808 1459 2847 ad
1485 2806 1592 2845 Suet.
1626 2808 1689 2845 vit.
1714 2804 1825 2844 Pers.
1854 2818 1976 2858 quum
2006 2818 2068 2846 ae·

1205 2865 1346 2918 quales
1375 2869 1500 2904 essent
1527 2863 1698 2903 Cornuti
1721 2862 1925 2915 minores]

1259 2920 1346 2960 Cn.
1371 2919 1456 2959 XII.
1501 2921 1708 2972 pudenter
1731 2919 1947 2959 allocutus.
1996 2918 2067 2971 [cs.

1201 2977 1327 3016 Buen.
1353 2977 1401 3015 ad
1427 2976 1539 3016 Latet.
1567 2975 1698 3014 Institt.
1725 2974 1750 3014 I.
1771 2980 1804 3015 1.
1831 2976 1863 3027 ξ.
1881 2979 1941 3016 16.
1956 2988 1992 3027 p.
2009 2976 2064 3029 9.]

1259 3035 1405 3073 hilaro.
1458 3032 1542 3087 [Ex
1570 3033 1675 3071 libris
1701 3036 1807 3084 oppt.
1840 3036 1881 3070 ut
1909 3045 1945 3083 p.
1975 3036 2064 3073 167.

1201 3091 1324 3136 edidi,
1373 3090 1463 3141 quia
1517 3089 1617 3128 hunc
1670 3089 1846 3127 adiectivi
1902 3089 2073 3127 formant

1201 3147 1309 3186 alteri
1347 3146 1582 3200 praetulisse
1613 3145 1806 3198 Apuleius
1843 3145 1933 3184 mihi
1959 3144 2063 3184 vide·
