2155 3590
616 133 806 173 LIBER
834 134 907 174 Vl.
968 133 1095 174 CAP.
1131 132 1227 172 XV.

1761 131 1841 174 445

56 245 216 287 trisulca
255 244 476 286 vibramina
523 246 733 286 draconum
753 278 763 298 ‚
813 245 1019 300 remigium
1061 246 1202 286 dextra
1248 243 1438 297 laevaque
1481 242 1686 297 porrigens
1705 274 1716 294 ‚
1773 257 1843 284 no-

55 374 212 411 remt'gum
226 365 399 404 Ald.'1unt.
415 375 443 403 1.
458 376 490 403 2.
538 372 666 402 dextra
677 375 714 404 F.
729 369 759 402 3.
774 376 810 404 G.
834 376 872 403 In
886 377 958 404 cett.
973 375 1064 403 codd.
1079 377 1110 403 et
1122 374 1192 402 edd.
1205 375 1282 402 vett.
1297 370 1453 401 dextera.

55 477 120 513 45.
146 473 326 511 emendat
339 473 576 512 natantium.
603 473 749 512 Verum
764 473 919 524 quidem

54 533 131 574 est,
166 543 266 568 nare
302 543 387 568 cum
418 529 599 567 derivatis
631 533 670 567 et
695 529 921 580 compositis

51 586 198 639 passim
212 585 284 624 dici
299 598 412 632 aves,
429 586 477 623 ob
491 585 779 623 similitudinem
794 589 920 623 motus

52 642 198 681 alarum
225 646 264 680 et
286 641 528 680 brachiorum
561 646 599 679 et
623 642 763 692 pedum
790 642 826 679 in
854 655 921 679 na-

52 702 157 737 tante
180 698 335 737 homiue
362 697 408 737 cf.
423 697 526 737 Oud.
541 698 591 736 ad
604 697 750 737 Lucan.
765 698 812 736 V.
828 702 919 737 554.

53 755 122 794 Sil.
148 754 231 793 Ital.
257 754 320 792 III.
348 756 440 796 682.
468 754 569 807 [Intt.
589 754 638 792 ad
653 754 757 805 Virg.
775 753 917 805 Georg.

51 811 119 850 IV.
146 814 210 852 59.
235 811 382 849 Verum
408 825 456 849 ne
483 811 558 849 hoc
581 811 819 849 intrudamus
844 824 918 848 non

51 867 181 906 solum
213 871 326 906 cavet
358 867 467 906 locus
499 867 644 906 Florid.
680 882 719 919 p.
746 871 782 906 5.
819 871 921 906 nutu

53 924 322 968 clementium,
347 924 420 962 sed
445 924 532 974 ipsa
550 924 656 962 vocis
681 922 919 974 significatio.

52 981 212 1020 Nutare
237 981 337 1018 enim
357 979 418 1019 hic
442 980 490 1018 de
506 980 635 1031 aquila
659 979 801 1017 dictum
828 991 922 1017 esse

50 1040 156 1088 puto,
183 1037 244 1087 qui
270 1037 418 1074 sensim
443 1049 612 1087 superne
637 1036 686 1074 ad
711 1049 834 1086 aquas
860 1035 923 1072 de-

53 1093 200 1130 labitur.
273 1093 434 1132 Nutare
471 1094 570 1130 enim
608 1096 713 1131 recte
750 1092 925 1130 dicuntur

49 1150 190 1201 pinnae
200 1150 434 1187 moventium
443 1163 488 1186 se
499 1148 719 1202 volucrium,
730 1147 924 1198 quomodo

48 1206 198 1257 passim
223 1205 364 1243 cristae
390 1206 425 1242 in
452 1205 590 1255 galeiS‚
614 1218 714 1255 quae
744 1204 919 1241 dextror-

50 1275 135 1300 sum
158 1261 456 1312 laevorsumque
477 1260 683 1312 labuntur]
711 1259 920 1297 Praeterea

50 1316 151 1356 Oud.
178 1318 342 1356 coniecit
367 1324 451 1355 cum'
466 1316 593 1355 Bentl.
621 1316 678 1354 sic
702 1315 752 1353 ad
767 1315 919 1353 Callim.

48 1388 86 1427 p.
111 1377 206 1414 437.
245 1373 400 1424 legente
436 1374 470 1410 in
505 1372 643 1411 Catull.
674 1370 820 1409 LXVI.
854 1375 920 1410 54.

49 1431 225 1483 uniqera
255 1430 466 1482 impellens
502 1428 791 1468 nutantibus
823 1441 920 1466 aera

45 1487 235 1539 pinnis.-
266 1487 506 1525 nic-tantiam
538 1484 662 1536 [quod
692 1485 847 1535 proprie
872 1483 922 1520 de

51 1542 193 1589 oculis,
225 1542 367 1581 deinde
398 1542 447 1580 de
478 1540 639 1580 aliorum
664 1541 922 1579 membrorum

51 1600 137 1638 nisu
159 1602 377 1651 usurpatur.
403 1598 449 1636 cf.
477 1597 584 1636 Fest.
612 1612 648 1649 p.
678 1600 768 1637 184.
805 1595 920 1636 Lind.

47 1655 202 1694 Lucret.
218 1655 285 1694 Vl.
310 1659 405 1695 837.
430 1653 616 1693 Doederl.
644 1652 917 1704 Synonym.V.

50 1726 87 1765 p.
117 1711 225 1764 170.]
251 1711 315 1750 De
340 1716 488 1752 nutare
513 1715 711 1762 comparat
735 1709 836 1748 Oud.
851 1709 920 1747 Dr.

50 1768 99 1808 ad
124 1767 210 1806 Liv.
237 1767 303 1806 IV.
330 1772 394 1808 38.
431 1767 567 1806 Heins.
601 1767 651 1806 ad
677 1767 746 1804 Sil.
774 1766 800 1805 l.
828 1769 920 1806 460.

47 1824 94 1862 ΙΙ.
120 1828 214 1865 398.
238 1823 365 1862 XVII.
391 1828 483 1865 397.
508 1823 637 1861 Burm.
665 1823 715 1860 ad
741 1821 922 1874 Calpurn.

51 1880 133 1920 Eel.
165 1880 211 1919 ll.
245 1885 308 1921 78.
359 1880 425 1932 [cf.
455 1880 555 1918 Dav.
587 1880 635 1918 ad
660 1877 806 1918 Minue.
832 1878 918 1916 Fel.

53 1951 84 1976 c.
101 1941 164 1978 16.
191 1951 228 1989 p.
245 1941 308 1977 83.
334 1936 472 1989 Lind.]
498 1936 600 1974 Hinc
625 1936 783 1986 insuper
802 1938 921 1985 patet,

51 2007 125 2033 non
152 2007 252 2044 opus
277 2005 389 2037 esse,
414 1996 456 2031 ut
480 2006 566 2031 cum
592 1992 732 2030 eodem
759 1991 922 2029 Heinsio

52 2054 92 2089 et
103 2049 280 2088 wasseo
300 2063 369 2101 pro
384 2049 555 2087 molibus
580 2047 728 2099 legatur
751 2047 923 2086 motibus

54 2106 143 2157 quia
164 2107 313 2144 moveri
332 2106 493 2155 saepius
507 2119 575 2156 pro
593 2104 728 2144 colare
741 2104 870 2155 poetis
885 2104 920 2140 iu

53 2176 127 2202 usu
139 2162 191 2200 sit
204 2162 290 2200 coll.
308 2160 422 2199 Ovid.
438 2161 521 2199 Art.
535 2161 624 2199 Am.
640 2159 682 2198 II.
699 2164 764 2200 65.
791 2159 920 2198 Burm.

54 2219 104 2258 ad
118 2216 247 2256 Luc.I.
258 2221 351 2258 587.
366 2217 512 2255 Verum
528 2217 602 2255 hoc
617 2216 700 2255 Ioco
715 2215 779 2254 ille
794 2220 923 2254 motus

51 2277 128 2313 iam
143 2274 363 2325 exprimitur
376 2286 446 2324 per
464 2278 650 2312 nutantes
665 2274 829 2324 pinnas.
855 2271 924 2310 Ait

52 2337 183 2370 autem
216 2344 446 2382 pennarum
481 2330 615 2375 moles,
650 2333 693 2367 ut
734 2329 924 2380 exprimat

51 2387 207 2439 aquilae
238 2386 538 2437 magnitudinem
576 2390 614 2424 et
648 2385 813 2436 pondus.
873 2383 922 2423 cf.

53 2443 241 2483 Graev.et
254 2442 355 2481 Duk.
369 2443 420 2480 ad
436 2441 580 2481 Flor.1.
600 2446 661 2482 18.
689 2441 733 2480 11.
761 2445 796 2482 6.
811 2440 841 2490 §-
857 2445 922 2481 50.

53 2499 241 2539 Barth.ad
255 2499 453 2537 claudian.
469 2499 503 2537 in
514 2499 639 2537 Rufin.
649 2497 674 2536 l.
685 2501 777 2538 350.
793 2497 922 2535 Burm.

52 2556 103 2594 ad
118 2555 204 2594 val.
219 2555 349 2595 Flaec.
364 2555 431 2593 Vl.
445 2559 534 2596 104.
556 2556 622 2594 Sic
632 2555 824 2605 Apuleius
838 2555 925 2605 ipse

53 2613 143 2651 dicit
173 2613 222 2651 de
253 2612 383 2662 aquila
414 2612 556 2650 Florid.
592 2625 629 2662 p.
656 2615 692 2651 8.
723 2616 824 2650 nutu
849 2610 925 2650 cle-

52 2671 179 2708 menti
217 2674 323 2708 tota
365 2669 487 2707 mole
531 2669 721 2719 corporis
759 2667 922 2706 labitur.

52 2723 268 2776 Utrumque
304 2726 424 2763 iunxit
457 2725 637 2763 Alcimus
673 2724 774 2762 Avit.
805 2723 832 2762 I.
859 2727 923 2764 32.

55 2781 206 2821 Elatae
247 2783 291 2820 in
328 2781 445 2820 coelo
486 2781 670 2820 volucres
712 2785 925 2832 motuque

57 2838 185 2876 citato
232 2838 465 2877 Pemlentes
501 2851 661 2877 secuere
692 2838 777 2875 rias
813 2841 851 2875 et
880 2837 924 2874 in

57 2899 154 2932 aere
166 2895 271 2933 sudo
297 2894 572 2945 Praepetibus
598 2893 790 2932 librant
812 2906 923 2931 mem-

58 2949 221 2988 brorum
253 2951 480 3003 pondera
516 2950 670 3001 pennis.
709 2949 755 2987 cs.
782 2948 849 2987 Dr.
888 2952 927 2986 et

56 3005 193 3044 Heius.
218 3006 268 3044 ad
294 3006 364 3045 Sil.
390 3005 471 3044 Ital.
497 3005 605 3044 XVI.
630 3005 696 3046 46.
723 3005 780 3043 lta
798 3006 925 3043 moles

55 3061 90 3099 in
105 3061 325 3101 universum
338 3063 387 3101 de
401 3076 541 3113 magno
555 3066 749 3112 vastoque
763 3074 927 3113 corpore

57 3116 103 3156 cf.
130 3116 316 3158 Obrecht.
343 3120 391 3158 ad
422 3119 522 3158 Diet.
550 3119 654 3157 Cret.
669 3117 715 3157 11.
741 3123 806 3159 43.
845 3117 927 3170 [ubi

981 472 1150 511 sortasse
1172 471 1354 511 molestia
1375 483 1460 509 cum
1480 470 1590 508 codd.
1604 469 1845 508 retinendum

980 533 1042 567 est
1066 529 1090 568 i.
1115 542 1148 568 e.
1173 527 1361 574 moleste,
1387 525 1583 578 graviter]

1035 586 1140 624 inter
1162 598 1290 637 yenas
1314 584 1571 623 saevientium
1606 582 1784 622 dentium
1809 587 1849 620 et

980 642 1151 680 trisulca
1174 640 1399 679 vibramina
1424 639 1661 678 draconum.
1720 637 1846 676 Recte

980 698 1076 735 satis
1108 694 1291 748 explicuit
1322 696 1422 735 hunc
1453 695 1578 734 locum
1608 693 1847 741 Beroaldus3

976 756 1083 793 inter
1115 754 1252 792 dentes
1283 753 1489 793 aczileatos
1513 756 1554 791 et
1580 750 1770 790 trisulcus
1794 751 1847 788 vi-

979 811 1219 862 brantesque
1256 809 1421 862 linquas
1459 809 1696 847 draconum.
1765 806 1848 844 Sed

977 870 1105 905 tamen
1132 866 1331 916 vulgarem
1356 865 1559 903 lectionem
1585 877 1631 901 se
1656 863 1756 901 bene
1780 862 1846 901 ha·

978 924 1071 961 bere
1096 926 1212 973 negat
1237 921 1358 966 Oud.,
1392 921 1466 960 nisi
1496 923 1686 958 statuatur
1710 918 1846 970 hypal-

983 979 1071 1030 lage
1097 992 1167 1030 pro
1181 980 1293 1016 ‘inter
1312 978 1450 1016 dentes
1461 990 1661 1030 penarum
1673 977 1849 1015 saevienv

982 1036 1090 1074 tium.
1116 1034 1263 1072 Verum
1277 1033 1340 1071 vel
1359 1035 1416 1072 sic
1429 1034 1606 1071 scabram
1621 1036 1660 1070 et
1673 1031 1848 1083 frigidam

983 1104 1076 1129 esse
1102 1090 1335 1128 locutionem
1361 1103 1433 1127 nec
1460 1088 1716 1141 Apuleianam
1745 1088 1849 1126 idem

982 1147 1197 1191 existimat,
1232 1149 1273 1184 ut
1304 1147 1338 1183 ei
1368 1145 1524 1183 dubium
1553 1159 1628 1183 non
1654 1145 1721 1191 sit,
1760 1146 1848 1195 quin

977 1203 1233 1242 sae-cientium
1256 1203 1447 1253 pertineat
1470 1201 1521 1239 ad
1546 1202 1785 1246 draconum,
1811 1200 1850 1239 id

979 1259 1080 1309 quod
1097 1259 1171 1295 iam
1185 1262 1274 1296 ante
1288 1271 1334 1295 se
1349 1258 1496 1295 vidisse
1510 1256 1847 1308 profiteturHeins.

977 1315 1027 1352 ad
1053 1314 1123 1352 Sil.
1138 1313 1165 1351 Ι.
1181 1318 1272 1354 425.
1299 1317 1338 1351 et
1361 1313 1411 1350 ad
1435 1312 1551 1353 Ovid.
1566 1313 1663 1352 Met.
1679 1313 1727 1351 V.
1743 1317 1849 1358 450„

979 1371 1041 1421 qui
1079 1370 1141 1408 hic
1177 1371 1302 1408 eiecta
1334 1383 1430 1407 voce
1468 1370 1647 1408 (lentium
1679 1371 1848 1420 corrigit:

982 1428 1087 1465 inter
1099 1428 1302 1478 qerzuinos
1315 1427 1565 1465 morientum.
1580 1423 1738 1463 Passim
1751 1426 1852 1463 enim

978 1484 1150 1536 yenuini
1176 1483 1349 1521 dicuntur
1368 1495 1436 1532 pro
1459 1482 1641 1520 dentibus
1662 1482 1851 1532 genuinis.

980 1538 1083 1578 Oud.
1120 1542 1320 1591 comparat
1355 1537 1460 1576 Gell.
1499 1537 1563 1576 III.
1600 1542 1662 1578 10.
1722 1537 1853 1577 Burni.

981 1595 1140 1634 Anthol.
1166 1595 1255 1634 Lat.
1283 1593 1394 1633 Tom.
1427 1593 1454 1633 l.
1487 1607 1526 1645 p.
1551 1597 1645 1634 435.
1685 1593 1750 1646 [cf.
1777 1593 1854 1632 Cic.

978 1653 1028 1691 (Ie
1063 1652 1153 1691 Nat.
1198 1652 1316 1690 Deor.
1355 1650 1399 1689 Il.
1442 1655 1509 1691 54.
1551 1651 1682 1701 ibique
1720 1650 1856 1689 Schol.

978 1709 1181 1760 Wyttenb.
1210 1722 1245 1759 p.
1273 1711 1353 1748 767
1381 1707 1514 1746 Creuz.
1542 1707 1678 1746 Gloss.
1703 1706 1855 1745 Placidi

980 1765 1084 1816 apud
1108 1764 1201 1803 Mai.
1229 1764 1392 1802 Collect.
1420 1763 1547 1802 Class.
1565 1762 1687 1802 T.111.
1708 1768 1855 1814 p.467.

980 1822 1253 1875 yenuinorum
1285 1821 1467 1859 dentium
1493 1821 1671 1871 proprie
1695 1820 1854 1859 ultimo-

978 1892 1067 1917 rum
1080 1878 1104 1916 i.
1119 1891 1153 1915 e.
1169 1878 1477 1921 novissimorum,
1505 1877 1595 1926 quia
1619 1876 1655 1914 in
1682 1880 1855 1914 extrema

980 1935 1137 1985 gingiva
1161 1935 1194 1971 in
1223 1933 1377 1971 homine
1402 1934 1606 1983 gignuntur
1638 1933 1851 1971 novissimi.

982 1990 1117 2028 Gloss.
1143 1988 1299 2028 Philox.
1327 2003 1364 2040 p.
1393 1993 1483 2030 101.
1508 1990 1681 2041 yenuim'
1710 2003 1855 2042 σωφρο-

980 2050 1147 2098 νιστῆρες
1178 2047 1282 2096 quod
1307 2046 1409 2084 idem
1435 2045 1701 2097 corrigendum
1730 2049 1793 2084 est
1818 2046 1853 2083 in

981 2103 1118 2141 Gloss.
1151 2102 1265 2140 vulo.
1299 2115 1334 2153 p.
1366 2106 1431 2142 59.
1462 2102 1636 2154 yenuini
1672 2116 1855 2155 σωφρονι-

980 2155 1132 2211 στήρεοι
1153 2162 1191 2196 et
1203 2160 1425 2212 gauzlinum
1439 2155 1580 2197 ὀδόντα
1591 2155 1723 2210 μύλην,
1751 2159 1856 2209 quod

981 2229 1067 2254 cum
1093 2214 1195 2253 Oud.
1229 2229 1301 2253 non
1334 2215 1370 2253 in
1400 2216 1553 2266 μυλίτην
1577 2215 1650 2252 sed
1675 2216 1711 2253 in
1737 2211 1856 2266 μύλον

981 2271 1264 2310 emendandum
1285 2275 1364 2317 est,
1390 2271 1453 2309 vel
1479 2272 1593 2309 etiam
1619 2272 1770 2309 retineri
1788 2285 1856 2323 po-

980 2332 1076 2372 test,
1109 2341 1225 2378 quum
1249 2324 1367 2378 μύλαι
1393 2329 1427 2366 in
1453 2327 1592 2378 plurali
1623 2332 1714 2366 sunt
1737 2325 1857 2378 μύλα·

979 2399 1080 2438 κροι,
1104 2380 1342 2435 μυλόὸοντες,
1368 2384 1595 2437 κραντῆρες]
1623 2384 1707 2422 Sed
1718 2385 1859 2423 retinet

982 2441 1084 2479 Oud.
1109 2442 1216 2479 inter
1238 2455 1367 2493 yenas
1392 2443 1412 2479 i.
1439 2455 1471 2478 e.
1498 2441 1711 2487 maxillas,
1738 2454 1856 2492 quum

983 2498 1117 2536 crebro
1140 2511 1272 2549 yenae
1296 2502 1335 2536 et
1361 2498 1557 2537 mamillae
1577 2497 1857 2536 confundantur

984 2553 1071 2593 coll.
1099 2554 1189 2592 dict.
1220 2553 1269 2591 ad
1296 2554 1405 2594 Suet.
1431 2555 1534 2605 Aug.
1562 2557 1626 2594 99.
1679 2554 1855 2606 [Radius

986 2612 1108 2649 vertit:
1155 2610 1229 2649 der
1269 2612 1456 2663 {listi-qen
1500 2610 1697 2649 Dran-lien
1739 2611 1855 2655 Biss,

981 2667 1158 2719 pessime
1171 2668 1360 2718 interpres
1375 2667 1543 2717 francog.
1560 2670 1666 2704 entre
1682 2667 1741 2704 les
1753 2668 1855 2704 tetes

982 2724 1056 2762 des
1075 2722 1257 2774 dragous.
1284 2723 1370 2774 Ego
1393 2723 1598 2761 lectionem
1614 2723 1856 2761 retinendam

982 2772 1076 2818 esse
1106 2781 1251 2832 putavi,
1282 2793 1517 2831 quamquam
1554 2778 1732 2817 insolens
1764 2779 1857 2830 quid

981 2836 1136 2875 habeat.
1163 2835 1210 2874 cs.
1220 2836 1408 2874 Doederl.
1417 2834 1702 2887 SynonymNI.
1713 2849 1748 2886 p.
1760 2840 1855 2877 208.

983 2892 1151 2931 Veteres
1166 2893 1265 2931 enim
1279 2906 1408 2941 genae
1433 2892 1611 2930 dixerunt
1639 2905 1709 2943 pro
1741 2890 1855 2931 malis

982 2947 1082 2988 Plin.
1109 2948 1157 2987 H.
1183 2948 1232 2987 N.
1256 2947 1326 2987 XI.
1352 2947 1435 3000 37.]

1041 3006 1213 3045 trisulca
1238 3005 1475 3044 vibramina.
1527 3003 1649 3056 [Nolo
1674 3004 1774 3044 haec
1798 3019 1855 3044 re-

983 3065 1135 3112 petere,
1163 3061 1265 3112 quod
1292 3060 1458 3099 Forcell.
1480 3061 1529 3098 de
1548 3074 1645 3099 voce
1666 3062 1855 3102 trisulcus

984 3118 1142 3170 protulit
1166 3121 1205 3155 et
1229 3116 1386 3168 Forbig.
1413 3116 1463 3155 ad
1487 3117 1594 3169 Virg.
1621 3117 1766 3170 Georg.
1791 3117 1854 3159 111.
