<?xml version="1.0" encoding="UTF-8"?>
<!DOCTYPE html PUBLIC "-//W3C//DTD XHTML 1.0 Transitional//EN"
    "http://www.w3.org/TR/xhtml1/DTD/xhtml1-transitional.dtd">
<html xmlns="http://www.w3.org/1999/xhtml" xml:lang="en" lang="en">
 <head>
  <title>
</title>
<meta http-equiv="Content-Type" content="text/html;charset=utf-8" />
  <meta name='ocr-system' content='tesseract 3.04.00' />
  <meta name='ocr-capabilities' content='ocr_page ocr_carea ocr_par ocr_line ocrx_word'/>
</head>
<body>
  <div class='ocr_page' id='page_1' title='image "./operaomnia01apuluoft/operaomnia01apuluoft_1157.png"; bbox 0 0 2155 3590; ppageno 0'>
   <div class='ocr_carea' id='block_1_1' title="bbox 669 184 1854 230">
    <p class='ocr_par' dir='ltr' id='par_1_1' title="bbox 669 184 1854 230">
     <span class='ocr_line' id='line_1_1' title="bbox 669 184 1854 230; baseline 0.006 -7"><span class='ocrx_word' id='word_1_1' title='bbox 669 184 854 225; x_wconf 81' lang='lat' dir='ltr'><strong>LIBER</strong></span> <span class='ocrx_word' id='word_1_2' title='bbox 879 185 927 224; x_wconf 85' lang='lat' dir='ltr'>X.</span> <span class='ocrx_word' id='word_1_3' title='bbox 987 185 1114 225; x_wconf 72' lang='lat' dir='ltr'><strong>CAP.</strong></span> <span class='ocrx_word' id='word_1_4' title='bbox 1137 184 1260 225; x_wconf 83' lang='lat' dir='ltr'><strong>XVI.</strong></span> <span class='ocrx_word' id='word_1_5' title='bbox 1774 189 1854 230; x_wconf 75' lang='lat'>915</span> 
     </span>
    </p>
   </div>
   <div class='ocr_carea' id='block_1_2' title="bbox 69 293 1853 407">
    <p class='ocr_par' dir='ltr' id='par_1_2' title="bbox 69 293 1853 407">
     <span class='ocr_line' id='line_1_2' title="bbox 71 293 1853 353; baseline 0.004 -20"><span class='ocrx_word' id='word_1_6' title='bbox 71 293 266 334; x_wconf 80' lang='lat' dir='ltr'>exhibitas</span> <span class='ocrx_word' id='word_1_7' title='bbox 296 307 408 334; x_wconf 80' lang='lat' dir='ltr'>escas</span> <span class='ocrx_word' id='word_1_8' title='bbox 440 295 681 348; x_wconf 76' lang='lat' dir='ltr'><strong>appetebam.</strong></span> <span class='ocrx_word' id='word_1_9' title='bbox 743 297 844 337; x_wconf 87' lang='lat' dir='ltr'>Nam</span> <span class='ocrx_word' id='word_1_10' title='bbox 875 304 914 337; x_wconf 81' lang='lat' dir='ltr'>et.</span> <span class='ocrx_word' id='word_1_11' title='bbox 944 297 1045 351; x_wconf 88' lang='lat' dir='ltr'>quod</span> <span class='ocrx_word' id='word_1_12' title='bbox 1076 297 1316 353; x_wconf 84' lang='lat' dir='ltr'>potissimum</span> <span class='ocrx_word' id='word_1_13' title='bbox 1343 297 1574 340; x_wconf 82' lang='lat' dir='ltr'>abhorreret</span> <span class='ocrx_word' id='word_1_14' title='bbox 1598 298 1709 339; x_wconf 83' lang='lat' dir='ltr'>asino</span> <span class='ocrx_word' id='word_1_15' title='bbox 1734 313 1853 340; x_wconf 85' lang='lat' dir='ltr'>exco-</span> 
     </span>
     <span class='ocr_line' id='line_1_3' title="bbox 69 350 1853 407; baseline 0.004 -18"><span class='ocrx_word' id='word_1_16' title='bbox 69 350 239 403; x_wconf 82' lang='lat' dir='ltr'>gitantes</span> <span class='ocrx_word' id='word_1_17' title='bbox 263 350 507 405; x_wconf 83' lang='lat' dir='ltr'>scrupulose,</span> <span class='ocrx_word' id='word_1_18' title='bbox 535 352 581 391; x_wconf 85' lang='lat' dir='ltr'>ad</span> <span class='ocrx_word' id='word_1_19' title='bbox 607 352 888 406; x_wconf 80' lang='lat' dir='ltr'>explorandam</span> <span class='ocrx_word' id='word_1_20' title='bbox 917 354 1250 395; x_wconf 78' lang='lat' dir='ltr'>mansuetudinem</span> <span class='ocrx_word' id='word_1_21' title='bbox 1276 353 1313 394; x_wconf 88' lang='lat' dir='ltr'>id</span> <span class='ocrx_word' id='word_1_22' title='bbox 1339 354 1555 396; x_wconf 77' lang='lat' dir='ltr'>offerebant</span> <span class='ocrx_word' id='word_1_23' title='bbox 1577 355 1686 407; x_wconf 82' lang='lat' dir='ltr'>mihi,</span> <span class='ocrx_word' id='word_1_24' title='bbox 1713 369 1853 397; x_wconf 82' lang='lat' dir='ltr'>carues</span> 
     </span>
    </p>
   </div>
   <div class='ocr_carea' id='block_1_3' title="bbox 59 509 1853 954">
    <p class='ocr_par' dir='ltr' id='par_1_3' title="bbox 59 509 1853 954">
     <span class='ocr_line' id='line_1_4' title="bbox 67 509 1852 553; baseline 0.004 -15"><span class='ocrx_word' id='word_1_25' title='bbox 67 509 148 547; x_wconf 72' lang='lat' dir='ltr'>qnid</span> <span class='ocrx_word' id='word_1_26' title='bbox 157 512 194 541; x_wconf 85' lang='lat' dir='ltr'>F.</span> <span class='ocrx_word' id='word_1_27' title='bbox 209 513 239 541; x_wconf 77' lang='lat'>1.</span> <span class='ocrx_word' id='word_1_28' title='bbox 254 513 284 540; x_wconf 88' lang='grc'>3.</span> <span class='ocrx_word' id='word_1_29' title='bbox 298 514 334 541; x_wconf 85' lang='lat' dir='ltr'>G.</span> <span class='ocrx_word' id='word_1_30' title='bbox 351 513 379 539; x_wconf 87' lang='grc'>1.</span> <span class='ocrx_word' id='word_1_31' title='bbox 395 513 424 540; x_wconf 71' lang='lat'>2.</span> <span class='ocrx_word' id='word_1_32' title='bbox 439 513 473 542; x_wconf 91' lang='lat'>0.</span> <span class='ocrx_word' id='word_1_33' title='bbox 487 513 523 540; x_wconf 89' lang='lat' dir='ltr'>P.</span> <span class='ocrx_word' id='word_1_34' title='bbox 538 513 575 542; x_wconf 91' lang='lat' dir='ltr'>D.</span> <span class='ocrx_word' id='word_1_35' title='bbox 596 521 625 547; x_wconf 70' lang='lat' dir='ltr'>v.</span> <span class='ocrx_word' id='word_1_36' title='bbox 644 515 713 543; x_wconf 86' lang='lat' dir='ltr'>cod.</span> <span class='ocrx_word' id='word_1_37' title='bbox 730 513 842 544; x_wconf 79' lang='lat' dir='ltr'>VVass.</span> <span class='ocrx_word' id='word_1_38' title='bbox 857 515 928 544; x_wconf 84' lang='lat' dir='ltr'>edd.</span> <span class='ocrx_word' id='word_1_39' title='bbox 942 517 1017 544; x_wconf 75' lang='lat' dir='ltr'>ante</span> <span class='ocrx_word' id='word_1_40' title='bbox 1031 515 1121 544; x_wconf 67' lang='lat' dir='ltr'><strong>Colv.</strong></span> <span class='ocrx_word' id='word_1_41' title='bbox 1153 511 1242 551; x_wconf 71' lang='lat' dir='ltr'>qued</span> <span class='ocrx_word' id='word_1_42' title='bbox 1252 513 1287 543; x_wconf 89' lang='lat' dir='ltr'>B.</span> <span class='ocrx_word' id='word_1_43' title='bbox 1312 515 1348 543; x_wconf 86' lang='lat' dir='ltr'>In</span> <span class='ocrx_word' id='word_1_44' title='bbox 1362 517 1434 543; x_wconf 69' lang='lat' dir='ltr'>cett.</span> <span class='ocrx_word' id='word_1_45' title='bbox 1450 513 1616 553; x_wconf 67' lang='lat' dir='ltr'>quicquid.</span> <span class='ocrx_word' id='word_1_46' title='bbox 1664 515 1761 544; x_wconf 68' lang='lat' dir='ltr'>asino</span> <span class='ocrx_word' id='word_1_47' title='bbox 1775 515 1811 546; x_wconf 86' lang='lat' dir='ltr'>F.</span> <span class='ocrx_word' id='word_1_48' title='bbox 1824 519 1852 546; x_wconf 86' lang='lat'>1.</span> 
     </span>
     <span class='ocr_line' id='line_1_5' title="bbox 66 554 1851 596; baseline 0.004 -12"><span class='ocrx_word' id='word_1_49' title='bbox 66 554 120 590; x_wconf 86' lang='lat' dir='ltr'>(in</span> <span class='ocrx_word' id='word_1_50' title='bbox 132 561 273 590; x_wconf 73' lang='lat' dir='ltr'>excerpt.</span> <span class='ocrx_word' id='word_1_51' title='bbox 286 557 522 593; x_wconf 75' lang='lat' dir='ltr'>Lindenhrog.)</span> <span class='ocrx_word' id='word_1_52' title='bbox 536 559 565 587; x_wconf 82' lang='grc'>3.</span> <span class='ocrx_word' id='word_1_53' title='bbox 581 560 617 588; x_wconf 80' lang='lat' dir='ltr'>G.</span> <span class='ocrx_word' id='word_1_54' title='bbox 635 560 663 586; x_wconf 87' lang='lat'>1.</span> <span class='ocrx_word' id='word_1_55' title='bbox 677 561 707 588; x_wconf 84' lang='lat'>2.</span> <span class='ocrx_word' id='word_1_56' title='bbox 722 560 755 588; x_wconf 92' lang='grc' dir='ltr'>Ο.</span> <span class='ocrx_word' id='word_1_57' title='bbox 772 561 807 588; x_wconf 91' lang='grc' dir='ltr'>Ρ.</span> <span class='ocrx_word' id='word_1_58' title='bbox 834 559 950 594; x_wconf 79' lang='lat' dir='ltr'>[etiam</span> <span class='ocrx_word' id='word_1_59' title='bbox 970 561 1002 588; x_wconf 91' lang='lat' dir='ltr'>in</span> <span class='ocrx_word' id='word_1_60' title='bbox 1024 562 1163 592; x_wconf 77' lang='lat' dir='ltr'>excerpt.</span> <span class='ocrx_word' id='word_1_61' title='bbox 1184 558 1225 588; x_wconf 75' lang='lat' dir='ltr'>ad</span> <span class='ocrx_word' id='word_1_62' title='bbox 1244 566 1344 594; x_wconf 78' lang='lat' dir='ltr'>marg.</span> <span class='ocrx_word' id='word_1_63' title='bbox 1363 561 1411 588; x_wconf 85' lang='lat' dir='ltr'>ed.</span> <span class='ocrx_word' id='word_1_64' title='bbox 1431 560 1541 596; x_wconf 70' lang='lat' dir='ltr'><strong>cmv.)</strong></span> <span class='ocrx_word' id='word_1_65' title='bbox 1562 562 1600 589; x_wconf 92' lang='lat' dir='ltr'>D.</span> <span class='ocrx_word' id='word_1_66' title='bbox 1618 563 1656 590; x_wconf 90' lang='lat' dir='ltr'>R.</span> <span class='ocrx_word' id='word_1_67' title='bbox 1677 562 1697 591; x_wconf 84' lang='lat' dir='ltr'>f.</span> <span class='ocrx_word' id='word_1_68' title='bbox 1717 565 1800 591; x_wconf 81' lang='lat' dir='ltr'>Iunt.</span> <span class='ocrx_word' id='word_1_69' title='bbox 1821 566 1851 591; x_wconf 74' lang='lat'>⁴2.</span> 
     </span>
     <span class='ocr_line' id='line_1_6' title="bbox 64 601 1853 640; baseline 0.003 -11"><span class='ocrx_word' id='word_1_70' title='bbox 64 603 102 629; x_wconf 90' lang='lat' dir='ltr'>In</span> <span class='ocrx_word' id='word_1_71' title='bbox 116 605 188 631; x_wconf 79' lang='lat' dir='ltr'>cett.</span> <span class='ocrx_word' id='word_1_72' title='bbox 202 601 327 630; x_wconf 72' lang='lat' dir='ltr'>asinus.</span> <span class='ocrx_word' id='word_1_73' title='bbox 376 602 645 639; x_wconf 69' lang='lat' dir='ltr'><em>excogitationes</em></span> <span class='ocrx_word' id='word_1_74' title='bbox 658 605 693 632; x_wconf 91' lang='lat' dir='ltr'>P.</span> <span class='ocrx_word' id='word_1_75' title='bbox 709 602 826 639; x_wconf 82' lang='lat' dir='ltr'>(etiam</span> <span class='ocrx_word' id='word_1_76' title='bbox 839 604 871 632; x_wconf 89' lang='lat' dir='ltr'>in</span> <span class='ocrx_word' id='word_1_77' title='bbox 886 605 1048 639; x_wconf 73' lang='lat' dir='ltr'>excerptis</span> <span class='ocrx_word' id='word_1_78' title='bbox 1062 605 1100 633; x_wconf 78' lang='lat' dir='ltr'>ad</span> <span class='ocrx_word' id='word_1_79' title='bbox 1115 611 1213 638; x_wconf 67' lang='lat' dir='ltr'>marg.</span> <span class='ocrx_word' id='word_1_80' title='bbox 1228 605 1277 633; x_wconf 83' lang='lat' dir='ltr'>ed.</span> <span class='ocrx_word' id='word_1_81' title='bbox 1292 603 1401 638; x_wconf 62' lang='lat' dir='ltr'>Coun]</span> <span class='ocrx_word' id='word_1_82' title='bbox 1449 603 1497 631; x_wconf 82' lang='lat' dir='ltr'>ad</span> <span class='ocrx_word' id='word_1_83' title='bbox 1512 613 1576 633; x_wconf 87' lang='lat' dir='ltr'>non</span> <span class='ocrx_word' id='word_1_84' title='bbox 1595 611 1756 640; x_wconf 83' lang='lat' dir='ltr'>comparet</span> <span class='ocrx_word' id='word_1_85' title='bbox 1770 608 1803 636; x_wconf 90' lang='lat' dir='ltr'>in</span> <span class='ocrx_word' id='word_1_86' title='bbox 1817 609 1853 636; x_wconf 77' lang='grc' dir='ltr'>Ο.</span> 
     </span>
     <span class='ocr_line' id='line_1_7' title="bbox 63 644 1851 686; baseline 0.004 -14"><span class='ocrx_word' id='word_1_87' title='bbox 63 644 310 682; x_wconf 69' lang='lat' dir='ltr'>explorandum</span> <span class='ocrx_word' id='word_1_88' title='bbox 322 648 358 676; x_wconf 83' lang='lat' dir='ltr'>F.</span> <span class='ocrx_word' id='word_1_89' title='bbox 374 649 402 676; x_wconf 92' lang='lat'>1.</span> <span class='ocrx_word' id='word_1_90' title='bbox 417 650 497 676; x_wconf 80' lang='lat' dir='ltr'>leste</span> <span class='ocrx_word' id='word_1_91' title='bbox 509 649 608 685; x_wconf 82' lang='lat' dir='ltr'><strong>Elm.‚</strong></span> <span class='ocrx_word' id='word_1_92' title='bbox 636 657 729 683; x_wconf 84' lang='lat' dir='ltr'>quem</span> <span class='ocrx_word' id='word_1_93' title='bbox 743 656 871 678; x_wconf 85' lang='lat' dir='ltr'>errasse</span> <span class='ocrx_word' id='word_1_94' title='bbox 884 650 928 677; x_wconf 80' lang='lat' dir='ltr'>alt</span> <span class='ocrx_word' id='word_1_95' title='bbox 941 650 1038 686; x_wconf 82' lang='lat' dir='ltr'>Oud.,</span> <span class='ocrx_word' id='word_1_96' title='bbox 1065 656 1161 683; x_wconf 86' lang='lat' dir='ltr'>quum</span> <span class='ocrx_word' id='word_1_97' title='bbox 1174 649 1220 677; x_wconf 76' lang='lat' dir='ltr'>ita</span> <span class='ocrx_word' id='word_1_98' title='bbox 1233 656 1294 677; x_wconf 86' lang='lat' dir='ltr'>non</span> <span class='ocrx_word' id='word_1_99' title='bbox 1309 649 1342 677; x_wconf 87' lang='lat' dir='ltr'>in</span> <span class='ocrx_word' id='word_1_100' title='bbox 1356 650 1415 677; x_wconf 89' lang='lat' dir='ltr'>hoc</span> <span class='ocrx_word' id='word_1_101' title='bbox 1428 650 1498 678; x_wconf 82' lang='lat' dir='ltr'>cod.</span> <span class='ocrx_word' id='word_1_102' title='bbox 1512 651 1567 677; x_wconf 87' lang='lat' dir='ltr'>sed</span> <span class='ocrx_word' id='word_1_103' title='bbox 1582 650 1616 678; x_wconf 88' lang='lat' dir='ltr'>in</span> <span class='ocrx_word' id='word_1_104' title='bbox 1630 652 1665 678; x_wconf 90' lang='lat' dir='ltr'>B.</span> <span class='ocrx_word' id='word_1_105' title='bbox 1679 653 1851 680; x_wconf 80' lang='lat' dir='ltr'><strong>scribatur.</strong></span> 
     </span>
     <span class='ocr_line' id='line_1_8' title="bbox 65 690 1850 731; baseline 0.003 -12"><span class='ocrx_word' id='word_1_106' title='bbox 65 690 133 725; x_wconf 76' lang='lat' dir='ltr'>[Ex</span> <span class='ocrx_word' id='word_1_107' title='bbox 146 694 253 720; x_wconf 79' lang='lat' dir='ltr'>collat.</span> <span class='ocrx_word' id='word_1_108' title='bbox 265 693 351 720; x_wconf 87' lang='lat' dir='ltr'>Mod.</span> <span class='ocrx_word' id='word_1_109' title='bbox 367 693 445 721; x_wconf 80' lang='lat' dir='ltr'>certi</span> <span class='ocrx_word' id='word_1_110' title='bbox 460 693 533 726; x_wconf 83' lang='lat' dir='ltr'>quid</span> <span class='ocrx_word' id='word_1_111' title='bbox 547 702 610 722; x_wconf 84' lang='lat' dir='ltr'>non</span> <span class='ocrx_word' id='word_1_112' title='bbox 631 697 734 728; x_wconf 79' lang='lat' dir='ltr'>potest</span> <span class='ocrx_word' id='word_1_113' title='bbox 755 694 835 722; x_wconf 90' lang='lat' dir='ltr'>erui.</span> <span class='ocrx_word' id='word_1_114' title='bbox 861 694 970 722; x_wconf 67' lang='lat' dir='ltr'>conii</span> <span class='ocrx_word' id='word_1_115' title='bbox 989 695 1074 722; x_wconf 85' lang='lat' dir='ltr'>enim</span> <span class='ocrx_word' id='word_1_116' title='bbox 1095 694 1192 722; x_wconf 84' lang='lat' dir='ltr'>editio</span> <span class='ocrx_word' id='word_1_117' title='bbox 1211 701 1307 728; x_wconf 88' lang='lat' dir='ltr'>quum</span> <span class='ocrx_word' id='word_1_118' title='bbox 1327 691 1574 730; x_wconf 65' lang='lat' dir='ltr'>explorandam</span> <span class='ocrx_word' id='word_1_119' title='bbox 1587 696 1720 731; x_wconf 76' lang='lat' dir='ltr'>habeat,</span> <span class='ocrx_word' id='word_1_120' title='bbox 1746 704 1769 723; x_wconf 78' lang='lat' dir='ltr'>a</span> <span class='ocrx_word' id='word_1_121' title='bbox 1793 699 1850 725; x_wconf 82' lang='lat' dir='ltr'>ob-</span> 
     </span>
     <span class='ocr_line' id='line_1_9' title="bbox 63 737 1850 777; baseline 0.003 -13"><span class='ocrx_word' id='word_1_122' title='bbox 63 737 155 764; x_wconf 80' lang='lat' dir='ltr'>ducto</span> <span class='ocrx_word' id='word_1_123' title='bbox 169 737 311 766; x_wconf 73' lang='lat' dir='ltr'>ulmeta</span> <span class='ocrx_word' id='word_1_124' title='bbox 324 746 420 772; x_wconf 86' lang='lat' dir='ltr'>super</span> <span class='ocrx_word' id='word_1_125' title='bbox 433 737 544 766; x_wconf 76' lang='lat' dir='ltr'>addita</span> <span class='ocrx_word' id='word_1_126' title='bbox 557 742 622 775; x_wconf 78' lang='lat' dir='ltr'>est,</span> <span class='ocrx_word' id='word_1_127' title='bbox 647 739 788 768; x_wconf 82' lang='lat' dir='ltr'>codicem</span> <span class='ocrx_word' id='word_1_128' title='bbox 802 746 876 767; x_wconf 73' lang='lat' dir='ltr'>vero</span> <span class='ocrx_word' id='word_1_129' title='bbox 886 760 893 774; x_wconf 77' lang='grc'><em>,</em></span> <span class='ocrx_word' id='word_1_130' title='bbox 918 739 951 767; x_wconf 85' lang='lat' dir='ltr'>in</span> <span class='ocrx_word' id='word_1_131' title='bbox 967 747 1027 773; x_wconf 81' lang='lat' dir='ltr'>quo</span> <span class='ocrx_word' id='word_1_132' title='bbox 1040 740 1086 768; x_wconf 75' lang='lat' dir='ltr'>ita</span> <span class='ocrx_word' id='word_1_133' title='bbox 1098 741 1242 775; x_wconf 81' lang='lat' dir='ltr'>legatur,</span> <span class='ocrx_word' id='word_1_134' title='bbox 1267 745 1384 767; x_wconf 87' lang='lat' dir='ltr'>manus</span> <span class='ocrx_word' id='word_1_135' title='bbox 1398 739 1600 767; x_wconf 72' lang='lat' dir='ltr'>emendatrix</span> <span class='ocrx_word' id='word_1_136' title='bbox 1612 747 1675 768; x_wconf 86' lang='lat' dir='ltr'>non</span> <span class='ocrx_word' id='word_1_137' title='bbox 1689 741 1850 777; x_wconf 79' lang='lat' dir='ltr'>designat,</span> 
     </span>
     <span class='ocr_line' id='line_1_10' title="bbox 61 782 1851 820; baseline 0.003 -11"><span class='ocrx_word' id='word_1_138' title='bbox 61 782 147 809; x_wconf 88' lang='lat' dir='ltr'>unde</span> <span class='ocrx_word' id='word_1_139' title='bbox 160 783 200 810; x_wconf 84' lang='lat' dir='ltr'>ad</span> <span class='ocrx_word' id='word_1_140' title='bbox 213 782 249 811; x_wconf 86' lang='lat' dir='ltr'>F.</span> <span class='ocrx_word' id='word_1_141' title='bbox 266 783 292 810; x_wconf 84' lang='lat'>1.</span> <span class='ocrx_word' id='word_1_142' title='bbox 303 803 311 819; x_wconf 72' lang='lat'><strong>⁷</strong></span> <span class='ocrx_word' id='word_1_143' title='bbox 337 784 372 811; x_wconf 89' lang='lat' dir='ltr'>B.</span> <span class='ocrx_word' id='word_1_144' title='bbox 387 786 416 810; x_wconf 86' lang='lat' dir='ltr'>et</span> <span class='ocrx_word' id='word_1_145' title='bbox 431 784 466 811; x_wconf 91' lang='lat' dir='ltr'><strong>P.</strong></span> <span class='ocrx_word' id='word_1_146' title='bbox 480 790 582 817; x_wconf 83' lang='lat' dir='ltr'>aeque</span> <span class='ocrx_word' id='word_1_147' title='bbox 596 783 707 812; x_wconf 83' lang='lat' dir='ltr'>referri</span> <span class='ocrx_word' id='word_1_148' title='bbox 720 783 817 812; x_wconf 81' lang='lat' dir='ltr'>lectio</span> <span class='ocrx_word' id='word_1_149' title='bbox 832 787 950 819; x_wconf 79' lang='lat' dir='ltr'>potes13</span> <span class='ocrx_word' id='word_1_150' title='bbox 975 785 1027 812; x_wconf 84' lang='lat' dir='ltr'>vel</span> <span class='ocrx_word' id='word_1_151' title='bbox 1041 784 1221 812; x_wconf 75' lang='lat' dir='ltr'>emendatio</span> <span class='ocrx_word' id='word_1_152' title='bbox 1237 787 1360 812; x_wconf 81' lang='lat' dir='ltr'>tantum</span> <span class='ocrx_word' id='word_1_153' title='bbox 1374 787 1422 811; x_wconf 81' lang='lat' dir='ltr'>est</span> <span class='ocrx_word' id='word_1_154' title='bbox 1436 783 1552 820; x_wconf 80' lang='lat' dir='ltr'>modii,</span> <span class='ocrx_word' id='word_1_155' title='bbox 1578 784 1680 817; x_wconf 81' lang='lat' dir='ltr'>quiin</span> <span class='ocrx_word' id='word_1_156' title='bbox 1695 787 1851 814; x_wconf 78' lang='lat' dir='ltr'>vetustis-</span> 
     </span>
     <span class='ocr_line' id='line_1_11' title="bbox 60 825 1851 864; baseline 0.001 -10"><span class='ocrx_word' id='word_1_157' title='bbox 60 825 153 855; x_wconf 81' lang='lat' dir='ltr'>simis</span> <span class='ocrx_word' id='word_1_158' title='bbox 166 827 236 855; x_wconf 82' lang='lat' dir='ltr'>edd.</span> <span class='ocrx_word' id='word_1_159' title='bbox 261 825 506 863; x_wconf 69' lang='lat' dir='ltr'>explorandmn</span> <span class='ocrx_word' id='word_1_160' title='bbox 518 829 584 863; x_wconf 88' lang='lat' dir='ltr'>legi</span> <span class='ocrx_word' id='word_1_161' title='bbox 598 829 732 857; x_wconf 80' lang='lat' dir='ltr'>viderat.</span> <span class='ocrx_word' id='word_1_162' title='bbox 756 828 923 857; x_wconf 80' lang='lat' dir='ltr'>Posterius</span> <span class='ocrx_word' id='word_1_163' title='bbox 936 828 1012 858; x_wconf 83' lang='lat' dir='ltr'>mihi</span> <span class='ocrx_word' id='word_1_164' title='bbox 1025 829 1152 862; x_wconf 81' lang='lat' dir='ltr'>quidem</span> <span class='ocrx_word' id='word_1_165' title='bbox 1171 828 1373 863; x_wconf 83' lang='lat' dir='ltr'>probabilius</span> <span class='ocrx_word' id='word_1_166' title='bbox 1392 832 1451 857; x_wconf 81' lang='lat' dir='ltr'>est.</span> <span class='ocrx_word' id='word_1_167' title='bbox 1474 830 1587 862; x_wconf 76' lang='lat' dir='ltr'>ltaque</span> <span class='ocrx_word' id='word_1_168' title='bbox 1605 827 1851 864; x_wconf 65' lang='lat' dir='ltr'>explorandum</span> 
     </span>
     <span class='ocr_line' id='line_1_12' title="bbox 59 870 1850 911; baseline 0.003 -12"><span class='ocrx_word' id='word_1_169' title='bbox 59 878 116 906; x_wconf 82' lang='lat' dir='ltr'>pro</span> <span class='ocrx_word' id='word_1_170' title='bbox 130 874 216 900; x_wconf 80' lang='lat' dir='ltr'>certo</span> <span class='ocrx_word' id='word_1_171' title='bbox 230 881 260 907; x_wconf 84' lang='lat' dir='ltr'>p.</span> <span class='ocrx_word' id='word_1_172' title='bbox 275 875 398 902; x_wconf 75' lang='lat' dir='ltr'>tantum</span> <span class='ocrx_word' id='word_1_173' title='bbox 412 873 548 902; x_wconf 73' lang='lat' dir='ltr'>affirmat</span> <span class='ocrx_word' id='word_1_174' title='bbox 563 881 636 902; x_wconf 88' lang='lat' dir='ltr'>cum</span> <span class='ocrx_word' id='word_1_175' title='bbox 650 874 720 902; x_wconf 86' lang='lat' dir='ltr'>edd.</span> <span class='ocrx_word' id='word_1_176' title='bbox 733 880 837 907; x_wconf 80' lang='lat' dir='ltr'>usque</span> <span class='ocrx_word' id='word_1_177' title='bbox 855 873 894 901; x_wconf 87' lang='lat' dir='ltr'>ad</span> <span class='ocrx_word' id='word_1_178' title='bbox 914 874 1004 902; x_wconf 88' lang='lat' dir='ltr'><strong>Colv.</strong></span> <span class='ocrx_word' id='word_1_179' title='bbox 1028 875 1066 902; x_wconf 92' lang='lat' dir='ltr'>In</span> <span class='ocrx_word' id='word_1_180' title='bbox 1079 873 1160 902; x_wconf 85' lang='lat' dir='ltr'>meis</span> <span class='ocrx_word' id='word_1_181' title='bbox 1179 874 1269 902; x_wconf 86' lang='lat' dir='ltr'><strong>codd.</strong></span> <span class='ocrx_word' id='word_1_182' title='bbox 1289 875 1438 901; x_wconf 76' lang='lat' dir='ltr'>omnibus</span> <span class='ocrx_word' id='word_1_183' title='bbox 1451 870 1697 909; x_wconf 72' lang='lat' dir='ltr'>explorandam</span> <span class='ocrx_word' id='word_1_184' title='bbox 1711 874 1850 911; x_wconf 59' lang='lat' dir='ltr'>inveni]</span> 
     </span>
     <span class='ocr_line' id='line_1_13' title="bbox 59 913 1852 954; baseline 0.003 -12"><span class='ocrx_word' id='word_1_185' title='bbox 59 913 211 952; x_wconf 78' lang='lat' dir='ltr'>offerunt</span> <span class='ocrx_word' id='word_1_186' title='bbox 224 917 336 947; x_wconf 81' lang='lat' dir='ltr'>inveni</span> <span class='ocrx_word' id='word_1_187' title='bbox 350 918 385 946; x_wconf 91' lang='lat' dir='ltr'>in</span> <span class='ocrx_word' id='word_1_188' title='bbox 398 919 433 946; x_wconf 82' lang='lat' dir='ltr'>G.</span> <span class='ocrx_word' id='word_1_189' title='bbox 447 919 477 946; x_wconf 83' lang='lat'>2.</span> <span class='ocrx_word' id='word_1_190' title='bbox 492 916 531 945; x_wconf 92' lang='grc' dir='ltr'>Ι).</span> <span class='ocrx_word' id='word_1_191' title='bbox 547 918 637 948; x_wconf 85' lang='lat' dir='ltr'><strong>Colv.</strong></span> <span class='ocrx_word' id='word_1_192' title='bbox 650 918 744 947; x_wconf 88' lang='lat' dir='ltr'>Vulc.</span> <span class='ocrx_word' id='word_1_193' title='bbox 756 919 788 946; x_wconf 83' lang='lat'>2.</span> <span class='ocrx_word' id='word_1_194' title='bbox 801 918 886 947; x_wconf 81' lang='lat' dir='ltr'>Prie.</span> <span class='ocrx_word' id='word_1_195' title='bbox 898 918 1019 947; x_wconf 83' lang='lat' dir='ltr'>Florid.</span> <span class='ocrx_word' id='word_1_196' title='bbox 1042 919 1079 947; x_wconf 88' lang='lat' dir='ltr'>In</span> <span class='ocrx_word' id='word_1_197' title='bbox 1091 921 1163 947; x_wconf 76' lang='lat' dir='ltr'>cett.</span> <span class='ocrx_word' id='word_1_198' title='bbox 1177 915 1378 954; x_wconf 77' lang='lat' dir='ltr'>offerebant.</span> <span class='ocrx_word' id='word_1_199' title='bbox 1403 918 1516 947; x_wconf 80' lang='lat' dir='ltr'>Utrum</span> <span class='ocrx_word' id='word_1_200' title='bbox 1535 917 1568 946; x_wconf 87' lang='lat' dir='ltr'>in</span> <span class='ocrx_word' id='word_1_201' title='bbox 1587 918 1664 947; x_wconf 88' lang='lat' dir='ltr'>aliis</span> <span class='ocrx_word' id='word_1_202' title='bbox 1685 922 1852 954; x_wconf 78' lang='lat' dir='ltr'>praeterea</span> 
     </span>
    </p>
   </div>
   <div class='ocr_carea' id='block_1_4' title="bbox 58 960 1846 1048">
    <p class='ocr_par' dir='ltr' id='par_1_4' title="bbox 58 960 1846 1048">
     <span class='ocr_line' id='line_1_14' title="bbox 59 960 1846 1003; baseline 0.001 -13"><span class='ocrx_word' id='word_1_203' title='bbox 59 962 150 991; x_wconf 85' lang='lat' dir='ltr'>codd.</span> <span class='ocrx_word' id='word_1_204' title='bbox 164 961 210 990; x_wconf 79' lang='lat' dir='ltr'>ita</span> <span class='ocrx_word' id='word_1_205' title='bbox 221 964 364 999; x_wconf 74' lang='lat' dir='ltr'>legatur,</span> <span class='ocrx_word' id='word_1_206' title='bbox 391 971 432 991; x_wconf 85' lang='lat' dir='ltr'>ex</span> <span class='ocrx_word' id='word_1_207' title='bbox 445 963 523 991; x_wconf 84' lang='lat' dir='ltr'>Oud.</span> <span class='ocrx_word' id='word_1_208' title='bbox 538 963 745 992; x_wconf 75' lang='lat' dir='ltr'>adnotatione</span> <span class='ocrx_word' id='word_1_209' title='bbox 758 963 828 992; x_wconf 88' lang='lat' dir='ltr'>erui</span> <span class='ocrx_word' id='word_1_210' title='bbox 840 962 966 999; x_wconf 76' lang='lat' dir='ltr'>nequit,</span> <span class='ocrx_word' id='word_1_211' title='bbox 993 963 1047 997; x_wconf 83' lang='lat' dir='ltr'>qui</span> <span class='ocrx_word' id='word_1_212' title='bbox 1061 965 1149 992; x_wconf 74' lang='lat' dir='ltr'>tantu</span> <span class='ocrx_word' id='word_1_213' title='bbox 1156 964 1278 992; x_wconf 85' lang='lat' dir='ltr'>ulmodo</span> <span class='ocrx_word' id='word_1_214' title='bbox 1292 960 1494 1003; x_wconf 81' lang='lat' dir='ltr'>offerebant</span> <span class='ocrx_word' id='word_1_215' title='bbox 1505 971 1541 992; x_wconf 82' lang='lat' dir='ltr'>se</span> <span class='ocrx_word' id='word_1_216' title='bbox 1554 964 1738 998; x_wconf 70' lang='lat' dir='ltr'>reposuisse</span> <span class='ocrx_word' id='word_1_217' title='bbox 1758 965 1846 1002; x_wconf 75' lang='lat' dir='ltr'>dicit,</span> 
     </span>
     <span class='ocr_line' id='line_1_15' title="bbox 58 1006 1034 1048; baseline 0 -12"><span class='ocrx_word' id='word_1_218' title='bbox 58 1014 120 1036; x_wconf 85' lang='lat' dir='ltr'>nec</span> <span class='ocrx_word' id='word_1_219' title='bbox 141 1007 251 1037; x_wconf 85' lang='lat' dir='ltr'>codice</span> <span class='ocrx_word' id='word_1_220' title='bbox 269 1015 329 1037; x_wconf 87' lang='lat' dir='ltr'>nec</span> <span class='ocrx_word' id='word_1_221' title='bbox 347 1008 435 1045; x_wconf 83' lang='lat' dir='ltr'>edd.,</span> <span class='ocrx_word' id='word_1_222' title='bbox 461 1007 514 1037; x_wconf 77' lang='lat' dir='ltr'>ubi</span> <span class='ocrx_word' id='word_1_223' title='bbox 537 1006 697 1048; x_wconf 53' lang='lat' dir='ltr'>offerunt</span> <span class='ocrx_word' id='word_1_224' title='bbox 719 1009 862 1046; x_wconf 74' lang='lat' dir='ltr'>legatur,</span> <span class='ocrx_word' id='word_1_225' title='bbox 885 1008 1034 1037; x_wconf 71' lang='lat' dir='ltr'>adscitis.</span> 
     </span>
    </p>
   </div>
   <div class='ocr_carea' id='block_1_5' title="bbox 40 1137 921 3210">
    <p class='ocr_par' dir='ltr' id='par_1_5' title="bbox 45 1137 921 2370">
     <span class='ocr_line' id='line_1_16' title="bbox 57 1137 918 1192; baseline 0 -15"><span class='ocrx_word' id='word_1_226' title='bbox 57 1137 161 1178; x_wconf 88' lang='lat' dir='ltr'>Oud.</span> <span class='ocrx_word' id='word_1_227' title='bbox 185 1152 380 1177; x_wconf 87' lang='lat' dir='ltr'>consensu</span> <span class='ocrx_word' id='word_1_228' title='bbox 398 1137 499 1177; x_wconf 86' lang='lat' dir='ltr'><strong>Mss.</strong></span> <span class='ocrx_word' id='word_1_229' title='bbox 524 1142 738 1179; x_wconf 86' lang='lat' dir='ltr'>commotus</span> <span class='ocrx_word' id='word_1_230' title='bbox 761 1139 918 1192; x_wconf 69' lang='lat' dir='ltr'>gyratio·</span> 
     </span>
     <span class='ocr_line' id='line_1_17' title="bbox 54 1195 920 1246; baseline -0.001 -12"><span class='ocrx_word' id='word_1_231' title='bbox 54 1209 140 1234; x_wconf 73' lang='lat' dir='ltr'>sum</span> <span class='ocrx_word' id='word_1_232' title='bbox 164 1195 319 1246; x_wconf 88' lang='lat' dir='ltr'>quidem</span> <span class='ocrx_word' id='word_1_233' title='bbox 343 1198 490 1240; x_wconf 85' lang='lat' dir='ltr'>tuetur,</span> <span class='ocrx_word' id='word_1_234' title='bbox 514 1195 588 1233; x_wconf 89' lang='lat' dir='ltr'>sed</span> <span class='ocrx_word' id='word_1_235' title='bbox 614 1196 662 1234; x_wconf 90' lang='lat' dir='ltr'>ob</span> <span class='ocrx_word' id='word_1_236' title='bbox 688 1199 920 1246; x_wconf 85' lang='lat' dir='ltr'>sequentem</span> 
     </span>
     <span class='ocr_line' id='line_1_18' title="bbox 56 1251 920 1304; baseline 0.002 -16"><span class='ocrx_word' id='word_1_237' title='bbox 56 1251 356 1301; x_wconf 85' lang='lat' dir='ltr'>comparativum</span> <span class='ocrx_word' id='word_1_238' title='bbox 414 1251 562 1288; x_wconf 85' lang='lat' dir='ltr'>mavult</span> <span class='ocrx_word' id='word_1_239' title='bbox 618 1252 920 1304; x_wconf 69' lang='lat' dir='ltr'>qrati&#39;osiorem‚</span> 
     </span>
     <span class='ocr_line' id='line_1_19' title="bbox 55 1306 921 1358; baseline -0.001 -13"><span class='ocrx_word' id='word_1_240' title='bbox 55 1319 157 1357; x_wconf 89' lang='lat' dir='ltr'>quae</span> <span class='ocrx_word' id='word_1_241' title='bbox 182 1306 398 1345; x_wconf 84' lang='lat' dir='ltr'>emendatio</span> <span class='ocrx_word' id='word_1_242' title='bbox 423 1321 447 1345; x_wconf 87' lang='lat' dir='ltr'>a</span> <span class='ocrx_word' id='word_1_243' title='bbox 472 1307 647 1358; x_wconf 82' lang='lat' dir='ltr'>vestigiis</span> <span class='ocrx_word' id='word_1_244' title='bbox 671 1308 842 1358; x_wconf 81' lang='lat' dir='ltr'>scriptae</span> <span class='ocrx_word' id='word_1_245' title='bbox 867 1307 921 1345; x_wconf 89' lang='lat' dir='ltr'>le-</span> 
     </span>
     <span class='ocr_line' id='line_1_20' title="bbox 54 1361 921 1414; baseline -0.001 -12"><span class='ocrx_word' id='word_1_246' title='bbox 54 1362 190 1402; x_wconf 88' lang='lat' dir='ltr'>ctionis</span> <span class='ocrx_word' id='word_1_247' title='bbox 215 1362 371 1400; x_wconf 86' lang='lat' dir='ltr'>nimium</span> <span class='ocrx_word' id='word_1_248' title='bbox 399 1362 556 1401; x_wconf 88' lang='lat' dir='ltr'>recedit.</span> <span class='ocrx_word' id='word_1_249' title='bbox 605 1361 921 1414; x_wconf 81' lang='lat' dir='ltr'>[Comparativos</span> 
     </span>
     <span class='ocr_line' id='line_1_21' title="bbox 53 1418 918 1470; baseline 0.001 -13"><span class='ocrx_word' id='word_1_250' title='bbox 53 1423 93 1457; x_wconf 85' lang='lat' dir='ltr'>et</span> <span class='ocrx_word' id='word_1_251' title='bbox 116 1419 307 1469; x_wconf 87' lang='lat' dir='ltr'>positivos</span> <span class='ocrx_word' id='word_1_252' title='bbox 320 1418 529 1470; x_wconf 81' lang='lat' dir='ltr'>aliquoties</span> <span class='ocrx_word' id='word_1_253' title='bbox 542 1418 662 1469; x_wconf 84' lang='lat' dir='ltr'>iungi,</span> <span class='ocrx_word' id='word_1_254' title='bbox 687 1418 757 1458; x_wconf 88' lang='lat' dir='ltr'><strong>Dr.</strong></span> <span class='ocrx_word' id='word_1_255' title='bbox 770 1418 819 1457; x_wconf 87' lang='lat' dir='ltr'>ad</span> <span class='ocrx_word' id='word_1_256' title='bbox 831 1419 918 1458; x_wconf 86' lang='lat' dir='ltr'>Liv.</span> 
     </span>
     <span class='ocr_line' id='line_1_22' title="bbox 53 1472 917 1526; baseline 0.001 -13"><span class='ocrx_word' id='word_1_257' title='bbox 53 1472 242 1513; x_wconf 88' lang='lat' dir='ltr'><strong>XXXVI.</strong></span> <span class='ocrx_word' id='word_1_258' title='bbox 258 1479 322 1516; x_wconf 89' lang='lat'><strong>35.</strong></span> <span class='ocrx_word' id='word_1_259' title='bbox 338 1480 374 1515; x_wconf 88' lang='lat'><strong>5.</strong></span> <span class='ocrx_word' id='word_1_260' title='bbox 400 1475 567 1526; x_wconf 88' lang='lat' dir='ltr'>probare</span> <span class='ocrx_word' id='word_1_261' title='bbox 591 1474 671 1513; x_wconf 90' lang='lat' dir='ltr'>vult</span> <span class='ocrx_word' id='word_1_262' title='bbox 689 1488 739 1512; x_wconf 88' lang='lat' dir='ltr'>ex</span> <span class='ocrx_word' id='word_1_263' title='bbox 759 1473 783 1512; x_wconf 94' lang='lat' dir='ltr'>I.</span> <span class='ocrx_word' id='word_1_264' title='bbox 800 1479 864 1515; x_wconf 91' lang='lat'>43.</span> <span class='ocrx_word' id='word_1_265' title='bbox 880 1479 917 1516; x_wconf 88' lang='lat'>2.</span> 
     </span>
     <span class='ocr_line' id='line_1_23' title="bbox 54 1531 918 1583; baseline 0 -12"><span class='ocrx_word' id='word_1_266' title='bbox 54 1531 283 1571; x_wconf 80' lang='lat' dir='ltr'>seniores</span> <span class='ocrx_word' id='word_1_267' title='bbox 407 1535 456 1571; x_wconf 79' lang='lat' dir='ltr'>ut</span> <span class='ocrx_word' id='word_1_268' title='bbox 477 1535 646 1583; x_wconf 79' lang='lat' dir='ltr'>praesto</span> <span class='ocrx_word' id='word_1_269' title='bbox 676 1535 819 1577; x_wconf 77' lang='lat' dir='ltr'>essent,</span> <span class='ocrx_word' id='word_1_270' title='bbox 854 1532 918 1571; x_wconf 82' lang='lat' dir='ltr'>in-</span> 
     </span>
     <span class='ocr_line' id='line_1_24' title="bbox 51 1587 918 1640; baseline 0 -13"><span class='ocrx_word' id='word_1_271' title='bbox 51 1601 206 1634; x_wconf 74' lang='lat' dir='ltr'>venes,</span> <span class='ocrx_word' id='word_1_272' title='bbox 241 1592 287 1628; x_wconf 82' lang='lat' dir='ltr'>ut</span> <span class='ocrx_word' id='word_1_273' title='bbox 306 1588 414 1640; x_wconf 79' lang='lat' dir='ltr'>foris</span> <span class='ocrx_word' id='word_1_274' title='bbox 439 1587 546 1627; x_wconf 84' lang='lat' dir='ltr'>bella</span> <span class='ocrx_word' id='word_1_275' title='bbox 574 1592 780 1640; x_wconf 73' lang='lat' dir='ltr'>yererent,</span> <span class='ocrx_word' id='word_1_276' title='bbox 812 1587 918 1639; x_wconf 86' lang='lat' dir='ltr'>quod</span> 
     </span>
     <span class='ocr_line' id='line_1_25' title="bbox 51 1642 916 1695; baseline 0.001 -14"><span class='ocrx_word' id='word_1_277' title='bbox 51 1642 276 1695; x_wconf 83' lang='lat' dir='ltr'>exemplum</span> <span class='ocrx_word' id='word_1_278' title='bbox 306 1643 357 1683; x_wconf 87' lang='lat' dir='ltr'>ad</span> <span class='ocrx_word' id='word_1_279' title='bbox 387 1647 560 1682; x_wconf 89' lang='lat' dir='ltr'>nostrum</span> <span class='ocrx_word' id='word_1_280' title='bbox 591 1643 718 1681; x_wconf 83' lang='lat' dir='ltr'>locum</span> <span class='ocrx_word' id='word_1_281' title='bbox 744 1657 916 1694; x_wconf 90' lang='lat' dir='ltr'>compro-</span> 
     </span>
     <span class='ocr_line' id='line_1_26' title="bbox 49 1697 915 1751; baseline -0.001 -12"><span class='ocrx_word' id='word_1_282' title='bbox 49 1699 219 1739; x_wconf 82' lang='lat' dir='ltr'>bandum</span> <span class='ocrx_word' id='word_1_283' title='bbox 254 1700 347 1738; x_wconf 85' lang='lat' dir='ltr'>nihil</span> <span class='ocrx_word' id='word_1_284' title='bbox 384 1699 488 1738; x_wconf 83' lang='lat' dir='ltr'>facit.</span> <span class='ocrx_word' id='word_1_285' title='bbox 559 1697 727 1751; x_wconf 79' lang='lat' dir='ltr'>Propius</span> <span class='ocrx_word' id='word_1_286' title='bbox 762 1699 915 1738; x_wconf 86' lang='lat' dir='ltr'>accedit</span> 
     </span>
     <span class='ocr_line' id='line_1_27' title="bbox 50 1754 915 1806; baseline 0 -12"><span class='ocrx_word' id='word_1_287' title='bbox 50 1755 213 1795; x_wconf 88' lang='lat' dir='ltr'>alterum</span> <span class='ocrx_word' id='word_1_288' title='bbox 238 1754 429 1794; x_wconf 82' lang='lat' dir='ltr'><strong>XXXVI.</strong></span> <span class='ocrx_word' id='word_1_289' title='bbox 455 1755 477 1793; x_wconf 93' lang='lat' dir='ltr'>l.</span> <span class='ocrx_word' id='word_1_290' title='bbox 493 1769 542 1801; x_wconf 89' lang='lat' dir='ltr'>c.,</span> <span class='ocrx_word' id='word_1_291' title='bbox 575 1755 679 1806; x_wconf 87' lang='lat' dir='ltr'>quod</span> <span class='ocrx_word' id='word_1_292' title='bbox 710 1759 837 1795; x_wconf 85' lang='lat' dir='ltr'>tamen</span> <span class='ocrx_word' id='word_1_293' title='bbox 864 1768 915 1794; x_wconf 84' lang='lat' dir='ltr'>ex</span> 
     </span>
     <span class='ocr_line' id='line_1_28' title="bbox 50 1812 914 1862; baseline 0 -12"><span class='ocrx_word' id='word_1_294' title='bbox 50 1813 270 1851; x_wconf 85' lang='lat' dir='ltr'>coniectura</span> <span class='ocrx_word' id='word_1_295' title='bbox 283 1812 465 1851; x_wconf 83' lang='lat' dir='ltr'>Gronovii</span> <span class='ocrx_word' id='word_1_296' title='bbox 490 1812 542 1850; x_wconf 88' lang='lat' dir='ltr'>ita</span> <span class='ocrx_word' id='word_1_297' title='bbox 563 1813 821 1862; x_wconf 87' lang='lat' dir='ltr'>compositum</span> <span class='ocrx_word' id='word_1_298' title='bbox 841 1816 914 1851; x_wconf 87' lang='lat' dir='ltr'>est.</span> 
     </span>
     <span class='ocr_line' id='line_1_29' title="bbox 49 1867 916 1916; baseline 0.001 -10"><span class='ocrx_word' id='word_1_299' title='bbox 49 1867 177 1916; x_wconf 81' lang='lat' dir='ltr'>Quum</span> <span class='ocrx_word' id='word_1_300' title='bbox 197 1869 298 1906; x_wconf 87' lang='lat' dir='ltr'>enim</span> <span class='ocrx_word' id='word_1_301' title='bbox 316 1867 401 1906; x_wconf 87' lang='lat' dir='ltr'>libri</span> <span class='ocrx_word' id='word_1_302' title='bbox 419 1867 590 1907; x_wconf 82' lang='lat' dir='ltr'>habeant</span> <span class='ocrx_word' id='word_1_303' title='bbox 609 1868 916 1907; x_wconf 79' lang='lat' dir='ltr'>adversantibus</span> 
     </span>
     <span class='ocr_line' id='line_1_30' title="bbox 49 1923 915 1976; baseline 0 -12"><span class='ocrx_word' id='word_1_304' title='bbox 49 1937 172 1976; x_wconf 80' lang='lat' dir='ltr'>asper</span> <span class='ocrx_word' id='word_1_305' title='bbox 199 1925 282 1972; x_wconf 72' lang='lat' dir='ltr'>ira,</span> <span class='ocrx_word' id='word_1_306' title='bbox 312 1923 379 1962; x_wconf 87' lang='lat' dir='ltr'>ille</span> <span class='ocrx_word' id='word_1_307' title='bbox 409 1924 608 1963; x_wconf 86' lang='lat' dir='ltr'>emendat:</span> <span class='ocrx_word' id='word_1_308' title='bbox 638 1925 743 1964; x_wconf 76' lang='lat' dir='ltr'>sieut</span> <span class='ocrx_word' id='word_1_309' title='bbox 770 1925 915 1964; x_wconf 83' lang='lat' dir='ltr'>adver-</span> 
     </span>
     <span class='ocr_line' id='line_1_31' title="bbox 48 1980 912 2032; baseline 0 -12"><span class='ocrx_word' id='word_1_310' title='bbox 48 1981 230 2020; x_wconf 75' lang='lat' dir='ltr'>santibus</span> <span class='ocrx_word' id='word_1_311' title='bbox 265 1981 510 2032; x_wconf 78' lang='lat' dir='ltr'>asperior,</span> <span class='ocrx_word' id='word_1_312' title='bbox 546 1982 605 2020; x_wconf 67' lang='lat' dir='ltr'>ita</span> <span class='ocrx_word' id='word_1_313' title='bbox 634 1980 742 2019; x_wconf 80' lang='lat' dir='ltr'>idem</span> <span class='ocrx_word' id='word_1_314' title='bbox 766 1981 912 2032; x_wconf 77' lang='lat' dir='ltr'>placa-</span> 
     </span>
     <span class='ocr_line' id='line_1_32' title="bbox 51 2035 911 2090; baseline -0.002 -14"><span class='ocrx_word' id='word_1_315' title='bbox 51 2035 156 2076; x_wconf 72' lang='lat' dir='ltr'>bilis.</span> <span class='ocrx_word' id='word_1_316' title='bbox 192 2036 265 2076; x_wconf 85' lang='lat' dir='ltr'>De</span> <span class='ocrx_word' id='word_1_317' title='bbox 277 2036 543 2077; x_wconf 88' lang='lat' dir='ltr'>coniunctione</span> <span class='ocrx_word' id='word_1_318' title='bbox 557 2037 710 2088; x_wconf 79' lang='lat' dir='ltr'>positivi</span> <span class='ocrx_word' id='word_1_319' title='bbox 725 2041 764 2075; x_wconf 90' lang='lat' dir='ltr'>et</span> <span class='ocrx_word' id='word_1_320' title='bbox 777 2050 911 2090; x_wconf 86' lang='lat' dir='ltr'>super-</span> 
     </span>
     <span class='ocr_line' id='line_1_33' title="bbox 50 2091 911 2133; baseline 0.003 -3"><span class='ocrx_word' id='word_1_321' title='bbox 50 2092 156 2131; x_wconf 88' lang='lat' dir='ltr'>lativi</span> <span class='ocrx_word' id='word_1_322' title='bbox 181 2091 231 2131; x_wconf 88' lang='lat' dir='ltr'>cf.</span> <span class='ocrx_word' id='word_1_323' title='bbox 254 2091 392 2133; x_wconf 84' lang='lat' dir='ltr'>Davis.</span> <span class='ocrx_word' id='word_1_324' title='bbox 419 2091 470 2131; x_wconf 87' lang='lat' dir='ltr'>ad</span> <span class='ocrx_word' id='word_1_325' title='bbox 495 2092 571 2132; x_wconf 89' lang='lat' dir='ltr'>Cic.</span> <span class='ocrx_word' id='word_1_326' title='bbox 603 2092 653 2132; x_wconf 90' lang='lat' dir='ltr'>de</span> <span class='ocrx_word' id='word_1_327' title='bbox 677 2091 766 2132; x_wconf 82' lang='lat' dir='ltr'><strong>Nat.</strong></span> <span class='ocrx_word' id='word_1_328' title='bbox 792 2093 911 2133; x_wconf 82' lang='lat' dir='ltr'>Deor.</span> 
     </span>
     <span class='ocr_line' id='line_1_34' title="bbox 48 2147 909 2200; baseline 0 -13"><span class='ocrx_word' id='word_1_329' title='bbox 48 2148 76 2188; x_wconf 93' lang='lat'>1.</span> <span class='ocrx_word' id='word_1_330' title='bbox 101 2147 267 2193; x_wconf 70' lang='lat' dir='ltr'>31.‚!de</span> <span class='ocrx_word' id='word_1_331' title='bbox 298 2147 535 2188; x_wconf 86' lang='lat' dir='ltr'>Graecorum</span> <span class='ocrx_word' id='word_1_332' title='bbox 565 2162 640 2187; x_wconf 86' lang='lat' dir='ltr'>usu</span> <span class='ocrx_word' id='word_1_333' title='bbox 663 2147 909 2200; x_wconf 84' lang='lat' dir='ltr'>Bernhardy.</span> 
     </span>
     <span class='ocr_line' id='line_1_35' title="bbox 50 2204 912 2258; baseline 0 -14"><span class='ocrx_word' id='word_1_334' title='bbox 50 2206 163 2257; x_wconf 78' lang='lat' dir='ltr'><strong>Synt.</strong></span> <span class='ocrx_word' id='word_1_335' title='bbox 190 2204 255 2244; x_wconf 88' lang='lat' dir='ltr'>Gr.</span> <span class='ocrx_word' id='word_1_336' title='bbox 286 2217 324 2256; x_wconf 90' lang='lat' dir='ltr'>p.</span> <span class='ocrx_word' id='word_1_337' title='bbox 355 2208 435 2245; x_wconf 81' lang='lat'>435</span> <span class='ocrx_word' id='word_1_338' title='bbox 461 2218 522 2258; x_wconf 86' lang='lat' dir='ltr'>sq.</span> <span class='ocrx_word' id='word_1_339' title='bbox 571 2204 712 2243; x_wconf 79' lang='lat' dir='ltr'>Contra</span> <span class='ocrx_word' id='word_1_340' title='bbox 744 2206 912 2258; x_wconf 88' lang='lat' dir='ltr'>optimos</span> 
     </span>
     <span class='ocr_line' id='line_1_36' title="bbox 47 2261 914 2312; baseline -0.001 -12"><span class='ocrx_word' id='word_1_341' title='bbox 47 2261 160 2300; x_wconf 83' lang='lat' dir='ltr'>codd.</span> <span class='ocrx_word' id='word_1_342' title='bbox 185 2264 332 2300; x_wconf 89' lang='lat' dir='ltr'>mutare</span> <span class='ocrx_word' id='word_1_343' title='bbox 352 2261 554 2312; x_wconf 86' lang='lat' dir='ltr'>quicquam</span> <span class='ocrx_word' id='word_1_344' title='bbox 573 2275 648 2301; x_wconf 88' lang='lat' dir='ltr'>non</span> <span class='ocrx_word' id='word_1_345' title='bbox 667 2274 789 2301; x_wconf 82' lang='lat' dir='ltr'>ausus</span> <span class='ocrx_word' id='word_1_346' title='bbox 809 2275 914 2308; x_wconf 82' lang='lat' dir='ltr'>sum3</span> 
     </span>
     <span class='ocr_line' id='line_1_37' title="bbox 45 2315 632 2370; baseline -0.003 -12"><span class='ocrx_word' id='word_1_347' title='bbox 45 2321 86 2359; x_wconf 83' lang='lat' dir='ltr'>at</span> <span class='ocrx_word' id='word_1_348' title='bbox 107 2316 381 2356; x_wconf 85' lang='lat' dir='ltr'>memorandus</span> <span class='ocrx_word' id='word_1_349' title='bbox 405 2320 468 2356; x_wconf 87' lang='lat' dir='ltr'>est</span> <span class='ocrx_word' id='word_1_350' title='bbox 493 2315 632 2370; x_wconf 69' lang='lat' dir='ltr'>locus]</span> 
     </span>
    </p>

    <p class='ocr_par' dir='ltr' id='par_1_6' title="bbox 40 2372 915 3210">
     <span class='ocr_line' id='line_1_38' title="bbox 103 2372 915 2426; baseline 0 -14"><span class='ocrx_word' id='word_1_351' title='bbox 103 2373 213 2414; x_wconf 86' lang='lat' dir='ltr'>Nam</span> <span class='ocrx_word' id='word_1_352' title='bbox 227 2378 269 2414; x_wconf 82' lang='lat' dir='ltr'>et</span> <span class='ocrx_word' id='word_1_353' title='bbox 282 2373 395 2426; x_wconf 80' lang='lat' dir='ltr'>quod</span> <span class='ocrx_word' id='word_1_354' title='bbox 402 2373 657 2425; x_wconf 76' lang='lat' dir='ltr'>potissimum</span> <span class='ocrx_word' id='word_1_355' title='bbox 675 2372 915 2413; x_wconf 74' lang='lat' dir='ltr'>abhorreret</span> 
     </span>
     <span class='ocr_line' id='line_1_39' title="bbox 47 2428 912 2470; baseline -0.001 -1"><span class='ocrx_word' id='word_1_356' title='bbox 47 2431 174 2470; x_wconf 77' lang='lat' dir='ltr'>asino.</span> <span class='ocrx_word' id='word_1_357' title='bbox 223 2429 328 2469; x_wconf 86' lang='lat' dir='ltr'>Oud.</span> <span class='ocrx_word' id='word_1_358' title='bbox 353 2428 514 2468; x_wconf 88' lang='lat' dir='ltr'>latinum</span> <span class='ocrx_word' id='word_1_359' title='bbox 537 2442 611 2468; x_wconf 89' lang='lat' dir='ltr'>non</span> <span class='ocrx_word' id='word_1_360' title='bbox 644 2429 792 2468; x_wconf 89' lang='lat' dir='ltr'>videtur</span> <span class='ocrx_word' id='word_1_361' title='bbox 817 2442 912 2468; x_wconf 85' lang='lat' dir='ltr'>esse</span> 
     </span>
     <span class='ocr_line' id='line_1_40' title="bbox 45 2484 912 2537; baseline 0 -13"><span class='ocrx_word' id='word_1_362' title='bbox 45 2486 122 2526; x_wconf 79' lang='lat' dir='ltr'>illa</span> <span class='ocrx_word' id='word_1_363' title='bbox 133 2500 197 2526; x_wconf 74' lang='lat' dir='ltr'>res</span> <span class='ocrx_word' id='word_1_364' title='bbox 209 2485 401 2525; x_wconf 76' lang='lat' dir='ltr'>abhorret</span> <span class='ocrx_word' id='word_1_365' title='bbox 411 2485 510 2525; x_wconf 64' lang='lat' dir='ltr'>milli</span> <span class='ocrx_word' id='word_1_366' title='bbox 517 2485 578 2523; x_wconf 81' lang='lat' dir='ltr'>vel</span> <span class='ocrx_word' id='word_1_367' title='bbox 588 2499 646 2524; x_wconf 88' lang='lat' dir='ltr'>me</span> <span class='ocrx_word' id='word_1_368' title='bbox 659 2499 747 2537; x_wconf 87' lang='lat' dir='ltr'>pro:</span> <span class='ocrx_word' id='word_1_369' title='bbox 760 2484 912 2524; x_wconf 87' lang='lat' dir='ltr'>alienus</span> 
     </span>
     <span class='ocr_line' id='line_1_41' title="bbox 41 2540 910 2594; baseline -0.003 -12"><span class='ocrx_word' id='word_1_370' title='bbox 41 2555 133 2582; x_wconf 78' lang='lat' dir='ltr'>sum</span> <span class='ocrx_word' id='word_1_371' title='bbox 157 2543 206 2580; x_wconf 87' lang='lat' dir='ltr'>ab</span> <span class='ocrx_word' id='word_1_372' title='bbox 232 2542 364 2594; x_wconf 82' lang='lat' dir='ltr'>aliqua</span> <span class='ocrx_word' id='word_1_373' title='bbox 386 2555 447 2586; x_wconf 86' lang='lat' dir='ltr'>re,</span> <span class='ocrx_word' id='word_1_374' title='bbox 473 2540 534 2579; x_wconf 84' lang='lat' dir='ltr'>vel</span> <span class='ocrx_word' id='word_1_375' title='bbox 560 2540 627 2580; x_wconf 85' lang='lat' dir='ltr'>illa</span> <span class='ocrx_word' id='word_1_376' title='bbox 649 2554 714 2581; x_wconf 90' lang='lat' dir='ltr'>res</span> <span class='ocrx_word' id='word_1_377' title='bbox 732 2540 821 2579; x_wconf 86' lang='lat' dir='ltr'>mihi</span> <span class='ocrx_word' id='word_1_378' title='bbox 836 2555 910 2579; x_wconf 93' lang='lat' dir='ltr'>non</span> 
     </span>
     <span class='ocr_line' id='line_1_42' title="bbox 46 2596 911 2648; baseline -0.001 -11"><span class='ocrx_word' id='word_1_379' title='bbox 46 2599 236 2644; x_wconf 86' lang='lat' dir='ltr'>convenit,</span> <span class='ocrx_word' id='word_1_380' title='bbox 262 2611 348 2636; x_wconf 87' lang='lat' dir='ltr'>cum</span> <span class='ocrx_word' id='word_1_381' title='bbox 362 2596 551 2648; x_wconf 82' lang='lat' dir='ltr'>significet</span> <span class='ocrx_word' id='word_1_382' title='bbox 561 2610 610 2635; x_wconf 87' lang='lat' dir='ltr'>ea</span> <span class='ocrx_word' id='word_1_383' title='bbox 626 2598 911 2637; x_wconf 86' lang='lat' dir='ltr'>constructione</span> 
     </span>
     <span class='ocr_line' id='line_1_43' title="bbox 44 2652 912 2708; baseline -0.002 -14"><span class='ocrx_word' id='word_1_384' title='bbox 44 2655 203 2708; x_wconf 68' lang='lat' dir='ltr'>diffwt,</span> <span class='ocrx_word' id='word_1_385' title='bbox 239 2654 313 2692; x_wconf 88' lang='lat' dir='ltr'>sed</span> <span class='ocrx_word' id='word_1_386' title='bbox 349 2653 480 2707; x_wconf 88' lang='lat' dir='ltr'>potius</span> <span class='ocrx_word' id='word_1_387' title='bbox 516 2657 688 2693; x_wconf 76' lang='lat' dir='ltr'>autumat</span> <span class='ocrx_word' id='word_1_388' title='bbox 716 2652 912 2692; x_wconf 88' lang='lat' dir='ltr'>hominem</span> 
     </span>
     <span class='ocr_line' id='line_1_44' title="bbox 44 2710 910 2756; baseline -0.001 -7"><span class='ocrx_word' id='word_1_389' title='bbox 44 2710 253 2752; x_wconf 82' lang='lat' dir='ltr'>abhorrere</span> <span class='ocrx_word' id='word_1_390' title='bbox 278 2724 353 2750; x_wconf 91' lang='lat' dir='ltr'>non</span> <span class='ocrx_word' id='word_1_391' title='bbox 377 2713 525 2750; x_wconf 84' lang='lat' dir='ltr'>tantum</span> <span class='ocrx_word' id='word_1_392' title='bbox 548 2723 593 2749; x_wconf 84' lang='lat' dir='ltr'>re</span> <span class='ocrx_word' id='word_1_393' title='bbox 612 2713 755 2756; x_wconf 85' lang='lat' dir='ltr'>etare,</span> <span class='ocrx_word' id='word_1_394' title='bbox 779 2722 910 2748; x_wconf 85' lang='lat' dir='ltr'>verum</span> 
     </span>
     <span class='ocr_line' id='line_1_45' title="bbox 41 2765 910 2818; baseline 0.002 -14"><span class='ocrx_word' id='word_1_395' title='bbox 41 2766 160 2804; x_wconf 84' lang='lat' dir='ltr'>etiam</span> <span class='ocrx_word' id='word_1_396' title='bbox 194 2781 294 2813; x_wconf 71' lang='lat' dir='ltr'>rem,</span> <span class='ocrx_word' id='word_1_397' title='bbox 328 2779 442 2818; x_wconf 88' lang='lat' dir='ltr'>quam</span> <span class='ocrx_word' id='word_1_398' title='bbox 474 2766 584 2812; x_wconf 86' lang='lat' dir='ltr'>vitet,</span> <span class='ocrx_word' id='word_1_399' title='bbox 614 2765 719 2817; x_wconf 85' lang='lat' dir='ltr'>apud</span> <span class='ocrx_word' id='word_1_400' title='bbox 743 2765 910 2816; x_wconf 75' lang='lat' dir='ltr'>optimos</span> 
     </span>
     <span class='ocr_line' id='line_1_46' title="bbox 40 2820 910 2877; baseline 0.001 -17"><span class='ocrx_word' id='word_1_401' title='bbox 40 2835 222 2874; x_wconf 78' lang='lat' dir='ltr'>quosque</span> <span class='ocrx_word' id='word_1_402' title='bbox 237 2823 451 2877; x_wconf 76' lang='lat' dir='ltr'>scriptores</span> <span class='ocrx_word' id='word_1_403' title='bbox 463 2822 535 2862; x_wconf 89' lang='lat' dir='ltr'>dici</span> <span class='ocrx_word' id='word_1_404' title='bbox 551 2820 786 2872; x_wconf 69' lang='lat' dir='ltr'>coliwopk.</span> <span class='ocrx_word' id='word_1_405' title='bbox 795 2821 910 2861; x_wconf 88' lang='lat' dir='ltr'>Misc.</span> 
     </span>
     <span class='ocr_line' id='line_1_47' title="bbox 44 2875 909 2930; baseline 0.002 -15"><span class='ocrx_word' id='word_1_406' title='bbox 44 2877 145 2917; x_wconf 84' lang='lat' dir='ltr'><strong>Nov.</strong></span> <span class='ocrx_word' id='word_1_407' title='bbox 170 2878 339 2918; x_wconf 90' lang='lat' dir='ltr'>Observ.</span> <span class='ocrx_word' id='word_1_408' title='bbox 365 2876 470 2918; x_wconf 87' lang='lat' dir='ltr'><strong>T.11.</strong></span> <span class='ocrx_word' id='word_1_409' title='bbox 497 2892 534 2930; x_wconf 89' lang='lat' dir='ltr'>p.</span> <span class='ocrx_word' id='word_1_410' title='bbox 549 2882 613 2919; x_wconf 85' lang='lat'>31.</span> <span class='ocrx_word' id='word_1_411' title='bbox 627 2878 678 2917; x_wconf 87' lang='lat' dir='ltr'>ad</span> <span class='ocrx_word' id='word_1_412' title='bbox 692 2878 793 2916; x_wconf 88' lang='lat' dir='ltr'>Dict.</span> <span class='ocrx_word' id='word_1_413' title='bbox 809 2875 909 2917; x_wconf 86' lang='lat' dir='ltr'>Cret.</span> 
     </span>
     <span class='ocr_line' id='line_1_48' title="bbox 44 2932 908 2981; baseline 0 -9"><span class='ocrx_word' id='word_1_414' title='bbox 44 2934 95 2972; x_wconf 88' lang='lat' dir='ltr'>de</span> <span class='ocrx_word' id='word_1_415' title='bbox 124 2933 172 2973; x_wconf 89' lang='lat' dir='ltr'>B.</span> <span class='ocrx_word' id='word_1_416' title='bbox 198 2933 349 2974; x_wconf 86' lang='lat' dir='ltr'>Troian.</span> <span class='ocrx_word' id='word_1_417' title='bbox 380 2932 417 2972; x_wconf 86' lang='lat' dir='ltr'>II</span> <span class='ocrx_word' id='word_1_418' title='bbox 453 2939 536 2981; x_wconf 67' lang='lat'>25„</span> <span class='ocrx_word' id='word_1_419' title='bbox 566 2933 631 2972; x_wconf 88' lang='lat' dir='ltr'>ubi</span> <span class='ocrx_word' id='word_1_420' title='bbox 660 2933 735 2973; x_wconf 91' lang='lat' dir='ltr'>vid.</span> <span class='ocrx_word' id='word_1_421' title='bbox 760 2932 908 2972; x_wconf 88' lang='lat' dir='ltr'>Deder.</span> 
     </span>
     <span class='ocr_line' id='line_1_49' title="bbox 41 2989 910 3047; baseline 0 -19"><span class='ocrx_word' id='word_1_422' title='bbox 41 3003 82 3047; x_wconf 84' lang='lat' dir='ltr'>p.</span> <span class='ocrx_word' id='word_1_423' title='bbox 114 2994 180 3031; x_wconf 80' lang='lat'>80.</span> <span class='ocrx_word' id='word_1_424' title='bbox 211 2989 273 3029; x_wconf 82' lang='lat' dir='ltr'>Ex</span> <span class='ocrx_word' id='word_1_425' title='bbox 301 2992 491 3042; x_wconf 84' lang='lat' dir='ltr'>scriptura</span> <span class='ocrx_word' id='word_1_426' title='bbox 520 2991 634 3042; x_wconf 81' lang='lat' dir='ltr'>igitur</span> <span class='ocrx_word' id='word_1_427' title='bbox 663 2991 799 3029; x_wconf 77' lang='lat' dir='ltr'>asinos</span> <span class='ocrx_word' id='word_1_428' title='bbox 822 3003 910 3029; x_wconf 81' lang='lat' dir='ltr'>eam</span> 
     </span>
     <span class='ocr_line' id='line_1_50' title="bbox 45 3045 909 3100; baseline -0.001 -16"><span class='ocrx_word' id='word_1_429' title='bbox 45 3045 250 3085; x_wconf 87' lang='lat' dir='ltr'>lectionem</span> <span class='ocrx_word' id='word_1_430' title='bbox 264 3050 391 3086; x_wconf 83' lang='lat' dir='ltr'>natam</span> <span class='ocrx_word' id='word_1_431' title='bbox 405 3060 510 3086; x_wconf 87' lang='lat' dir='ltr'>esse.</span> <span class='ocrx_word' id='word_1_432' title='bbox 559 3046 690 3100; x_wconf 84' lang='lat' dir='ltr'>[Haec</span> <span class='ocrx_word' id='word_1_433' title='bbox 702 3045 909 3099; x_wconf 81' lang='lat' dir='ltr'>explicatio</span> 
     </span>
     <span class='ocr_line' id='line_1_51' title="bbox 43 3101 910 3154; baseline 0 -15"><span class='ocrx_word' id='word_1_434' title='bbox 43 3101 137 3140; x_wconf 87' lang='lat' dir='ltr'>mihi</span> <span class='ocrx_word' id='word_1_435' title='bbox 172 3103 395 3154; x_wconf 86' lang='lat' dir='ltr'>neutiquam</span> <span class='ocrx_word' id='word_1_436' title='bbox 432 3104 631 3154; x_wconf 64' lang='lat' dir='ltr'>probatum</span> <span class='ocrx_word' id='word_1_437' title='bbox 673 3104 725 3140; x_wconf 88' lang='lat' dir='ltr'>ita</span> <span class='ocrx_word' id='word_1_438' title='bbox 761 3102 910 3141; x_wconf 82' lang='lat' dir='ltr'>dixisse</span> 
     </span>
     <span class='ocr_line' id='line_1_52' title="bbox 45 3157 910 3210; baseline -0.002 -14"><span class='ocrx_word' id='word_1_439' title='bbox 45 3157 256 3208; x_wconf 81' lang='lat' dir='ltr'>Apuleium</span> <span class='ocrx_word' id='word_1_440' title='bbox 292 3158 382 3196; x_wconf 87' lang='lat' dir='ltr'>mihi</span> <span class='ocrx_word' id='word_1_441' title='bbox 420 3173 650 3210; x_wconf 77' lang='lat' dir='ltr'>persuasum</span> <span class='ocrx_word' id='word_1_442' title='bbox 695 3163 773 3203; x_wconf 68' lang='lat' dir='ltr'>est,</span> <span class='ocrx_word' id='word_1_443' title='bbox 821 3159 910 3196; x_wconf 79' lang='lat' dir='ltr'>licet</span> 
     </span>
    </p>
   </div>
   <div class='ocr_carea' id='block_1_6' title="bbox 967 1139 1848 2539">
    <p class='ocr_par' dir='ltr' id='par_1_7' title="bbox 967 1139 1848 2426">
     <span class='ocr_line' id='line_1_53' title="bbox 981 1139 1847 1193; baseline 0.001 -15"><span class='ocrx_word' id='word_1_444' title='bbox 981 1139 1204 1192; x_wconf 86' lang='lat' dir='ltr'>exemplum</span> <span class='ocrx_word' id='word_1_445' title='bbox 1229 1141 1264 1178; x_wconf 93' lang='lat' dir='ltr'>in</span> <span class='ocrx_word' id='word_1_446' title='bbox 1289 1143 1440 1191; x_wconf 90' lang='lat' dir='ltr'>promtu</span> <span class='ocrx_word' id='word_1_447' title='bbox 1469 1154 1544 1179; x_wconf 88' lang='lat' dir='ltr'>non</span> <span class='ocrx_word' id='word_1_448' title='bbox 1579 1140 1649 1187; x_wconf 84' lang='lat' dir='ltr'>sit,</span> <span class='ocrx_word' id='word_1_449' title='bbox 1685 1153 1734 1179; x_wconf 89' lang='lat' dir='ltr'>ex</span> <span class='ocrx_word' id='word_1_450' title='bbox 1771 1156 1847 1193; x_wconf 85' lang='lat' dir='ltr'>quo</span> 
     </span>
     <span class='ocr_line' id='line_1_54' title="bbox 980 1195 1847 1249; baseline 0.002 -14"><span class='ocrx_word' id='word_1_451' title='bbox 980 1195 1081 1235; x_wconf 87' lang='lat' dir='ltr'>hanc</span> <span class='ocrx_word' id='word_1_452' title='bbox 1105 1197 1431 1236; x_wconf 83' lang='lat' dir='ltr'>constructionem</span> <span class='ocrx_word' id='word_1_453' title='bbox 1450 1196 1665 1235; x_wconf 85' lang='lat' dir='ltr'>defendere</span> <span class='ocrx_word' id='word_1_454' title='bbox 1682 1198 1847 1249; x_wconf 87' lang='lat' dir='ltr'>possim.</span> 
     </span>
     <span class='ocr_line' id='line_1_55' title="bbox 980 1252 1848 1305; baseline 0.002 -15"><span class='ocrx_word' id='word_1_455' title='bbox 980 1265 1052 1290; x_wconf 89' lang='lat' dir='ltr'>nec</span> <span class='ocrx_word' id='word_1_456' title='bbox 1065 1252 1245 1304; x_wconf 82' lang='lat' dir='ltr'>analogia</span> <span class='ocrx_word' id='word_1_457' title='bbox 1259 1265 1306 1291; x_wconf 86' lang='lat' dir='ltr'>ea</span> <span class='ocrx_word' id='word_1_458' title='bbox 1319 1252 1563 1293; x_wconf 85' lang='lat' dir='ltr'>defendatur.</span> <span class='ocrx_word' id='word_1_459' title='bbox 1590 1254 1715 1299; x_wconf 67' lang='lat' dir='ltr'>Quid,</span> <span class='ocrx_word' id='word_1_460' title='bbox 1742 1254 1848 1305; x_wconf 89' lang='lat' dir='ltr'>quod</span> 
     </span>
     <span class='ocr_line' id='line_1_56' title="bbox 980 1307 1846 1361; baseline 0.003 -16"><span class='ocrx_word' id='word_1_461' title='bbox 980 1307 1131 1360; x_wconf 87' lang='lat' dir='ltr'>plurimi</span> <span class='ocrx_word' id='word_1_462' title='bbox 1168 1308 1279 1346; x_wconf 88' lang='lat' dir='ltr'>codd.</span> <span class='ocrx_word' id='word_1_463' title='bbox 1316 1309 1504 1360; x_wconf 84' lang='lat' dir='ltr'>praebent</span> <span class='ocrx_word' id='word_1_464' title='bbox 1537 1309 1602 1347; x_wconf 78' lang='lat' dir='ltr'>vix</span> <span class='ocrx_word' id='word_1_465' title='bbox 1637 1314 1730 1361; x_wconf 90' lang='lat' dir='ltr'>puto</span> <span class='ocrx_word' id='word_1_466' title='bbox 1768 1310 1803 1349; x_wconf 78' lang='lat' dir='ltr'>h.</span> <span class='ocrx_word' id='word_1_467' title='bbox 1821 1310 1846 1348; x_wconf 88' lang='lat' dir='ltr'>I.</span> 
     </span>
     <span class='ocr_line' id='line_1_57' title="bbox 980 1365 1844 1418; baseline 0.002 -16"><span class='ocrx_word' id='word_1_468' title='bbox 980 1365 1126 1402; x_wconf 86' lang='lat' dir='ltr'>servari</span> <span class='ocrx_word' id='word_1_469' title='bbox 1151 1377 1292 1415; x_wconf 86' lang='lat' dir='ltr'>posse,</span> <span class='ocrx_word' id='word_1_470' title='bbox 1319 1378 1435 1415; x_wconf 90' lang='lat' dir='ltr'>quum</span> <span class='ocrx_word' id='word_1_471' title='bbox 1459 1369 1645 1416; x_wconf 85' lang='lat' dir='ltr'>sequatur</span> <span class='ocrx_word' id='word_1_472' title='bbox 1669 1366 1706 1404; x_wconf 90' lang='lat' dir='ltr'>in</span> <span class='ocrx_word' id='word_1_473' title='bbox 1731 1379 1844 1418; x_wconf 87' lang='lat' dir='ltr'>seqq.</span> 
     </span>
     <span class='ocr_line' id='line_1_58' title="bbox 977 1419 1846 1472; baseline 0.005 -15"><span class='ocrx_word' id='word_1_474' title='bbox 977 1419 1320 1458; x_wconf 81' lang='lat' dir='ltr'>demonstrativum</span> <span class='ocrx_word' id='word_1_475' title='bbox 1338 1421 1463 1472; x_wconf 82' lang='lat' dir='ltr'>quod.</span> <span class='ocrx_word' id='word_1_476' title='bbox 1499 1421 1600 1460; x_wconf 90' lang='lat' dir='ltr'>Hinc</span> <span class='ocrx_word' id='word_1_477' title='bbox 1611 1423 1736 1460; x_wconf 86' lang='lat' dir='ltr'>satius</span> <span class='ocrx_word' id='word_1_478' title='bbox 1751 1435 1846 1461; x_wconf 86' lang='lat' dir='ltr'>esse</span> 
     </span>
     <span class='ocr_line' id='line_1_59' title="bbox 976 1475 1845 1527; baseline 0.002 -13"><span class='ocrx_word' id='word_1_479' title='bbox 976 1475 1085 1521; x_wconf 80' lang='lat' dir='ltr'>duxi,</span> <span class='ocrx_word' id='word_1_480' title='bbox 1112 1476 1225 1527; x_wconf 75' lang='lat' dir='ltr'>quod</span> <span class='ocrx_word' id='word_1_481' title='bbox 1245 1476 1451 1514; x_wconf 87' lang='lat' dir='ltr'>lectionem</span> <span class='ocrx_word' id='word_1_482' title='bbox 1466 1477 1549 1515; x_wconf 92' lang='lat' dir='ltr'>cod.</span> <span class='ocrx_word' id='word_1_483' title='bbox 1563 1477 1668 1516; x_wconf 87' lang='lat' dir='ltr'>Bert.</span> <span class='ocrx_word' id='word_1_484' title='bbox 1685 1479 1721 1515; x_wconf 91' lang='lat' dir='ltr'>in</span> <span class='ocrx_word' id='word_1_485' title='bbox 1736 1482 1845 1517; x_wconf 85' lang='lat' dir='ltr'>textu</span> 
     </span>
     <span class='ocr_line' id='line_1_60' title="bbox 975 1533 1844 1586; baseline 0.001 -16"><span class='ocrx_word' id='word_1_486' title='bbox 975 1544 1182 1584; x_wconf 86' lang='lat' dir='ltr'>reponere,</span> <span class='ocrx_word' id='word_1_487' title='bbox 1216 1544 1332 1582; x_wconf 86' lang='lat' dir='ltr'>quum</span> <span class='ocrx_word' id='word_1_488' title='bbox 1363 1533 1489 1571; x_wconf 87' lang='lat' dir='ltr'>altera</span> <span class='ocrx_word' id='word_1_489' title='bbox 1519 1535 1709 1585; x_wconf 85' lang='lat' dir='ltr'>scriptura</span> <span class='ocrx_word' id='word_1_490' title='bbox 1735 1535 1844 1586; x_wconf 68' lang='lat' dir='ltr'>quie-</span> 
     </span>
     <span class='ocr_line' id='line_1_61' title="bbox 977 1587 1843 1640; baseline 0.001 -13"><span class='ocrx_word' id='word_1_491' title='bbox 977 1588 1080 1640; x_wconf 75' lang='lat' dir='ltr'>quid</span> <span class='ocrx_word' id='word_1_492' title='bbox 1094 1587 1186 1626; x_wconf 89' lang='lat' dir='ltr'>nihil</span> <span class='ocrx_word' id='word_1_493' title='bbox 1201 1588 1273 1627; x_wconf 91' lang='lat' dir='ltr'>nisi</span> <span class='ocrx_word' id='word_1_494' title='bbox 1287 1589 1534 1639; x_wconf 86' lang='lat' dir='ltr'>interpretum</span> <span class='ocrx_word' id='word_1_495' title='bbox 1547 1590 1599 1628; x_wconf 87' lang='lat' dir='ltr'>sit</span> <span class='ocrx_word' id='word_1_496' title='bbox 1612 1590 1843 1629; x_wconf 76' lang='lat' dir='ltr'>emendatio,</span> 
     </span>
     <span class='ocr_line' id='line_1_62' title="bbox 973 1638 1842 1697; baseline 0.002 -14"><span class='ocrx_word' id='word_1_497' title='bbox 973 1644 1077 1683; x_wconf 86' lang='lat' dir='ltr'>Nam</span> <span class='ocrx_word' id='word_1_498' title='bbox 1102 1657 1203 1695; x_wconf 85' lang='lat' dir='ltr'>quae</span> <span class='ocrx_word' id='word_1_499' title='bbox 1227 1638 1391 1684; x_wconf 81' lang='lat' dir='ltr'>afferunt</span> <span class='ocrx_word' id='word_1_500' title='bbox 1414 1643 1543 1684; x_wconf 82' lang='lat' dir='ltr'>Plauti</span> <span class='ocrx_word' id='word_1_501' title='bbox 1575 1645 1775 1697; x_wconf 85' lang='lat' dir='ltr'>exempla:</span> <span class='ocrx_word' id='word_1_502' title='bbox 1806 1647 1842 1685; x_wconf 90' lang='lat' dir='ltr'>in</span> 
     </span>
     <span class='ocr_line' id='line_1_63' title="bbox 973 1700 1845 1753; baseline 0.002 -15"><span class='ocrx_word' id='word_1_503' title='bbox 973 1700 1131 1750; x_wconf 83' lang='lat' dir='ltr'>quibus,</span> <span class='ocrx_word' id='word_1_504' title='bbox 1170 1701 1272 1753; x_wconf 77' lang='lat' dir='ltr'>quid</span> <span class='ocrx_word' id='word_1_505' title='bbox 1313 1714 1384 1751; x_wconf 89' lang='lat' dir='ltr'>pro</span> <span class='ocrx_word' id='word_1_506' title='bbox 1428 1702 1541 1753; x_wconf 80' lang='lat' dir='ltr'>quod</span> <span class='ocrx_word' id='word_1_507' title='bbox 1583 1703 1751 1752; x_wconf 89' lang='lat' dir='ltr'>positum</span> <span class='ocrx_word' id='word_1_508' title='bbox 1792 1704 1845 1740; x_wconf 88' lang='lat' dir='ltr'>sit</span> 
     </span>
     <span class='ocr_line' id='line_1_64' title="bbox 974 1755 1843 1808; baseline 0.003 -14"><span class='ocrx_word' id='word_1_509' title='bbox 974 1755 1149 1808; x_wconf 78' lang='lat' dir='ltr'><strong>Capt.V.</strong></span> <span class='ocrx_word' id='word_1_510' title='bbox 1175 1760 1212 1796; x_wconf 85' lang='lat'>3.</span> <span class='ocrx_word' id='word_1_511' title='bbox 1239 1761 1276 1797; x_wconf 86' lang='lat'>6.</span> <span class='ocrx_word' id='word_1_512' title='bbox 1303 1756 1512 1796; x_wconf 87' lang='lat' dir='ltr'>Menaech.</span> <span class='ocrx_word' id='word_1_513' title='bbox 1538 1756 1601 1795; x_wconf 85' lang='lat'><strong>111.</strong></span> <span class='ocrx_word' id='word_1_514' title='bbox 1629 1763 1665 1798; x_wconf 86' lang='lat'>2.</span> <span class='ocrx_word' id='word_1_515' title='bbox 1692 1761 1756 1798; x_wconf 81' lang='lat'>33.</span> <span class='ocrx_word' id='word_1_516' title='bbox 1792 1758 1843 1797; x_wconf 81' lang='lat' dir='ltr'>V.</span> 
     </span>
     <span class='ocr_line' id='line_1_65' title="bbox 973 1811 1841 1854; baseline 0 -2"><span class='ocrx_word' id='word_1_517' title='bbox 973 1815 1012 1852; x_wconf 94' lang='lat'>9.</span> <span class='ocrx_word' id='word_1_518' title='bbox 1038 1817 1102 1853; x_wconf 87' lang='grc'>71.</span> <span class='ocrx_word' id='word_1_519' title='bbox 1128 1811 1230 1851; x_wconf 86' lang='lat' dir='ltr'>Trin.</span> <span class='ocrx_word' id='word_1_520' title='bbox 1256 1811 1324 1852; x_wconf 83' lang='lat' dir='ltr'>IV.</span> <span class='ocrx_word' id='word_1_521' title='bbox 1350 1817 1385 1853; x_wconf 85' lang='lat'>2.</span> <span class='ocrx_word' id='word_1_522' title='bbox 1413 1816 1478 1853; x_wconf 85' lang='lat'>94.</span> <span class='ocrx_word' id='word_1_523' title='bbox 1504 1812 1615 1852; x_wconf 86' lang='lat' dir='ltr'>Pers.</span> <span class='ocrx_word' id='word_1_524' title='bbox 1635 1813 1703 1853; x_wconf 91' lang='lat' dir='ltr'>IV.</span> <span class='ocrx_word' id='word_1_525' title='bbox 1725 1819 1761 1854; x_wconf 88' lang='grc'><strong>4.</strong></span> <span class='ocrx_word' id='word_1_526' title='bbox 1778 1818 1841 1854; x_wconf 93' lang='grc'>71.</span> 
     </span>
     <span class='ocr_line' id='line_1_66' title="bbox 973 1869 1843 1921; baseline 0.001 -14"><span class='ocrx_word' id='word_1_527' title='bbox 973 1869 1100 1907; x_wconf 85' lang='lat' dir='ltr'>omnia</span> <span class='ocrx_word' id='word_1_528' title='bbox 1124 1869 1174 1907; x_wconf 84' lang='lat' dir='ltr'>ad</span> <span class='ocrx_word' id='word_1_529' title='bbox 1205 1869 1541 1920; x_wconf 76' lang='lat' dir='ltr'>interrogationem</span> <span class='ocrx_word' id='word_1_530' title='bbox 1573 1882 1688 1921; x_wconf 87' lang='lat' dir='ltr'>quam</span> <span class='ocrx_word' id='word_1_531' title='bbox 1713 1871 1843 1908; x_wconf 88' lang='lat' dir='ltr'>dicunt</span> 
     </span>
     <span class='ocr_line' id='line_1_67' title="bbox 972 1924 1840 1977; baseline 0.002 -15"><span class='ocrx_word' id='word_1_532' title='bbox 972 1924 1159 1963; x_wconf 88' lang='lat' dir='ltr'>directam</span> <span class='ocrx_word' id='word_1_533' title='bbox 1192 1925 1398 1975; x_wconf 83' lang='lat' dir='ltr'>pertinent,</span> <span class='ocrx_word' id='word_1_534' title='bbox 1425 1926 1531 1964; x_wconf 88' lang='lat' dir='ltr'>null-0</span> <span class='ocrx_word' id='word_1_535' title='bbox 1556 1930 1749 1977; x_wconf 85' lang='lat' dir='ltr'>sequente</span> <span class='ocrx_word' id='word_1_536' title='bbox 1774 1927 1840 1964; x_wconf 86' lang='lat' dir='ltr'>‹le-</span> 
     </span>
     <span class='ocr_line' id='line_1_68' title="bbox 968 1980 1841 2036; baseline 0.003 -17"><span class='ocrx_word' id='word_1_537' title='bbox 968 1981 1223 2020; x_wconf 88' lang='lat' dir='ltr'>monstrativo</span> <span class='ocrx_word' id='word_1_538' title='bbox 1249 1982 1488 2032; x_wconf 87' lang='lat' dir='ltr'>pronomine.</span> <span class='ocrx_word' id='word_1_539' title='bbox 1538 1980 1705 2028; x_wconf 84' lang='lat' dir='ltr'>Quoties</span> <span class='ocrx_word' id='word_1_540' title='bbox 1738 1983 1841 2036; x_wconf 74' lang='lat' dir='ltr'>qaid</span> 
     </span>
     <span class='ocr_line' id='line_1_69' title="bbox 967 2037 1841 2090; baseline 0.001 -15"><span class='ocrx_word' id='word_1_541' title='bbox 967 2041 1009 2075; x_wconf 87' lang='lat' dir='ltr'>et</span> <span class='ocrx_word' id='word_1_542' title='bbox 1040 2037 1153 2090; x_wconf 77' lang='lat' dir='ltr'>quod</span> <span class='ocrx_word' id='word_1_543' title='bbox 1177 2040 1335 2089; x_wconf 88' lang='lat' dir='ltr'>propter</span> <span class='ocrx_word' id='word_1_544' title='bbox 1365 2038 1678 2089; x_wconf 87' lang='lat' dir='ltr'>compendiorum</span> <span class='ocrx_word' id='word_1_545' title='bbox 1709 2039 1841 2077; x_wconf 87' lang='lat' dir='ltr'>simili-</span> 
     </span>
     <span class='ocr_line' id='line_1_70' title="bbox 968 2093 1838 2141; baseline 0.001 -9"><span class='ocrx_word' id='word_1_546' title='bbox 968 2094 1139 2133; x_wconf 81' lang='lat' dir='ltr'>tudinem</span> <span class='ocrx_word' id='word_1_547' title='bbox 1154 2094 1190 2131; x_wconf 89' lang='lat' dir='ltr'>in</span> <span class='ocrx_word' id='word_1_548' title='bbox 1203 2093 1317 2132; x_wconf 86' lang='lat' dir='ltr'>codd.</span> <span class='ocrx_word' id='word_1_549' title='bbox 1333 2094 1601 2141; x_wconf 84' lang='lat' dir='ltr'>confundatur,</span> <span class='ocrx_word' id='word_1_550' title='bbox 1618 2098 1749 2133; x_wconf 91' lang='lat' dir='ltr'>notum</span> <span class='ocrx_word' id='word_1_551' title='bbox 1764 2099 1838 2141; x_wconf 81' lang='lat' dir='ltr'>est,</span> 
     </span>
     <span class='ocr_line' id='line_1_71' title="bbox 969 2147 1840 2202; baseline 0.002 -15"><span class='ocrx_word' id='word_1_552' title='bbox 969 2149 1017 2188; x_wconf 88' lang='lat' dir='ltr'>cs.</span> <span class='ocrx_word' id='word_1_553' title='bbox 1037 2149 1105 2188; x_wconf 91' lang='lat' dir='ltr'>Dr.</span> <span class='ocrx_word' id='word_1_554' title='bbox 1126 2149 1175 2188; x_wconf 83' lang='lat' dir='ltr'>ad</span> <span class='ocrx_word' id='word_1_555' title='bbox 1194 2148 1279 2188; x_wconf 86' lang='lat' dir='ltr'>Liv.</span> <span class='ocrx_word' id='word_1_556' title='bbox 1298 2147 1527 2189; x_wconf 87' lang='lat' dir='ltr'><strong>XXXVIII.</strong></span> <span class='ocrx_word' id='word_1_557' title='bbox 1552 2154 1614 2191; x_wconf 85' lang='lat'>10.</span> <span class='ocrx_word' id='word_1_558' title='bbox 1641 2148 1678 2202; x_wconf 63' lang='grc' dir='ltr'>ξ.</span> <span class='ocrx_word' id='word_1_559' title='bbox 1693 2156 1729 2191; x_wconf 87' lang='grc'>1.</span> <span class='ocrx_word' id='word_1_560' title='bbox 1753 2150 1840 2190; x_wconf 85' lang='lat' dir='ltr'>Nec</span> 
     </span>
     <span class='ocr_line' id='line_1_72' title="bbox 971 2205 1839 2260; baseline 0.003 -16"><span class='ocrx_word' id='word_1_561' title='bbox 971 2206 1091 2244; x_wconf 88' lang='lat' dir='ltr'>rarior</span> <span class='ocrx_word' id='word_1_562' title='bbox 1120 2209 1183 2243; x_wconf 88' lang='lat' dir='ltr'>est</span> <span class='ocrx_word' id='word_1_563' title='bbox 1212 2205 1481 2256; x_wconf 86' lang='lat' dir='ltr'>pronominum</span> <span class='ocrx_word' id='word_1_564' title='bbox 1519 2207 1622 2260; x_wconf 79' lang='lat' dir='ltr'>quid</span> <span class='ocrx_word' id='word_1_565' title='bbox 1657 2211 1697 2245; x_wconf 87' lang='lat' dir='ltr'>et</span> <span class='ocrx_word' id='word_1_566' title='bbox 1730 2209 1839 2260; x_wconf 80' lang='lat' dir='ltr'>quie-</span> 
     </span>
     <span class='ocr_line' id='line_1_73' title="bbox 975 2262 1840 2314; baseline 0.002 -14"><span class='ocrx_word' id='word_1_567' title='bbox 975 2262 1094 2313; x_wconf 78' lang='lat' dir='ltr'>qm&#39;d,</span> <span class='ocrx_word' id='word_1_568' title='bbox 1139 2275 1244 2314; x_wconf 78' lang='lat' dir='ltr'>quae</span> <span class='ocrx_word' id='word_1_569' title='bbox 1284 2265 1324 2300; x_wconf 89' lang='lat' dir='ltr'>et</span> <span class='ocrx_word' id='word_1_570' title='bbox 1360 2275 1572 2314; x_wconf 73' lang='lat' dir='ltr'>quccequae</span> <span class='ocrx_word' id='word_1_571' title='bbox 1606 2263 1704 2301; x_wconf 86' lang='lat' dir='ltr'>inter</span> <span class='ocrx_word' id='word_1_572' title='bbox 1743 2277 1840 2302; x_wconf 88' lang='lat' dir='ltr'>sese</span> 
     </span>
     <span class='ocr_line' id='line_1_74' title="bbox 971 2317 1838 2370; baseline 0.005 -14"><span class='ocrx_word' id='word_1_573' title='bbox 971 2318 1238 2365; x_wconf 77' lang='lat' dir='ltr'>commutati03</span> <span class='ocrx_word' id='word_1_574' title='bbox 1263 2317 1312 2356; x_wconf 81' lang='lat' dir='ltr'>cf.</span> <span class='ocrx_word' id='word_1_575' title='bbox 1332 2317 1400 2357; x_wconf 90' lang='lat' dir='ltr'>Dr.</span> <span class='ocrx_word' id='word_1_576' title='bbox 1420 2318 1471 2357; x_wconf 87' lang='lat' dir='ltr'>ad</span> <span class='ocrx_word' id='word_1_577' title='bbox 1485 2317 1570 2357; x_wconf 87' lang='lat' dir='ltr'>Liv.</span> <span class='ocrx_word' id='word_1_578' title='bbox 1585 2317 1646 2357; x_wconf 92' lang='lat' dir='ltr'><strong>III.</strong></span> <span class='ocrx_word' id='word_1_579' title='bbox 1661 2323 1729 2360; x_wconf 85' lang='lat'>47.</span> <span class='ocrx_word' id='word_1_580' title='bbox 1753 2319 1785 2370; x_wconf 63' lang='grc' dir='ltr'>ξ.</span> <span class='ocrx_word' id='word_1_581' title='bbox 1800 2324 1838 2360; x_wconf 85' lang='grc'>2.</span> 
     </span>
     <span class='ocr_line' id='line_1_75' title="bbox 970 2372 1260 2426; baseline 0.003 -16"><span class='ocrx_word' id='word_1_582' title='bbox 970 2372 1056 2413; x_wconf 84' lang='lat' dir='ltr'><strong>VII.</strong></span> <span class='ocrx_word' id='word_1_583' title='bbox 1081 2377 1118 2415; x_wconf 89' lang='lat'>5.</span> <span class='ocrx_word' id='word_1_584' title='bbox 1143 2372 1175 2423; x_wconf 57' lang='grc' dir='ltr'>ᾗ.</span> <span class='ocrx_word' id='word_1_585' title='bbox 1203 2373 1260 2426; x_wconf 91' lang='grc'>1.]</span> 
     </span>
    </p>

    <p class='ocr_par' dir='ltr' id='par_1_8' title="bbox 970 2429 1834 2539">
     <span class='ocr_line' id='line_1_76' title="bbox 1026 2429 1834 2482; baseline 0.002 -13"><span class='ocrx_word' id='word_1_586' title='bbox 1026 2429 1084 2469; x_wconf 80' lang='lat' dir='ltr'>ad</span> <span class='ocrx_word' id='word_1_587' title='bbox 1129 2430 1434 2482; x_wconf 75' lang='lat' dir='ltr'>explorandam</span> <span class='ocrx_word' id='word_1_588' title='bbox 1480 2432 1834 2471; x_wconf 76' lang='lat' dir='ltr'>mansuetudinem.</span> 
     </span>
     <span class='ocr_line' id='line_1_77' title="bbox 970 2485 1834 2539; baseline 0.001 -15"><span class='ocrx_word' id='word_1_589' title='bbox 970 2486 1070 2524; x_wconf 79' lang='lat' dir='ltr'>Sunt</span> <span class='ocrx_word' id='word_1_590' title='bbox 1100 2486 1215 2525; x_wconf 91' lang='lat' dir='ltr'>codd.</span> <span class='ocrx_word' id='word_1_591' title='bbox 1245 2486 1309 2538; x_wconf 86' lang='lat' dir='ltr'>qui</span> <span class='ocrx_word' id='word_1_592' title='bbox 1338 2485 1648 2538; x_wconf 76' lang='lat' dir='ltr'>explorandum</span> <span class='ocrx_word' id='word_1_593' title='bbox 1685 2488 1834 2539; x_wconf 82' lang='lat' dir='ltr'>legunt3</span> 
     </span>
    </p>
   </div>
   <div class='ocr_carea' id='block_1_7' title="bbox 958 2541 1836 2594">
    <p class='ocr_par' dir='ltr' id='par_1_9' title="bbox 958 2541 1836 2594">
     <span class='ocr_line' id='line_1_78' title="bbox 958 2541 1836 2594; baseline 0.001 -14"><span class='ocrx_word' id='word_1_594' title='bbox 958 2542 1020 2580; x_wconf 51' lang='lat' dir='ltr'>‘de</span> <span class='ocrx_word' id='word_1_595' title='bbox 1056 2555 1132 2592; x_wconf 88' lang='lat' dir='ltr'>quo</span> <span class='ocrx_word' id='word_1_596' title='bbox 1163 2541 1350 2593; x_wconf 83' lang='lat' dir='ltr'>gerundio</span> <span class='ocrx_word' id='word_1_597' title='bbox 1374 2555 1461 2582; x_wconf 89' lang='lat' dir='ltr'>cum</span> <span class='ocrx_word' id='word_1_598' title='bbox 1486 2541 1655 2581; x_wconf 87' lang='lat' dir='ltr'>seminini</span> <span class='ocrx_word' id='word_1_599' title='bbox 1681 2544 1836 2594; x_wconf 85' lang='lat' dir='ltr'>generis</span> 
     </span>
    </p>
   </div>
   <div class='ocr_carea' id='block_1_8' title="bbox 961 2597 1834 3253">
    <p class='ocr_par' dir='ltr' id='par_1_10' title="bbox 961 2597 1834 3253">
     <span class='ocr_line' id='line_1_79' title="bbox 968 2597 1834 2638; baseline 0.001 -2"><span class='ocrx_word' id='word_1_600' title='bbox 968 2599 1212 2636; x_wconf 77' lang='lat' dir='ltr'>substantivo</span> <span class='ocrx_word' id='word_1_601' title='bbox 1250 2599 1378 2637; x_wconf 88' lang='lat' dir='ltr'>iuncto</span> <span class='ocrx_word' id='word_1_602' title='bbox 1427 2597 1476 2637; x_wconf 85' lang='lat' dir='ltr'>cs.</span> <span class='ocrx_word' id='word_1_603' title='bbox 1508 2598 1613 2638; x_wconf 88' lang='lat' dir='ltr'>Oud.</span> <span class='ocrx_word' id='word_1_604' title='bbox 1642 2599 1694 2637; x_wconf 86' lang='lat' dir='ltr'>ad</span> <span class='ocrx_word' id='word_1_605' title='bbox 1726 2600 1834 2638; x_wconf 89' lang='lat' dir='ltr'>Suet.</span> 
     </span>
     <span class='ocr_line' id='line_1_80' title="bbox 970 2652 1834 2696; baseline 0.001 -4"><span class='ocrx_word' id='word_1_606' title='bbox 970 2653 1104 2693; x_wconf 87' lang='lat' dir='ltr'>Claud.</span> <span class='ocrx_word' id='word_1_607' title='bbox 1119 2659 1184 2696; x_wconf 87' lang='lat'>26.</span> <span class='ocrx_word' id='word_1_608' title='bbox 1210 2652 1345 2694; x_wconf 82' lang='lat' dir='ltr'>Heins.</span> <span class='ocrx_word' id='word_1_609' title='bbox 1370 2654 1421 2692; x_wconf 84' lang='lat' dir='ltr'>ad</span> <span class='ocrx_word' id='word_1_610' title='bbox 1444 2653 1551 2693; x_wconf 71' lang='lat' dir='ltr'>Veii.</span> <span class='ocrx_word' id='word_1_611' title='bbox 1575 2653 1620 2693; x_wconf 74' lang='grc' dir='ltr'>ΙΙ.</span> <span class='ocrx_word' id='word_1_612' title='bbox 1640 2658 1704 2696; x_wconf 86' lang='grc'>59.</span> <span class='ocrx_word' id='word_1_613' title='bbox 1728 2654 1834 2694; x_wconf 79' lang='lat' dir='ltr'>-Cort.</span> 
     </span>
     <span class='ocr_line' id='line_1_81' title="bbox 968 2709 1833 2762; baseline 0.001 -14"><span class='ocrx_word' id='word_1_614' title='bbox 968 2710 1135 2750; x_wconf 84' lang='lat' dir='ltr'>adSall.</span> <span class='ocrx_word' id='word_1_615' title='bbox 1157 2710 1204 2749; x_wconf 91' lang='grc' dir='ltr'>Β.</span> <span class='ocrx_word' id='word_1_616' title='bbox 1224 2709 1252 2749; x_wconf 94' lang='lat' dir='ltr'>l.</span> <span class='ocrx_word' id='word_1_617' title='bbox 1276 2714 1339 2751; x_wconf 80' lang='lat'>15.</span> <span class='ocrx_word' id='word_1_618' title='bbox 1362 2709 1518 2762; x_wconf 78' lang='lat' dir='ltr'><strong>[Munk.</strong></span> <span class='ocrx_word' id='word_1_619' title='bbox 1538 2710 1589 2749; x_wconf 84' lang='lat' dir='ltr'>ad</span> <span class='ocrx_word' id='word_1_620' title='bbox 1607 2709 1752 2762; x_wconf 78' lang='lat' dir='ltr'>Hygin.</span> <span class='ocrx_word' id='word_1_621' title='bbox 1767 2715 1833 2752; x_wconf 88' lang='lat'>29.</span> 
     </span>
     <span class='ocr_line' id='line_1_82' title="bbox 966 2765 1833 2818; baseline 0.003 -14"><span class='ocrx_word' id='word_1_622' title='bbox 966 2780 1003 2818; x_wconf 89' lang='lat' dir='ltr'>p.</span> <span class='ocrx_word' id='word_1_623' title='bbox 1035 2770 1102 2807; x_wconf 87' lang='lat'>79.</span> <span class='ocrx_word' id='word_1_624' title='bbox 1132 2766 1219 2806; x_wconf 85' lang='lat' dir='ltr'>lntt.</span> <span class='ocrx_word' id='word_1_625' title='bbox 1247 2766 1299 2804; x_wconf 78' lang='lat' dir='ltr'>ad</span> <span class='ocrx_word' id='word_1_626' title='bbox 1322 2765 1478 2807; x_wconf 78' lang='lat' dir='ltr'>Lueret.</span> <span class='ocrx_word' id='word_1_627' title='bbox 1503 2765 1531 2806; x_wconf 84' lang='lat' dir='ltr'>I.</span> <span class='ocrx_word' id='word_1_628' title='bbox 1559 2771 1650 2807; x_wconf 89' lang='grc'><strong>112.</strong></span> <span class='ocrx_word' id='word_1_629' title='bbox 1681 2767 1731 2806; x_wconf 87' lang='lat' dir='ltr'>ad</span> <span class='ocrx_word' id='word_1_630' title='bbox 1757 2767 1833 2807; x_wconf 80' lang='lat' dir='ltr'>Cic.</span> 
     </span>
     <span class='ocr_line' id='line_1_83' title="bbox 968 2821 1834 2873; baseline 0.003 -13"><span class='ocrx_word' id='word_1_631' title='bbox 968 2822 1127 2861; x_wconf 87' lang='lat' dir='ltr'>Tuscul.</span> <span class='ocrx_word' id='word_1_632' title='bbox 1144 2822 1195 2861; x_wconf 91' lang='lat' dir='ltr'>V.</span> <span class='ocrx_word' id='word_1_633' title='bbox 1220 2826 1287 2862; x_wconf 85' lang='grc'>24.</span> <span class='ocrx_word' id='word_1_634' title='bbox 1318 2821 1363 2861; x_wconf 89' lang='grc' dir='ltr'>Τ.</span> <span class='ocrx_word' id='word_1_635' title='bbox 1386 2821 1452 2861; x_wconf 85' lang='lat'><strong>111.</strong></span> <span class='ocrx_word' id='word_1_636' title='bbox 1481 2835 1518 2873; x_wconf 91' lang='lat' dir='ltr'>p.</span> <span class='ocrx_word' id='word_1_637' title='bbox 1547 2826 1638 2863; x_wconf 89' lang='lat'><strong>145.</strong></span> <span class='ocrx_word' id='word_1_638' title='bbox 1684 2822 1834 2863; x_wconf 80' lang='lat' dir='ltr'>Moser.</span> 
     </span>
     <span class='ocr_line' id='line_1_84' title="bbox 961 2876 1832 2919; baseline 0.001 -3"><span class='ocrx_word' id='word_1_639' title='bbox 961 2877 1071 2917; x_wconf 85' lang='lat' dir='ltr'>Oud.</span> <span class='ocrx_word' id='word_1_640' title='bbox 1095 2878 1146 2917; x_wconf 88' lang='lat' dir='ltr'>ad</span> <span class='ocrx_word' id='word_1_641' title='bbox 1171 2877 1284 2916; x_wconf 82' lang='lat' dir='ltr'>Caes.</span> <span class='ocrx_word' id='word_1_642' title='bbox 1309 2877 1355 2916; x_wconf 89' lang='lat' dir='ltr'>B.</span> <span class='ocrx_word' id='word_1_643' title='bbox 1382 2877 1430 2916; x_wconf 89' lang='lat' dir='ltr'>G.</span> <span class='ocrx_word' id='word_1_644' title='bbox 1451 2876 1515 2916; x_wconf 86' lang='lat' dir='ltr'><strong>Ill.</strong></span> <span class='ocrx_word' id='word_1_645' title='bbox 1533 2883 1595 2919; x_wconf 84' lang='lat'>14.</span> <span class='ocrx_word' id='word_1_646' title='bbox 1622 2878 1832 2918; x_wconf 77' lang='lat' dir='ltr'>De‹ler.a‹l</span> 
     </span>
     <span class='ocr_line' id='line_1_85' title="bbox 967 2933 1830 2985; baseline -0.001 -12"><span class='ocrx_word' id='word_1_647' title='bbox 967 2933 1069 2973; x_wconf 83' lang='lat' dir='ltr'>Dict.</span> <span class='ocrx_word' id='word_1_648' title='bbox 1086 2933 1187 2972; x_wconf 86' lang='lat' dir='ltr'>Cret.</span> <span class='ocrx_word' id='word_1_649' title='bbox 1203 2933 1252 2972; x_wconf 91' lang='lat' dir='ltr'>V.</span> <span class='ocrx_word' id='word_1_650' title='bbox 1270 2936 1334 2974; x_wconf 82' lang='lat'>13.</span> <span class='ocrx_word' id='word_1_651' title='bbox 1360 2933 1538 2973; x_wconf 81' lang='lat' dir='ltr'>Glossar.</span> <span class='ocrx_word' id='word_1_652' title='bbox 1564 2947 1601 2985; x_wconf 91' lang='lat' dir='ltr'>p.</span> <span class='ocrx_word' id='word_1_653' title='bbox 1617 2939 1729 2979; x_wconf 67' lang='lat'><strong>367„</strong></span> <span class='ocrx_word' id='word_1_654' title='bbox 1755 2949 1830 2985; x_wconf 75' lang='lat' dir='ltr'>qno</span> 
     </span>
     <span class='ocr_line' id='line_1_86' title="bbox 967 2989 1830 3040; baseline 0.002 -12"><span class='ocrx_word' id='word_1_655' title='bbox 967 2994 1095 3028; x_wconf 79' lang='lat' dir='ltr'>tamen</span> <span class='ocrx_word' id='word_1_656' title='bbox 1119 2990 1206 3029; x_wconf 90' lang='lat' dir='ltr'>loco</span> <span class='ocrx_word' id='word_1_657' title='bbox 1231 3002 1318 3027; x_wconf 85' lang='lat' dir='ltr'>cum</span> <span class='ocrx_word' id='word_1_658' title='bbox 1342 2989 1498 3040; x_wconf 84' lang='lat' dir='ltr'>optimis</span> <span class='ocrx_word' id='word_1_659' title='bbox 1523 2989 1634 3029; x_wconf 89' lang='lat' dir='ltr'>codd.</span> <span class='ocrx_word' id='word_1_660' title='bbox 1667 3003 1830 3030; x_wconf 78' lang='lat' dir='ltr'>coacer-</span> 
     </span>
     <span class='ocr_line' id='line_1_87' title="bbox 969 3043 1831 3097; baseline 0 -12"><span class='ocrx_word' id='word_1_661' title='bbox 969 3046 1142 3085; x_wconf 72' lang='lat' dir='ltr'>vandum</span> <span class='ocrx_word' id='word_1_662' title='bbox 1166 3046 1325 3084; x_wconf 86' lang='lat' dir='ltr'>retineo.</span> <span class='ocrx_word' id='word_1_663' title='bbox 1373 3043 1515 3083; x_wconf 85' lang='lat' dir='ltr'>Plures</span> <span class='ocrx_word' id='word_1_664' title='bbox 1540 3046 1604 3097; x_wconf 87' lang='lat' dir='ltr'>qui</span> <span class='ocrx_word' id='word_1_665' title='bbox 1634 3046 1831 3086; x_wconf 73' lang='lat' dir='ltr'>desiderat</span> 
     </span>
     <span class='ocr_line' id='line_1_88' title="bbox 969 3100 1828 3141; baseline 0.002 -3"><span class='ocrx_word' id='word_1_666' title='bbox 969 3103 1072 3140; x_wconf 80' lang='lat' dir='ltr'>viros</span> <span class='ocrx_word' id='word_1_667' title='bbox 1107 3102 1247 3140; x_wconf 88' lang='lat' dir='ltr'>doctos</span> <span class='ocrx_word' id='word_1_668' title='bbox 1287 3101 1414 3140; x_wconf 86' lang='lat' dir='ltr'>adeat.</span> <span class='ocrx_word' id='word_1_669' title='bbox 1451 3100 1585 3141; x_wconf 87' lang='lat' dir='ltr'>Eckst.</span> <span class='ocrx_word' id='word_1_670' title='bbox 1621 3101 1671 3140; x_wconf 83' lang='lat' dir='ltr'>ad</span> <span class='ocrx_word' id='word_1_671' title='bbox 1709 3102 1828 3140; x_wconf 69' lang='lat' dir='ltr'>Voss.</span> 
     </span>
     <span class='ocr_line' id='line_1_89' title="bbox 970 3156 1833 3209; baseline 0.001 -13"><span class='ocrx_word' id='word_1_672' title='bbox 970 3159 1087 3197; x_wconf 76' lang='lat' dir='ltr'>Arist.</span> <span class='ocrx_word' id='word_1_673' title='bbox 1113 3157 1160 3197; x_wconf 90' lang='grc' dir='ltr'>Τ.</span> <span class='ocrx_word' id='word_1_674' title='bbox 1184 3156 1228 3196; x_wconf 92' lang='lat' dir='ltr'>II.</span> <span class='ocrx_word' id='word_1_675' title='bbox 1255 3171 1291 3207; x_wconf 87' lang='lat' dir='ltr'>p.</span> <span class='ocrx_word' id='word_1_676' title='bbox 1319 3161 1409 3197; x_wconf 82' lang='lat'><strong>780.</strong></span> <span class='ocrx_word' id='word_1_677' title='bbox 1442 3156 1489 3195; x_wconf 76' lang='lat' dir='ltr'>cf.</span> <span class='ocrx_word' id='word_1_678' title='bbox 1516 3157 1661 3197; x_wconf 86' lang='lat' dir='ltr'>Florid.</span> <span class='ocrx_word' id='word_1_679' title='bbox 1685 3171 1722 3209; x_wconf 89' lang='lat' dir='ltr'>p.</span> <span class='ocrx_word' id='word_1_680' title='bbox 1750 3161 1803 3209; x_wconf 66' lang='grc'><strong>(3.1</strong></span> <span class='ocrx_word' id='word_1_681' title='bbox 1832 3160 1833 3163; x_wconf 73' lang='grc'>’</span> 
     </span>
     <span class='ocr_line' id='line_1_90' title="bbox 1461 3213 1551 3253; baseline 0.011 -1"><span class='ocrx_word' id='word_1_682' title='bbox 1461 3213 1516 3253; x_wconf 69' lang='lat'>58</span> <span class='ocrx_word' id='word_1_683' title='bbox 1532 3213 1551 3237; x_wconf 92' lang='lat'>*</span> 
     </span>
    </p>
   </div>
  </div>
 </body>
</html>
