2155 3590
753 99 782 138 C
807 99 839 138 A
869 100 900 139 P
926 100 960 139 U
987 100 1019 139 Τ
1080 99 1155 140 Ill.
1746 110 1847 137 inx

59 215 286 265 denbrogio,
312 213 415 265 quod
440 214 475 251 in
501 212 603 251 Oud.
629 214 756 252 adnot.
784 216 862 254 crit.
888 229 960 254 non
987 218 1108 259 extat,
1135 211 1185 250 X.
1213 226 1243 250 c.
1271 215 1336 252 30.
1364 225 1398 262 p.
1419 214 1511 252 966.
1538 211 1728 250 diadema
1754 225 1847 250 cau—

60 272 219 317 diclum,
258 271 360 321 quod
394 269 561 307 Florent.
594 274 628 309 2.
662 270 797 316 habet,
833 271 936 311 oud.
969 285 1042 310 non
1075 269 1261 315 enotavit3
1292 267 1342 307 X.
1376 282 1408 307 c.
1439 271 1504 308 35.
1536 281 1573 318 p.
1601 271 1693 307 980.
1735 267 1848 319 quod

61 327 259 379 oppidum
285 332 353 365 est
382 328 416 364 in
448 339 567 376 marg.
600 326 772 366 Florent.
802 333 834 368 1.
865 343 890 366 a
920 342 1039 367 manu
1069 326 1248 365 secunda
1279 338 1373 362 esse
1401 327 1565 362 testatur
1589 322 1710 370 Oud.;
1742 323 1847 373 equi-

59 384 146 421 dem
172 383 206 420 in
233 382 439 421 conatione
470 382 728 433 Lindenbrog.
754 384 844 422 nihil
871 383 1105 436 adscriptum
1132 381 1256 427 video,
1283 382 1345 431 qui
1371 380 1540 418 Florent.
1564 384 1597 419 1.
1624 386 1681 419 est
1703 379 1848 418 habere

57 439 321 480 tantummodo
352 439 508 490 profert.
569 438 695 485 Quam
726 441 965 490 negligenter
995 441 1061 479 ille
1091 438 1252 490 saepius
1283 438 1319 475 in
1347 436 1478 475 Guelf.
1506 441 1539 476 1.
1573 440 1608 476 2.
1641 434 1848 474 collatione

59 499 235 539 versatus
261 495 390 540 fuerit,
422 495 550 533 multis
583 495 679 533 locis
704 501 837 547 potest
862 497 1118 548 comprobari,
1149 499 1189 534 ut
1219 494 1253 532 in
1285 493 1423 532 eadem
1449 493 1588 544 pagina
1612 492 1673 530 bis
1699 492 1848 531 erravit.

58 552 232 595 tumidus
256 565 278 588 e
306 551 434 590 Guell'.
464 556 497 591 1.
524 552 736 597 enatando,
763 554 824 604 qui
852 555 1013 592 tineidus
1040 553 1183 591 habeat
1208 555 1246 589 et
1270 550 1521 589 com-laureas
1545 563 1613 600 pro
1639 549 1849 588 coclzireas

57 623 92 660 p.
109 611 200 648 981.
223 610 345 659 foveo
371 622 418 646 ex
443 608 583 646 eodem
609 609 714 654 citat,
742 623 855 660 quum
882 613 1046 662 refoveo
1072 610 1123 647 ibi
1144 612 1268 655 extet3
1293 620 1328 657 p.
1350 610 1442 647 986.
1462 606 1582 644 morti
1602 618 1651 642 ex
1665 604 1794 643 Guels.
1814 609 1846 644 1.

57 678 124 716 pro
150 665 269 710 mori,
295 664 382 702 ibid.
409 665 685 704 Meroe-antem
711 678 778 716 pro
804 672 1085 705 uzarocautem.
1113 687 1163 692 -—

168 720 441 769 Lindenbrogii
471 721 626 759 collatio
658 735 706 759 ex
737 735 844 759 more
876 722 1069 760 hominum
1098 722 1183 760 eius
1209 721 1294 759 aevi
1319 719 1497 757 confecta
1521 722 1598 764 est,
1631 718 1693 768 qui
1727 718 1849 755 obiter

55 782 200 816 tantum
224 777 286 814 vel
311 779 446 827 partim
472 778 582 816 codd.
609 778 818 816 contulere.
879 778 935 816 lta
960 780 995 816 in
1028 779 1157 816 multis
1191 777 1287 815 locis
1313 790 1411 828 quos
1438 778 1640 826 corruptos
1666 788 1758 812 esse
1783 788 1849 825 ap-

55 838 183 886 paret,
208 833 255 871 V.
281 833 328 871 L.
354 847 487 872 eruere
513 835 659 880 omisit,
687 835 720 872 in
746 835 833 873 aliis
859 835 970 873 nimis
994 839 1196 873 accuratus
1221 838 1298 880 est,
1324 837 1365 871 ut
1389 833 1439 871 de
1466 831 1612 870 Mundo
1638 845 1674 882 p.
1700 836 1762 870 11.
1788 830 1849 868 ed.

57 890 161 930 Scal.
188 891 250 928 ubi
277 904 347 941 per
371 891 659 942 typothetarum
686 905 850 930 errorem
878 896 1050 930 exortam
1077 891 1281 931 lectionem
1306 893 1450 929 seriote
1480 902 1502 925 e
1533 888 1667 927 codice
1699 887 1851 938 corrigit

56 948 92 985 in
117 948 288 992 seriore,
315 961 352 998 p.
382 952 446 987 18.
475 948 564 985 ibid.
591 953 694 987 tecta
720 949 753 986 in
780 954 904 988 recta.

169 1003 279 1042 Haec
302 1003 507 1042 sufficiant.
547 1004 606 1042 De
632 1006 772 1042 ceteris
798 1005 908 1042 codd.
929 1009 967 1042 et
992 1004 1079 1042 edd.
1107 1017 1222 1054 quum
1249 1002 1409 1041 meliora
1435 1001 1595 1053 proferri
1621 1015 1694 1039 non
1721 999 1850 1044 liceat,

56 1073 170 1111 quam
203 1073 301 1110 quae
331 1074 354 1098 a
379 1060 562 1099 Bosscha
592 1061 681 1099 edit.
702 1061 857 1112 Bipont.
883 1075 959 1112 ope
984 1061 1114 1098 adiuto
1141 1060 1337 1111 disputata
1355 1064 1461 1105 sunt,
1487 1058 1586 1096 haec
1604 1058 1710 1109 typis
1728 1057 1851 1109 repeti

55 1117 201 1161 curavi,
228 1117 276 1154 iis
300 1120 444 1154 tantum
472 1118 630 1155 omissis
656 1130 755 1168 qnae
781 1122 821 1155 ut
844 1117 1032 1168 plurimae
1056 1117 1244 1154 editorum
1269 1116 1533 1168 praefationes
1557 1115 1683 1154 minus
1714 1127 1851 1152 neces-

51 1173 155 1212 saria
179 1173 406 1211 videbantur

171 1232 210 1278 1)
237 1229 363 1268 MSS.
384 1229 547 1268 FLOR
559 1229 771 1267 ENTIN!
793 1230 889 1276 duo,
911 1243 1070 1280 quorum
1093 1230 1219 1267 varias
1239 1229 1426 1267 lectiones
1440 1228 1752 1278 Lindenbrogius
1766 1241 1850 1265 cum

57 1285 343 1333 Eluienhorstio
376 1287 691 1331 communicarat,
723 1287 796 1324 sed
828 1301 985 1337 quorum
1014 1286 1259 1324 collationem
1287 1286 1409 1336 ipsius
1436 1284 1711 1335 Lindeubrogii
1737 1298 1851 1323 manu

55 1344 258 1394 scriptam,
289 1342 568 1394 Oudenrlorpio
601 1343 759 1381 miserat
790 1342 841 1381 lo,
868 1343 960 1381 Alb.
989 1343 1200 1381 Fabricius,
1260 1341 1299 1380 In
1332 1343 1544 1392 excerptis,
1575 1345 1653 1379 tam
1684 1341 1851 1379 Linden-

56 1400 175 1451 brogii
202 1413 315 1449 quam
343 1398 638 1445 Ermenhorstii,
671 1399 746 1436 duo
773 1399 810 1437 hi
837 1400 958 1437 MSS.
984 1401 1204 1451 promiscue
1230 1400 1407 1443 citantur,
1441 1399 1547 1442 licet,
1578 1398 1610 1435 si
1637 1399 1760 1435 minus
1785 1399 1851 1435 bo-

56 1457 192 1500 nitate,
218 1462 257 1493 at
281 1460 383 1493 certe
408 1459 554 1501 aetate,
582 1456 815 1507 discrepent.
865 1456 969 1495 Rau-0
996 1457 1030 1494 in
1059 1455 1152 1494 Exc.
1178 1455 1387 1494 Lindenbr.
1414 1455 1500 1494 MS.
1529 1453 1851 1505 Longobardicus

55 1514 103 1553 ab
126 1512 249 1551 altero
277 1512 530 1563 distinguitur.

169 1570 279 1607 Alter
308 1569 441 1607 horum
475 1573 535 1606 est
568 1568 701 1607 Codex
733 1571 1049 1608 membranaceus
1083 1569 1170 1607 MS.
1203 1569 1236 1606 in
1265 1569 1355 1607 solio
1381 1582 1486 1606 saec.
1514 1566 1599 1605 XII.
1625 1568 1724 1605 binis
1750 1567 1852 1605 colu-

57 1626 174 1672 mnis,
199 1626 485 1664 characteribus
511 1625 830 1676 Langobardicis.
891 1627 1042 1665 Graeca
1066 1625 1274 1671 vocabula,
1306 1639 1405 1676 quae
1431 1626 1465 1662 in
1492 1624 1720 1676 Archetypo
1751 1624 1854 1662 unde

58 1683 278 1735 descriptus
303 1687 365 1720 est
388 1682 449 1720 hic
476 1682 561 1721 MS.
589 1683 813 1721 maiusculis
839 1687 947 1721 erant
974 1683 1110 1721 litteris
1135 1696 1344 1733 expressa,
1371 1683 1474 1733 picta
1497 1681 1628 1732 potius
1654 1694 1766 1732 quam
1789 1680 1853 1718 de-

58 1740 202 1791 scripta
227 1744 333 1784 sunt,
360 1743 476 1790 atque
502 1740 570 1785 ita,
596 1743 637 1777 ut
661 1740 825 1791 scriptor
845 1740 1022 1778 Graecae
1050 1740 1203 1790 linguae
1223 1754 1384 1790 prorsus
1403 1740 1559 1789 ignarus
1581 1738 1704 1776 fuisse
1725 1738 1853 1775 videa-

56 1800 125 1835 tur.
186 1796 275 1834 vid.
302 1797 336 1834 in
362 1797 493 1847 primis
521 1796 638 1847 Apol.
667 1810 702 1847 p.
732 1801 823 1837 482.
850 1797 924 1835 bui.
951 1796 1022 1834 Ed.
1054 1797 1104 1834 cs.
1135 1800 1173 1834 et
1198 1797 1246 1833 de
1274 1795 1420 1834 Mundo
1453 1809 1489 1846 p.
1516 1798 1594 1835 335
1622 1799 1659 1833 et
1684 1798 1764 1835 369
1789 1795 1854 1833 ubi

57 1857 184 1891 tamen
221 1852 622 1898 animadvertendum,
661 1853 802 1891 formas
840 1854 1050 1899 literarum,
1088 1857 1200 1904 prout
1236 1853 1403 1903 scriptae
1435 1855 1544 1889 eraut
1573 1851 1608 1889 in
1643 1852 1852 1902 excerptis,

57 1911 162 1960 typis
192 1910 351 1961 exprimi
383 1924 454 1947 non
486 1910 673 1959 potuisse.
733 1909 834 1948 Fieri
865 1914 993 1948 tamen
1021 1910 1160 1960 potnit,
1192 1909 1330 1947 utiam
1357 1909 1391 1946 in
1418 1908 1644 1959 Archetypo
1675 1912 1854 1959 corrupta

58 1965 198 2004 suerint
217 1967 378 2005 Graeca.
438 1966 543 2004 Alibi
569 1970 690 2010 certe,
717 1967 831 2004 etiam
858 1968 891 2005 in
919 1966 993 2004 hoc
1012 1966 1105 2003 (Tod.
1128 1966 1280 2003 Graeca
1305 1979 1464 2015 prorsus
1489 1964 1641 2004 desunt.
1667 1964 1714 2003 cf.
1735 1964 1852 2016 Apol.

61 2037 96 2074 p.
128 2026 219 2063 466.
286 2022 464 2059 Continet
494 2026 621 2060 autem
654 2022 715 2060 hic
745 2023 832 2060 MS.
864 2023 1152 2062 Illaaelaureusis
1186 2022 1349 2072 Apuleit'
1380 2022 1592 2061 Platonici
1622 2022 1674 2060 de
1705 2022 1854 2073 Μαρία

61 2079 150 2117 Lib.
178 2079 233 2117 ll.
292 2077 392 2115 Post
416 2077 496 2121 illa,
532 2080 643 2117 cuins
670 2079 826 2130 leylltus
853 2079 1100 2117 obedientem
1127 2092 1185 2116 me
1211 2078 1369 2123 videtis,
1401 2079 1463 2116 ubi
1491 2078 1605 2128 vulgo
1631 2078 1853 2130 Apologiae

60 2135 220 2173 alteram
245 2138 392 2185 partem
419 2134 588 2184 incipere
612 2135 732 2179 aiunt,
759 2135 858 2173 haec
885 2135 1077 2184 leguntur:
1106 2135 1201 2185 Eyo
1232 2136 1395 2186 Crispus
1421 2135 1622 2175 Salustius
1646 2136 1853 2174 emendari

63 2192 218 2230 Romae
241 2191 369 2241 felix,
395 2204 440 2228 ac
465 2190 604 2228 deinde
624 2191 819 2241 Apuleii
840 2192 1102 2230 Platonici
1123 2191 1466 2231 llladaureusis
1488 2205 1580 2242 pro
1605 2206 1649 2230 se
1674 2192 1732 2230 de
1750 2198 1854 2231 arte

61 2248 231 2298 Μαρία
258 2247 404 2286 Liber
424 2247 610 2298 primus
635 2248 863 2297 emplicit.
904 2248 1092 2299 Incipit
1118 2248 1264 2286 Liber
1289 2249 1538 2287 secundus.
1600 2247 1637 2285 ln
1663 2248 1736 2287 line
1761 2263 1852 2299 quo-

60 2317 136 2354 que
163 2303 317 2352 legitur,
342 2306 383 2340 ut
407 2316 542 2353 supra,
568 2303 738 2355 Apuleli
759 2304 866 2342 l’lat.
888 2305 1002 2342 Mad.
1027 2318 1108 2355 pro
1133 2318 1172 2343 se
1199 2305 1249 2343 tle
1270 2304 1418 2356 lllayla
1440 2304 1564 2343 Liber
1585 2305 1639 2343 II.
1666 2307 1850 2357 explicit.

60 2360 156 2412 Eyo
188 2360 391 2399 Salustius
421 2360 626 2398 emendari
662 2361 816 2398 Romae
843 2361 966 2411 fellat.
1026 2360 1146 2398 Porro
1178 2360 1250 2398 hoc
1282 2360 1426 2399 Codice
1457 2362 1695 2400 continentur
1721 2362 1852 2400 Meta-

58 2417 326 2467 morphoseon
352 2430 418 2455 seu
444 2416 495 2454 de
522 2417 646 2455 Asino
668 2417 805 2455 Aureo
826 2417 945 2455 Libri
964 2417 1037 2455 XI.
1071 2416 1109 2454 ln
1135 2417 1208 2454 line
1232 2417 1469 2468 singulorum
1496 2417 1692 2461 librorum,
1719 2418 1851 2456 ultimo

60 2477 242 2523 excepto,
276 2472 413 2510 eadem
447 2472 606 2510 Salustii
638 2474 871 2524 subscriptio
905 2474 1057 2524 legitur-3
1094 2474 1128 2511 in
1161 2473 1269 2512 calce
1300 2487 1391 2512 vero
1423 2474 1528 2513 Libri
1555 2473 1623 2513 Xl.
1655 2475 1850 2526 aliquanto

61 2529 227 2578 longior,
264 2529 339 2567 hoc
375 2532 506 2579 pacto:
558 2529 665 2579 Eyo
703 2530 949 2569 Salustius
987 2531 1087 2581 leyi
1123 2535 1168 2568 et
1204 2531 1454 2570 emendavi
1492 2532 1664 2570 Romae
1697 2531 1849 2582 felix,

62 2585 257 2625 Olibrio
283 2590 325 2624 et
352 2586 571 2623 probino
604 2587 645 2624 V.
676 2586 716 2625 C.
747 2586 903 2625 Conss.
936 2586 1000 2637 [A.
1028 2586 1072 2625 U.
1101 2586 1140 2626 C.
1171 2591 1287 2627 1148.
1315 2601 1350 2638 p.
1378 2586 1418 2625 C.
1445 2587 1492 2626 N.
1520 2588 1630 2639 395]
1662 2589 1708 2626 in
1731 2589 1851 2638 foro

60 2642 235 2681 Martis
271 2643 630 2681 controversias
665 2643 942 2681 declamans
974 2644 1178 2682 Orator-i
1214 2644 1536 2688 Emleleclct‘o,
1573 2658 1848 2697 rursusque.

64 2698 496 2749 Constantinopoli
543 2700 811 2751 rece-qaovi
863 2699 1098 2739 Caesareo
1147 2699 1245 2752 [leg.
1296 2699 1543 2753 Caesario]
1593 2705 1637 2740 et
1684 2700 1850 2740 Attico

64 2752 222 2794 Conss.
250 2754 314 2807 [A.
342 2753 388 2793 U.
416 2753 458 2792 C.
488 2759 607 2795 1150.
632 2769 669 2806 p.
695 2754 735 2794 C.
761 2755 810 2792 N.
838 2755 949 2808 397]

170 2811 412 2862 Subscriptio
448 2810 514 2850 illa
551 2812 646 2863 Eyo
684 2812 901 2851 Sallustius
937 2812 1020 2865 leyi
1054 2818 1092 2852 et
1121 2813 1328 2852 emendari
1360 2815 1515 2853 Romae
1547 2814 1673 2864 felix,
1712 2813 1850 2863 legitur

59 2868 173 2906 etiam
199 2872 290 2918 post
321 2867 367 2905 l).
396 2867 458 2906 lll.
485 2868 641 2906 Metam.
673 2869 707 2906 in
734 2868 823 2906 MS.
849 2867 989 2920 Lipsii,
1021 2871 1110 2907 item
1142 2873 1233 2921 post
1256 2870 1304 2909 I..
1330 2869 1397 2908 IX.
1430 2871 1492 2920 qui
1519 2871 1567 2908 ibi
1599 2875 1660 2909 est
1685 2870 1783 2909 Vlll.
1811 2876 1849 2909 et

59 2928 148 2964 ante
178 2925 296 2962 verba
323 2929 418 2976 post
447 2925 532 2963 dies
559 2925 768 2975 plusculos
793 2925 868 2963 init.
894 2925 941 2965 L.
965 2925 1015 2965 X.
1047 2927 1081 2964 in
1109 2925 1202 2964 Cod.
1230 2927 1292 2976 qui
1320 2926 1389 2964 suit
1419 2927 1510 2964 olim
1536 2926 1671 2966 Franc.
1697 2926 1848 2966 Penar-

60 2981 176 3026 chae,
207 2985 247 3018 ut
279 2982 421 3019 notavit
448 2981 496 3019 V.
523 2980 570 3018 D.
601 2981 651 3018 ad
682 2994 800 3031 marg.
833 2980 904 3020 Ed.
931 2982 1082 3021 Vicent.
1116 2983 1205 3020 item
1237 2984 1271 3020 in
1301 2983 1385 3021 MS.
1419 2982 1517 3021 Pith.
1543 2985 1710 3033 passim,
1744 2989 1781 3022 et
1812 2986 1846 3022 in

58 3037 148 3076 MS.
174 3036 360 3076 D'Orvill.
387 3041 476 3088 post
501 3036 721 3088 Apologiae
749 3041 896 3089 partem
928 3040 1106 3089 primam,
1138 3040 1228 3078 item
1259 3040 1293 3077 in
1326 3039 1412 3078 aliis
1442 3039 1566 3079 MSS.
1602 3040 1846 3085 Florentinis,

58 3093 132 3132 vid.
158 3093 371 3132 Montfauc.
398 3093 496 3132 Bibl.
525 3093 706 3132 Biblioth.
732 3107 768 3144 p.
795 3098 874 3135 344
906 3100 945 3134 et
970 3099 1050 3136 374
1076 3100 1115 3134 et
1143 3097 1178 3133 in
1203 3093 1293 3135 MS.
1318 3096 1525 3142 Vaticano,
1558 3097 1633 3137 vid.
1659 3098 1771 3137 Sirm.
1797 3099 1847 3137 ad
