2155 3590
721 160 909 201 LIBER
937 159 984 202 u.
1040 158 1166 199 CAP.
1197 158 1241 198 11.
1826 146 1880 199 75

95 275 236 332 pidinis
254 274 382 315 intuli.
410 273 464 314 Et
481 286 571 315 ecce
590 272 792 314 mulierem
813 274 1031 328 quampiam
1051 271 1246 327 frequenti
1259 271 1441 325 stipatam
1454 270 1722 320 famulatione,
1738 269 1881 309 ibidem

95 332 337 387 gradientem
368 331 586 371 accelerato
616 329 785 384 vestigio
816 330 1116 384 comprehendo.
1176 328 1329 368 Aurum
1359 327 1400 367 in
1425 326 1546 373 comis
1571 326 1668 366 etin
1687 324 1877 382 tunicis,{
1907 327 1950 362 85

93 389 147 430 ibi
170 388 379 439 inflexum,
412 387 474 428 hie
497 386 693 427 intextum
717 393 936 428 matronam
961 387 1136 441 profecto
1161 384 1433 425 confitebatur.
1495 381 1623 423 Huius
1648 381 1886 423 adhaerebat
1913 439 1916 442 Ι

93 516 249 556 sequenti
267 525 324 552 pro
341 515 526 556 frequenti
547 517 582 545 0.
632 513 857 555 famulitione
879 516 916 544 F.
943 518 971 544 1.
997 517 1027 544 3.
1052 517 1090 544 R.
1116 513 1137 543 f.
1163 515 1199 543 G.
1225 514 1259 542 0.
1284 509 1314 542 ὃ.
1349 514 1386 542 In
1410 511 1527 542 ceteris
1543 504 1780 551 famulatione
1797 510 1884 546 legi-

93 567 153 593 tur.
215 560 415 600 gaudentem
439 569 495 596 pro
516 559 727 598 gradientem
752 569 788 590 π,

92 612 125 638 et
149 609 218 637 edd.
243 608 277 636 in
299 607 435 645 gemmis
459 609 557 636 extat.

91 656 211 683 batum.
270 652 426 681 intextus
448 653 485 681 P.
511 653 546 680 G.
573 651 595 680 f.
620 651 765 680 incestus
788 653 827 682 D.

91 698 313 734 conspicuum.

92 808 209 861 Hipp.
223 811 316 849 449.
340 806 426 846 lntt.
445 807 495 845 ad
513 806 677 846 Nemes.
702 806 865 846 Eetlv.
894 811 957 848 18.

93 865 220 912 Quam
250 869 379 903 tamen
412 862 512 902 Oud.
544 864 722 915 probavit
751 863 956 903 lectionem

94 923 190 962 dum
214 922 255 960 in
281 921 384 960 laxa
408 921 594 972 nepotali
618 921 832 960 tenmlento
856 922 958 960 sirni-

93 978 154 1024 lis,
191 982 417 1029 suspectam
440 976 582 1022 habeo,
618 990 735 1028 qutun
764 991 813 1014 ne
844 977 958 1016 unius

93 1034 177 1073 cod.
209 1034 365 1085 quidem
398 1034 626 1072 auctoritate
655 1034 803 1072 nitatur.
841 1033 958 1072 Inter-

91 1091 321 1142 pretamenti
334 1090 433 1128 enim
454 1103 597 1128 caussa
614 1103 638 1128 a
655 1090 778 1128 sciolo
794 1090 961 1140 quodam

94 1147 246 1185 librario
291 1146 412 1184 verba
446 1147 661 1185 temulento
696 1147 836 1185 similis
872 1150 963 1184 sunt

91 1203 249 1248 adsuta,
286 1203 350 1253 qui
382 1201 474 1252 quid
504 1202 708 1254 nepotalt‘s
740 1203 862 1241 laxus
885 1202 960 1240 sibi

90 1258 213 1297 vellet
225 1273 298 1297 non
312 1258 567 1304 intellexerat,
580 1258 682 1296 unde
698 1257 839 1295 sactum
852 1262 959 1308 puto,

93 1319 134 1353 ut
163 1329 233 1366 pro
258 1328 351 1353 vera
374 1315 563 1365 scriptura
586 1315 636 1352 ab
660 1314 748 1352 aliis
773 1314 958 1352 vendere-

89 1375 162 1418 tur,
200 1375 239 1410 et
273 1385 349 1409 uno
380 1370 554 1408 alterove
585 1370 774 1409 vocabulo
808 1370 958 1408 omisso

89 1431 195 1466 totus
237 1427 348 1466 locus
390 1431 468 1466 tam
507 1440 626 1478 prave
662 1427 958 1478 perturbaretur.

91 1484 154 1522 De
184 1484 388 1536 nepotalis
417 1497 502 1522 voc.
533 1482 661 1534 signif.
694 1482 740 1521 cf.
767 1483 958 1521 Ammian.

89 1539 240 1579 XXXI.
267 1545 302 1581 5.
329 1539 358 1590 ξ.
375 1543 409 1580 6.
434 1553 568 1579 mensa
593 1539 789 1592 nepotali.
822 1539 957 1579 Gloss.

90 1596 289 1648 Philox.p.
302 1599 391 1636 143.
405 1601 624 1649 ncpotatas
637 1594 810 1636 ἀσωτία
825 1596 959 1635 Gloss.

92 1653 157 1692 Gr.
184 1652 246 1691 lat.
272 1667 308 1704 p.
325 1656 388 1693 94.
414 1658 589 1705 nepotor
612 1651 906 1706 ἀκολασταίνω]

145 1721 427 1773 famulatione.
443 1719 603 1771 [Contra
615 1734 752 1759 omnes
766 1721 847 1759 sere
856 1721 958 1760 Mss.

91 1777 360 1828 corrigendum
391 1790 486 1815 esse
517 1776 642 1816 locum
668 1778 816 1821 censui,
842 1791 959 1829 quum

88 1834 300 1886 famulitio
338 1838 378 1872 et
412 1832 617 1884 analogiae
648 1838 688 1872 et
725 1834 958 1873 testimoniis

90 1894 264 1928 veterum
286 1894 489 1941 repugnet.
532 1891 667 1929 Gloss.
702 1891 832 1942 Cyrill.
859 1894 958 1930 δου-

91 1947 191 1986 λεία
213 1947 439 1999 famalatus
465 1948 688 1998 famulatio
709 1947 844 1986 Gloss.
870 1947 958 1985 Lat.

93 2002 157 2041 Gr.
194 2015 231 2054 p.
257 2007 321 2043 50.
360 2003 584 2055 famulatio
618 2006 822 2056 θεραπεία.
877 2003 959 2042 Sed

90 2059 227 2097 mirum
268 2063 355 2104 est,
405 2058 508 2109 quod
558 2060 696 2098 eadem
743 2060 958 2110 scripturae

91 2115 261 2153 varietas
280 2115 396 2153 etiam
416 2115 452 2153 in
471 2114 594 2153 altero
614 2116 732 2167 Apul.
754 2116 840 2154 loco
860 2116 957 2154 Met.

92 2170 159 2209 Vl.
184 2184 221 2222 p.
236 2174 328 2212 396.
354 2171 553 2210 invenitur.
585 2171 776 2210 Fortasse
802 2173 960 2210 extabat

91 2226 322 2266 vocabulum
361 2228 556 2280 famulire
589 2232 631 2266 ut
666 2230 887 2280 impetrare
922 2233 961 2267 et

92 2285 302 2335 impetrire
331 2284 485 2329 similia,
511 2283 559 2322 cf.
581 2283 743 2324 Taubni.
769 2285 818 2322 ad
833 2284 959 2323 Plaut.

92 2340 204 2380 Asin.
225 2339 271 2378 11.
300 2345 334 2380 1.
363 2345 424 2380 11.
455 2344 495 2378 et
518 2340 609 2380 ibid.
634 2340 679 2380 II.
705 2345 742 2381 4.
768 2346 832 2381 45.
857 2341 960 2379 unde

89 2396 299 2448 famulitio
330 2400 484 2447 poterat
508 2396 658 2436 deduci.
696 2396 813 2443 Quod
838 2397 874 2435 ni
899 2411 960 2435 ac-

92 2453 258 2503 ceperis,
284 2453 462 2491 librarios
487 2452 611 2490 forma
625 2454 877 2505 famule'tiam
896 2454 961 2491 de-

93 2513 233 2560 ceptos
259 2522 354 2548 esse
378 2509 574 2555 coniicias,
600 2514 641 2547 ut
656 2510 867 2562 famulitio
888 2510 960 2548 for-

90 2565 273 2618 marene]

148 2634 191 2671 in
234 2634 358 2672 comis
393 2647 548 2672 aarum.
603 2632 643 2671 In
679 2635 812 2685 yonis,
856 2635 961 2685 quod

93 2689 251 2741 Sciopp.
268 2689 384 2740 Susp.
396 2689 457 2727 Ill.
476 2694 536 2730 10.
551 2690 740 2740 probavit,
758 2690 873 2729 latine
886 2691 960 2730 dici

92 2759 168 2784 non
198 2757 322 2796 posse
353 2746 403 2784 de
432 2746 628 2784 inauribus
653 2746 965 2797 dependentibus

93 2801 195 2841 Oud.
220 2801 296 2840 iam
321 2807 427 2841 recte
453 2802 742 2840 demonstravit.
774 2802 848 2842 Hic
870 2817 963 2842 vero

91 2859 289 2909 vulgatam
327 2858 545 2897 defendens
578 2858 748 2910 explicat
778 2860 828 2897 de
861 2873 963 2911 gem-

93 2915 169 2953 mis
198 2918 451 2969 χρυσοδέτοις,
483 2929 576 2953 auro
601 2916 740 2953 vinctis
776 2920 815 2954 et
845 2917 962 2955 inclu—

93 2971 164 3017 sis,
189 2972 330 3022 quibus
355 2985 487 3010 aurum
513 2971 692 3010 inflexum
723 2976 764 3010 et
793 2973 961 3012 incurva-

93 3031 172 3066 tum
203 3040 249 3066 ac
280 3028 553 3067 circumdatum
585 3029 653 3075 sit,
691 3029 776 3067 sive
806 3029 961 3068 inaures

94 3084 172 3122 siut
200 3084 284 3122 sive
315 3085 473 3123 monilia
496 3085 581 3122 sive
606 3085 774 3124 cellares
798 3090 960 3136 torques

95 3152 167 3178 seu
197 3140 353 3179 crinalia
384 3146 619 3180 ornamenta.
679 3142 827 3180 Aurum
858 3143 959 3182 cuim

849 559 896 588 ad
923 559 1071 588 celerato
1101 560 1216 589 Venet.
1236 560 1267 587 2.

615 603 769 643 inflesum
792 607 828 635 F.
846 608 873 636 1.
894 607 925 635 3.
949 607 1040 641 Lips.
1065 605 1203 634 coniecit
1225 602 1406 640 implexum
1431 603 1522 632 Colv.
1547 605 1579 631 et
1601 603 1712 630 Brant.
1738 608 1885 636 compro-

893 650 1039 680 ardebat
1061 658 1118 687 pro
1143 647 1329 678 adherebat
1346 650 1385 678 D.
1405 655 1425 677 a
1443 655 1484 676 m.
1504 655 1533 683 p.
1552 655 1611 682 per
1629 647 1735 683 ipsam
1752 646 1885 676 lituram

1324 557 1360 585 in
1385 557 1480 595 genis
1509 558 1547 585 B.
1589 557 1627 585 In
1651 556 1768 585 ceteris
1792 556 1883 584 codd.

1014 811 1104 846 tunc
1133 805 1322 857 temporis
1352 803 1477 843 fuisse
1501 816 1636 855 parum
1672 801 1886 840 ornamenti

1014 861 1078 901 vel
1143 862 1341 914 dignitatis
1397 861 1554 900 auribus
1611 862 1884 903 matronarum,

1016 920 1204 959 elenchos
1246 923 1285 957 et
1330 917 1557 969 margaritas
1604 920 1683 954 tum
1731 918 1885 966 gestan-

1015 977 1129 1023 tium3
1177 973 1264 1014 coll.
1301 974 1416 1013 Ovid.
1462 973 1558 1012 Met.
1589 972 1639 1011 V.
1688 976 1752 1012 51.
1800 970 1884 1009 Art.

1016 1032 1147 1071 A.111.
1189 1036 1279 1072 128.
1316 1031 1423 1081 Vix-g.
1454 1030 1556 1069 Aen.
1582 1027 1633 1067 X.
1669 1032 1758 1069 134.
1791 1026 1884 1066 Seu.

1019 1089 1126 1127 Med.
1148 1093 1239 1129 572.
1272 1087 1350 1126 Iuv.
1371 1086 1438 1125 Vl.
1469 1091 1562 1127 458.
1586 1084 1665 1123 Pro
1690 1085 1887 1138 inflexam

1020 1145 1160 1183 deinde
1186 1145 1280 1196 legit
1303 1143 1404 1182 Oud.
1436 1144 1669 1195 implexum,
1695 1153 1795 1193 quae
1821 1153 1885 1178 vo-

1018 1215 1087 1239 ces
1111 1202 1274 1252 saepius
1299 1203 1578 1238 commutentur
1601 1198 1691 1238 coll.
1710 1197 1810 1236 Dav.
1835 1196 1887 1235 ad

1019 1257 1132 1296 Caes.
1156 1257 1202 1295 B.
1235 1256 1281 1295 G.
1307 1255 1351 1294 II.
1382 1260 1442 1296 17.
1475 1255 1557 1294 Sed
1582 1268 1732 1300 vereor,
1751 1258 1793 1292 ut
1811 1253 1886 1292 dici

1017 1318 1134 1364 queat
1164 1327 1306 1352 aarum
1336 1314 1377 1351 in
1400 1313 1565 1365 yemmt's
1590 1312 1812 1364 implean
1836 1309 1887 1347 de

1016 1384 1130 1416 aino,
1169 1368 1274 1420 quod
1303 1368 1469 1419 genimis
1506 1367 1780 1406 circumdatum
1813 1370 1886 1405 est.

1017 1426 1143 1464 Aliter
1168 1425 1348 1476 equidem
1367 1424 1531 1463 emendo
1551 1424 1587 1462 in
1609 1425 1741 1462 comis.
1780 1422 1885 1469 Quo-

1016 1483 1092 1521 ties
1130 1481 1410 1521 confundantur
1445 1494 1577 1534 yenae
1613 1484 1652 1518 et
1682 1493 1819 1519 comae
1849 1479 1884 1516 in

1017 1540 1118 1578 Mss.
1151 1539 1305 1577 docent.
1334 1537 1419 1576 Intt.
1449 1536 1500 1575 ad
1523 1535 1640 1587 Prop.
1660 1535 1703 1574 ll.
1734 1539 1794 1576 18.
1824 1539 1885 1575 10.

1018 1596 1147 1635 Burm.
1173 1595 1225 1633 ad
1243 1594 1357 1633 Ovid.
1383 1591 1603 1632 Heroid.II.
1625 1596 1688 1633 92.
1714 1589 1885 1630 Miscell.

1018 1652 1185 1692 observ.
1216 1651 1369 1690 V01N.
1397 1650 1507 1688 Τοηι.
1523 1648 1550 1688 1.
1577 1663 1613 1700 p.
1631 1653 1721 1689 125.
1750 1648 1888 1689 Genae

1018 1709 1123 1760 quod
1154 1712 1261 1747 extat
1291 1708 1327 1746 in
1357 1706 1464 1745 Bert.
1497 1719 1613 1757 quum
1645 1705 1786 1744 librarii
1811 1717 1886 1743 non

1016 1766 1287 1817 intelligerent,
1313 1769 1391 1802 tum
1415 1763 1508 1801 abiit
1532 1763 1568 1801 in
1597 1776 1786 1816 gemmae.
1824 1760 1888 1799 De

1017 1837 1109 1861 auro
1142 1821 1369 1873 capillorum
1403 1823 1629 1858 ornamento
1661 1818 1710 1858 cf.
1743 1818 1887 1856 senec.

1016 1879 1175 1918 Medea.
1197 1882 1288 1919 572.
1315 1876 1413 1915 Plin.
1440 1876 1541 1914 Hist.
1567 1875 1657 1914 Nat.
1681 1873 1828 1913 XXIII.
1850 1877 1887 1913 3.

1019 1936 1174 1976 Auram
1189 1935 1370 1974 crinibus
1384 1929 1888 1986 insleoeamintelligoliicde

1017 1992 1254 2037 diademate,
1281 1990 1385 2041 quod
1417 2002 1466 2027 ex
1490 2002 1607 2027 aurea
1633 1987 1775 2027 lamina
1798 2000 1870 2026 con

1017 2048 1161 2087 sectum
1187 2047 1431 2099 gemmisque
1455 2049 1630 2084 ornatum
1655 2058 1679 2083 a
1702 2043 1888 2082 matronis

1016 2106 1052 2143 in
1092 2104 1266 2150 lunonis,
1303 2103 1361 2141 cui
1387 2115 1524 2141 sacrae
1549 2106 1675 2148 erant,
1699 2100 1887 2139 honorem

1019 2162 1264 2212 gestabatur,
1303 2173 1418 2210 quum
1454 2159 1584 2198 severi
1621 2157 1714 2209 quid
1749 2160 1789 2194 et
1822 2169 1887 2194 au-

1018 2218 1120 2268 gusti
1145 2217 1325 2264 haberet3
1351 2216 1398 2254 cf.
1418 2216 1562 2267 Battig.
1584 2214 1717 2254 Sabin.
1732 2213 1844 2260 Toni.
1860 2211 1886 2251 l.

1018 2288 1053 2325 p.
1071 2277 1161 2315 132.
1189 2278 1228 2312 et
1252 2287 1288 2325 p.
1307 2273 1416 2326 163]

1075 2343 1142 2381 laio
1166 2343 1371 2381 intextum.
1412 2340 1692 2392 [Matronarum
1716 2337 1800 2384 fuit,
1824 2350 1888 2375 ve-

1018 2403 1104 2437 stes
1128 2412 1221 2437 auro
1241 2412 1275 2436 s.
1298 2397 1450 2436 laminis
1471 2397 1600 2435 aureis
1620 2396 1812 2441 intexere3
1839 2393 1888 2432 de

1020 2469 1096 2505 quo
1132 2468 1241 2492 more
1278 2454 1326 2492 cf.
1364 2454 1507 2505 Battig.
1545 2451 1702 2492 Sab.ll.
1735 2464 1772 2502 p.
1797 2454 1887 2491 117.

1018 2511 1179 2550 Beckni.
1194 2512 1230 2549 in
1246 2511 1359 2549 libro:
1386 2511 1590 2562 Beitrc’iye
1603 2525 1632 2549 ε.
1651 2507 1890 2549 θεεοΙιίεΙιίε

1020 2568 1062 2607 d.
1086 2568 1386 2620 Erfimlunyeu.
1413 2566 1524 2605 Tom.
1539 2565 1602 2604 111.
1628 2578 1665 2616 p.
1681 2564 1763 2616 63.]

1075 2626 1273 2677 confiteri.
1316 2623 1382 2675 [cs.
1418 2622 1575 2662 Petron.
1612 2636 1643 2661 c.
1664 2626 1728 2662 41.
1758 2620 1890 2671 ibique

1018 2680 1148 2720 Burm.
1175 2680 1296 2719 Bach.
1322 2680 1373 2720 ad
1397 2679 1511 2719 Ovid.
1537 2679 1633 2718 Met.
1647 2677 1710 2723 111.
1737 2677 1791 2730 2.]

1081 2749 1201 2788 lateri
1238 2748 1502 2787 adhaerebat.
1539 2746 1741 2799 [Haerere
1771 2744 1891 2784 lateri

1022 2806 1185 2844 comites
1217 2805 1408 2850 dicuntur,
1446 2804 1511 2854 qui
1539 2803 1706 2853 vestigia
1729 2801 1889 2839 alterius

1020 2875 1162 2912 presse
1192 2865 1406 2912 sequuntur
1431 2860 1479 2899 cf.
1505 2859 1589 2898 Intt.
1616 2859 1665 2897 ad
1690 2856 1795 2898 Plin.
1814 2857 1889 2896 Pa-

1021 2931 1154 2970 negyr.
1193 2932 1224 2956 c.
1253 2922 1316 2958 24.
1355 2921 1396 2954 ut
1433 2918 1539 2957 latus
1575 2912 1749 2956 alit-uim
1780 2915 1888 2955 claa-

1021 2976 1117 3014 dere
1152 2975 1215 3012 vel
1258 2970 1396 3026 {effere
1438 2973 1486 3011 cl.
1530 2973 1622 3012 Hor.
1666 2972 1748 3010 Sat.
1776 2970 1820 3009 11.
1853 2975 1889 3011 5.

1021 3036 1084 3072 17.
1126 3036 1187 3071 18.
1228 3031 1340 3081 Lips.
1383 3029 1505 3068 Elect.
1532 3029 1591 3068 ll.¹
1615 3033 1651 3070 2.
1693 3028 1796 3079 Rup.
1839 3027 1890 3065 ad

1018 3087 1097 3126 luv.
1137 3089 1218 3127 Sat.
1250 3086 1312 3125 ΙΙΙ.
1355 3091 1443 3127 131.
1474 3085 1593 3137 Apul.
1625 3085 1721 3124 Met.
1747 3082 1815 3122 lX.
1851 3097 1888 3136 p.

1019 3145 1129 3198 637]
1545 3163 1547 3165 -
