<?xml version="1.0" encoding="UTF-8"?>
<!DOCTYPE html PUBLIC "-//W3C//DTD XHTML 1.0 Transitional//EN"
    "http://www.w3.org/TR/xhtml1/DTD/xhtml1-transitional.dtd">
<html xmlns="http://www.w3.org/1999/xhtml" xml:lang="en" lang="en">
 <head>
  <title>
</title>
<meta http-equiv="Content-Type" content="text/html;charset=utf-8" />
  <meta name='ocr-system' content='tesseract 3.04.00' />
  <meta name='ocr-capabilities' content='ocr_page ocr_carea ocr_par ocr_line ocrx_word'/>
</head>
<body>
  <div class='ocr_page' id='page_1' title='image "./operaomnia01apuluoft/operaomnia01apuluoft_0977.png"; bbox 0 0 2155 3590; ppageno 0'>
   <div class='ocr_carea' id='block_1_1' title="bbox 664 203 1844 247">
    <p class='ocr_par' dir='ltr' id='par_1_1' title="bbox 664 203 1844 247">
     <span class='ocr_line' id='line_1_1' title="bbox 664 203 1844 247; baseline -0.003 -1"><span class='ocrx_word' id='word_1_1' title='bbox 664 207 851 247; x_wconf 89' lang='lat' dir='ltr'>LIBER</span> <span class='ocrx_word' id='word_1_2' title='bbox 879 205 953 246; x_wconf 84' lang='lat' dir='ltr'><strong>IX.</strong></span> <span class='ocrx_word' id='word_1_3' title='bbox 1012 205 1136 246; x_wconf 88' lang='lat' dir='ltr'><strong>CAP.</strong></span> <span class='ocrx_word' id='word_1_4' title='bbox 1161 204 1265 245; x_wconf 64' lang='lat' dir='ltr'>Vll}</span> <span class='ocrx_word' id='word_1_5' title='bbox 1763 203 1844 244; x_wconf 69' lang='lat'>763</span> 
     </span>
    </p>
   </div>
   <div class='ocr_carea' id='block_1_2' title="bbox 74 313 1846 430">
    <p class='ocr_par' dir='ltr' id='par_1_2' title="bbox 74 313 1846 430">
     <span class='ocr_line' id='line_1_2' title="bbox 75 313 1844 374; baseline -0.005 -13"><span class='ocrx_word' id='word_1_6' title='bbox 75 319 308 361; x_wconf 78' lang='lat' dir='ltr'>bellissimus</span> <span class='ocrx_word' id='word_1_7' title='bbox 331 318 397 360; x_wconf 89' lang='lat' dir='ltr'>ille</span> <span class='ocrx_word' id='word_1_8' title='bbox 421 318 554 374; x_wconf 76' lang='lat' dir='ltr'>pusio,</span> <span class='ocrx_word' id='word_1_9' title='bbox 588 318 812 359; x_wconf 78' lang='lat' dir='ltr'>inclinatam</span> <span class='ocrx_word' id='word_1_10' title='bbox 842 318 945 359; x_wconf 89' lang='lat' dir='ltr'>dolio</span> <span class='ocrx_word' id='word_1_11' title='bbox 976 331 1136 372; x_wconf 88' lang='lat' dir='ltr'>pronam</span> <span class='ocrx_word' id='word_1_12' title='bbox 1165 329 1331 356; x_wconf 86' lang='lat' dir='ltr'>uxorem</span> <span class='ocrx_word' id='word_1_13' title='bbox 1362 313 1464 355; x_wconf 79' lang='lat' dir='ltr'>fabri</span> <span class='ocrx_word' id='word_1_14' title='bbox 1499 313 1844 368; x_wconf 79' lang='lat' dir='ltr'><strong>superincurvatus</strong></span> 
     </span>
     <span class='ocr_line' id='line_1_3' title="bbox 74 371 1846 430; baseline -0.006 -12"><span class='ocrx_word' id='word_1_15' title='bbox 74 390 212 418; x_wconf 83' lang='lat' dir='ltr'>secure</span> <span class='ocrx_word' id='word_1_16' title='bbox 237 376 451 417; x_wconf 82' lang='lat' dir='ltr'>dedolabat.</span> <span class='ocrx_word' id='word_1_17' title='bbox 487 375 564 416; x_wconf 87' lang='lat' dir='ltr'>Ast</span> <span class='ocrx_word' id='word_1_18' title='bbox 586 375 652 415; x_wconf 90' lang='lat' dir='ltr'>illa</span> <span class='ocrx_word' id='word_1_19' title='bbox 678 375 802 430; x_wconf 86' lang='lat' dir='ltr'>capite</span> <span class='ocrx_word' id='word_1_20' title='bbox 826 375 867 415; x_wconf 91' lang='lat' dir='ltr'>in</span> <span class='ocrx_word' id='word_1_21' title='bbox 892 374 1035 415; x_wconf 91' lang='lat' dir='ltr'>dolium</span> <span class='ocrx_word' id='word_1_22' title='bbox 1059 373 1241 422; x_wconf 87' lang='lat' dir='ltr'>demisso,</span> <span class='ocrx_word' id='word_1_23' title='bbox 1268 371 1449 411; x_wconf 82' lang='lat' dir='ltr'>maritum</span> <span class='ocrx_word' id='word_1_24' title='bbox 1474 385 1584 411; x_wconf 91' lang='lat' dir='ltr'>suum</span> <span class='ocrx_word' id='word_1_25' title='bbox 1609 377 1697 409; x_wconf 85' lang='lat' dir='ltr'>astu</span> <span class='ocrx_word' id='word_1_26' title='bbox 1721 383 1846 410; x_wconf 86' lang='lat' dir='ltr'>mere-</span> 
     </span>
    </p>
   </div>
   <div class='ocr_carea' id='block_1_3' title="bbox 73 496 1848 761">
    <p class='ocr_par' dir='ltr' id='par_1_3' title="bbox 73 496 1848 761">
     <span class='ocr_line' id='line_1_4' title="bbox 74 496 1846 535; baseline -0.004 -3"><span class='ocrx_word' id='word_1_27' title='bbox 74 502 274 532; x_wconf 63' lang='lat' dir='ltr'>nouissimus</span> <span class='ocrx_word' id='word_1_28' title='bbox 282 505 319 532; x_wconf 89' lang='lat' dir='ltr'>G.</span> <span class='ocrx_word' id='word_1_29' title='bbox 330 499 570 532; x_wconf 74' lang='lat' dir='ltr'><strong>1.2.P.D.o.‹5.</strong></span> <span class='ocrx_word' id='word_1_30' title='bbox 602 501 784 530; x_wconf 66' lang='lat' dir='ltr'>vilissimus</span> <span class='ocrx_word' id='word_1_31' title='bbox 794 503 959 533; x_wconf 76' lang='lat' dir='ltr'><strong>F.1.1..R.</strong></span> <span class='ocrx_word' id='word_1_32' title='bbox 974 501 995 530; x_wconf 80' lang='lat' dir='ltr'>f.</span> <span class='ocrx_word' id='word_1_33' title='bbox 1006 520 1014 535; x_wconf 95' lang='lat'>‚</span> <span class='ocrx_word' id='word_1_34' title='bbox 1039 501 1125 530; x_wconf 84' lang='lat' dir='ltr'>unde</span> <span class='ocrx_word' id='word_1_35' title='bbox 1136 501 1219 528; x_wconf 85' lang='lat' dir='ltr'>Eim.</span> <span class='ocrx_word' id='word_1_36' title='bbox 1234 497 1369 527; x_wconf 83' lang='lat' dir='ltr'>coniecit</span> <span class='ocrx_word' id='word_1_37' title='bbox 1394 496 1642 525; x_wconf 76' lang='lat' dir='ltr'>rr&#39;nnnlz‘ssr&#39;mus</span> <span class='ocrx_word' id='word_1_38' title='bbox 1657 499 1728 525; x_wconf 86' lang='lat' dir='ltr'>coll.</span> <span class='ocrx_word' id='word_1_39' title='bbox 1739 498 1846 526; x_wconf 85' lang='lat' dir='ltr'>Plaut.</span> 
     </span>
     <span class='ocr_line' id='line_1_5' title="bbox 73 544 1847 584; baseline -0.005 -6"><span class='ocrx_word' id='word_1_40' title='bbox 73 549 167 578; x_wconf 84' lang='lat' dir='ltr'>Asin.</span> <span class='ocrx_word' id='word_1_41' title='bbox 179 550 204 577; x_wconf 94' lang='lat'>1.</span> <span class='ocrx_word' id='word_1_42' title='bbox 218 550 248 578; x_wconf 85' lang='lat'>3.</span> <span class='ocrx_word' id='word_1_43' title='bbox 258 549 310 576; x_wconf 89' lang='grc'>70.</span> <span class='ocrx_word' id='word_1_44' title='bbox 335 547 491 575; x_wconf 78' lang='lat' dir='ltr'>oratione</span> <span class='ocrx_word' id='word_1_45' title='bbox 504 547 599 575; x_wconf 70' lang='lat' dir='ltr'>vr&#39;nn</span> <span class='ocrx_word' id='word_1_46' title='bbox 609 547 692 584; x_wconf 83' lang='lat' dir='ltr'>ula,</span> <span class='ocrx_word' id='word_1_47' title='bbox 717 546 895 575; x_wconf 72' lang='lat' dir='ltr'>venustula</span> <span class='ocrx_word' id='word_1_48' title='bbox 909 547 1258 579; x_wconf 77' lang='lat' dir='ltr'>c011.Dous.Explanat</span> <span class='ocrx_word' id='word_1_49' title='bbox 1268 544 1450 572; x_wconf 84' lang='lat' dir='ltr'>Plaut.L.1.</span> <span class='ocrx_word' id='word_1_50' title='bbox 1464 544 1524 570; x_wconf 83' lang='lat' dir='ltr'>Sed</span> <span class='ocrx_word' id='word_1_51' title='bbox 1538 545 1674 576; x_wconf 72' lang='lat' dir='ltr'>vulgata</span> <span class='ocrx_word' id='word_1_52' title='bbox 1687 547 1774 570; x_wconf 84' lang='lat' dir='ltr'>recta</span> <span class='ocrx_word' id='word_1_53' title='bbox 1787 546 1847 570; x_wconf 79' lang='lat' dir='ltr'>est.</span> 
     </span>
     <span class='ocr_line' id='line_1_6' title="bbox 74 587 1848 623; baseline -0.005 -1"><span class='ocrx_word' id='word_1_54' title='bbox 74 594 166 622; x_wconf 76' lang='lat' dir='ltr'>Patet</span> <span class='ocrx_word' id='word_1_55' title='bbox 181 594 290 622; x_wconf 85' lang='lat' dir='ltr'>varias</span> <span class='ocrx_word' id='word_1_56' title='bbox 302 593 458 621; x_wconf 76' lang='lat' dir='ltr'>lectiones</span> <span class='ocrx_word' id='word_1_57' title='bbox 469 597 564 621; x_wconf 80' lang='lat' dir='ltr'>natas</span> <span class='ocrx_word' id='word_1_58' title='bbox 577 594 667 621; x_wconf 90' lang='lat' dir='ltr'>modo</span> <span class='ocrx_word' id='word_1_59' title='bbox 681 601 722 621; x_wconf 86' lang='lat' dir='ltr'>ex</span> <span class='ocrx_word' id='word_1_60' title='bbox 735 595 847 621; x_wconf 85' lang='lat' dir='ltr'>crebra</span> <span class='ocrx_word' id='word_1_61' title='bbox 860 591 1047 620; x_wconf 71' lang='lat' dir='ltr'>confusione</span> <span class='ocrx_word' id='word_1_62' title='bbox 1059 591 1238 619; x_wconf 73' lang='lat' dir='ltr'>litterarum</span> <span class='ocrx_word' id='word_1_63' title='bbox 1250 587 1268 615; x_wconf 86' lang='lat' dir='ltr'>b</span> <span class='ocrx_word' id='word_1_64' title='bbox 1282 592 1311 616; x_wconf 84' lang='lat' dir='ltr'>et</span> <span class='ocrx_word' id='word_1_65' title='bbox 1326 596 1342 614; x_wconf 78' lang='lat' dir='ltr'><em>v</em></span> <span class='ocrx_word' id='word_1_66' title='bbox 1352 609 1359 623; x_wconf 83' lang='lat'>,</span> <span class='ocrx_word' id='word_1_67' title='bbox 1375 591 1406 615; x_wconf 79' lang='lat' dir='ltr'>ut</span> <span class='ocrx_word' id='word_1_68' title='bbox 1421 587 1598 615; x_wconf 78' lang='lat' dir='ltr'>innumeris</span> <span class='ocrx_word' id='word_1_69' title='bbox 1611 587 1742 620; x_wconf 78' lang='lat' dir='ltr'>Apuleii</span> <span class='ocrx_word' id='word_1_70' title='bbox 1755 587 1848 615; x_wconf 77' lang='lat' dir='ltr'>locis.</span> 
     </span>
     <span class='ocr_line' id='line_1_7' title="bbox 73 629 1848 672; baseline -0.006 -6"><span class='ocrx_word' id='word_1_71' title='bbox 73 639 111 666; x_wconf 89' lang='lat' dir='ltr'>In</span> <span class='ocrx_word' id='word_1_72' title='bbox 123 639 234 667; x_wconf 84' lang='lat' dir='ltr'>eadem</span> <span class='ocrx_word' id='word_1_73' title='bbox 249 638 315 666; x_wconf 83' lang='lat' dir='ltr'>fere</span> <span class='ocrx_word' id='word_1_74' title='bbox 326 646 360 666; x_wconf 87' lang='lat' dir='ltr'>re</span> <span class='ocrx_word' id='word_1_75' title='bbox 372 639 456 666; x_wconf 76' lang='lat' dir='ltr'>VIII.</span> <span class='ocrx_word' id='word_1_76' title='bbox 470 645 498 672; x_wconf 84' lang='lat' dir='ltr'>p.</span> <span class='ocrx_word' id='word_1_77' title='bbox 513 639 587 666; x_wconf 85' lang='lat'><strong>577.</strong></span> <span class='ocrx_word' id='word_1_78' title='bbox 612 636 719 665; x_wconf 83' lang='lat' dir='ltr'>bellu</span> <span class='ocrx_word' id='word_1_79' title='bbox 728 646 756 664; x_wconf 85' lang='lat' dir='ltr'>m</span> <span class='ocrx_word' id='word_1_80' title='bbox 772 634 1070 672; x_wconf 77' lang='lat' dir='ltr'>scilz&#39;cetpullnlum</span> <span class='ocrx_word' id='word_1_81' title='bbox 1080 657 1087 669; x_wconf 76' lang='grc'>,</span> <span class='ocrx_word' id='word_1_82' title='bbox 1114 635 1167 662; x_wconf 83' lang='lat' dir='ltr'>ubi</span> <span class='ocrx_word' id='word_1_83' title='bbox 1180 637 1260 662; x_wconf 84' lang='lat' dir='ltr'>Mss.</span> <span class='ocrx_word' id='word_1_84' title='bbox 1273 633 1348 661; x_wconf 76' lang='grc'><strong>119111</strong></span> <span class='ocrx_word' id='word_1_85' title='bbox 1360 632 1442 660; x_wconf 80' lang='lat' dir='ltr'>inter</span> <span class='ocrx_word' id='word_1_86' title='bbox 1455 630 1591 666; x_wconf 72' lang='lat' dir='ltr'>vellum,</span> <span class='ocrx_word' id='word_1_87' title='bbox 1618 630 1722 658; x_wconf 79' lang='lat' dir='ltr'>velum</span> <span class='ocrx_word' id='word_1_88' title='bbox 1737 635 1764 659; x_wconf 82' lang='lat' dir='ltr'>et</span> <span class='ocrx_word' id='word_1_89' title='bbox 1779 629 1848 658; x_wconf 84' lang='lat' dir='ltr'>bel-</span> 
     </span>
     <span class='ocr_line' id='line_1_8' title="bbox 74 675 1848 718; baseline -0.003 -9"><span class='ocrx_word' id='word_1_90' title='bbox 74 680 141 710; x_wconf 84' lang='lat' dir='ltr'>lum</span> <span class='ocrx_word' id='word_1_91' title='bbox 154 683 293 711; x_wconf 79' lang='lat' dir='ltr'>variant.</span> <span class='ocrx_word' id='word_1_92' title='bbox 335 689 472 718; x_wconf 78' lang='lat' dir='ltr'>pronem</span> <span class='ocrx_word' id='word_1_93' title='bbox 487 680 516 712; x_wconf 83' lang='grc' dir='ltr'>δ.</span> <span class='ocrx_word' id='word_1_94' title='bbox 563 681 738 709; x_wconf 75' lang='lat' dir='ltr'>dedolebat</span> <span class='ocrx_word' id='word_1_95' title='bbox 750 679 778 710; x_wconf 79' lang='grc' dir='ltr'>ὃ.</span> <span class='ocrx_word' id='word_1_96' title='bbox 794 690 823 717; x_wconf 89' lang='lat' dir='ltr'>p.</span> <span class='ocrx_word' id='word_1_97' title='bbox 857 679 1057 708; x_wconf 81' lang='lat' dir='ltr'>dedolabrat</span> <span class='ocrx_word' id='word_1_98' title='bbox 1068 682 1104 708; x_wconf 85' lang='lat' dir='ltr'><strong>G.</strong></span> <span class='ocrx_word' id='word_1_99' title='bbox 1120 681 1148 708; x_wconf 89' lang='lat'>1.</span> <span class='ocrx_word' id='word_1_100' title='bbox 1162 680 1196 708; x_wconf 90' lang='grc' dir='ltr'>Ο.</span> <span class='ocrx_word' id='word_1_101' title='bbox 1233 681 1289 706; x_wconf 81' lang='lat' dir='ltr'>ast</span> <span class='ocrx_word' id='word_1_102' title='bbox 1301 675 1362 704; x_wconf 72' lang='lat' dir='ltr'>illa</span> <span class='ocrx_word' id='word_1_103' title='bbox 1375 675 1410 705; x_wconf 92' lang='lat' dir='ltr'>F.</span> <span class='ocrx_word' id='word_1_104' title='bbox 1425 678 1455 705; x_wconf 86' lang='lat'>3.</span> <span class='ocrx_word' id='word_1_105' title='bbox 1469 678 1505 704; x_wconf 88' lang='lat' dir='ltr'>G.</span> <span class='ocrx_word' id='word_1_106' title='bbox 1524 677 1552 705; x_wconf 85' lang='lat'>1.</span> <span class='ocrx_word' id='word_1_107' title='bbox 1566 677 1596 704; x_wconf 83' lang='grc'>2.</span> <span class='ocrx_word' id='word_1_108' title='bbox 1611 685 1640 711; x_wconf 86' lang='lat' dir='ltr'>p.</span> <span class='ocrx_word' id='word_1_109' title='bbox 1663 677 1700 704; x_wconf 89' lang='lat' dir='ltr'>In</span> <span class='ocrx_word' id='word_1_110' title='bbox 1713 680 1784 704; x_wconf 82' lang='lat' dir='ltr'>cett.</span> <span class='ocrx_word' id='word_1_111' title='bbox 1798 677 1848 704; x_wconf 83' lang='lat' dir='ltr'>at.</span> 
     </span>
     <span class='ocr_line' id='line_1_9' title="bbox 73 722 1525 761; baseline -0.004 -6"><span class='ocrx_word' id='word_1_112' title='bbox 73 726 137 755; x_wconf 70' lang='lat' dir='ltr'>illa</span> <span class='ocrx_word' id='word_1_113' title='bbox 156 735 220 756; x_wconf 87' lang='lat' dir='ltr'>non</span> <span class='ocrx_word' id='word_1_114' title='bbox 238 731 396 761; x_wconf 79' lang='lat' dir='ltr'>comparet</span> <span class='ocrx_word' id='word_1_115' title='bbox 416 727 451 756; x_wconf 88' lang='lat' dir='ltr'>in</span> <span class='ocrx_word' id='word_1_116' title='bbox 468 724 497 757; x_wconf 79' lang='grc' dir='ltr'>ὃ.</span> <span class='ocrx_word' id='word_1_117' title='bbox 544 725 678 756; x_wconf 77' lang='lat' dir='ltr'>dinu&#39;sso</span> <span class='ocrx_word' id='word_1_118' title='bbox 694 727 715 756; x_wconf 83' lang='lat' dir='ltr'>f.</span> <span class='ocrx_word' id='word_1_119' title='bbox 733 728 830 757; x_wconf 75' lang='lat' dir='ltr'>solita</span> <span class='ocrx_word' id='word_1_120' title='bbox 847 726 1061 756; x_wconf 72' lang='lat' dir='ltr'>aberratione.</span> <span class='ocrx_word' id='word_1_121' title='bbox 1107 723 1203 752; x_wconf 70' lang='lat' dir='ltr'>asma·</span> <span class='ocrx_word' id='word_1_122' title='bbox 1211 724 1248 752; x_wconf 90' lang='lat' dir='ltr'>P.</span> <span class='ocrx_word' id='word_1_123' title='bbox 1278 724 1377 751; x_wconf 84' lang='lat' dir='ltr'>astru</span> <span class='ocrx_word' id='word_1_124' title='bbox 1391 723 1427 750; x_wconf 83' lang='lat' dir='ltr'>G.</span> <span class='ocrx_word' id='word_1_125' title='bbox 1439 723 1472 750; x_wconf 83' lang='lat'>2.</span> <span class='ocrx_word' id='word_1_126' title='bbox 1484 722 1525 750; x_wconf 85' lang='lat' dir='ltr'>D.</span> 
     </span>
    </p>
   </div>
   <div class='ocr_carea' id='block_1_4' title="bbox 76 835 948 3244">
    <p class='ocr_par' dir='ltr' id='par_1_4' title="bbox 76 835 943 2513">
     <span class='ocr_line' id='line_1_10' title="bbox 77 835 936 887; baseline -0.001 -13"><span class='ocrx_word' id='word_1_127' title='bbox 77 850 153 887; x_wconf 90' lang='lat' dir='ltr'>quo</span> <span class='ocrx_word' id='word_1_128' title='bbox 183 835 298 874; x_wconf 87' lang='lat' dir='ltr'>etiam</span> <span class='ocrx_word' id='word_1_129' title='bbox 327 836 518 887; x_wconf 89' lang='lat' dir='ltr'>pertinere</span> <span class='ocrx_word' id='word_1_130' title='bbox 548 836 747 874; x_wconf 81' lang='lat' dir='ltr'>videantur</span> <span class='ocrx_word' id='word_1_131' title='bbox 779 848 936 887; x_wconf 85' lang='lat' dir='ltr'>praece-</span> 
     </span>
     <span class='ocr_line' id='line_1_11' title="bbox 77 890 936 944; baseline 0 -15"><span class='ocrx_word' id='word_1_132' title='bbox 77 892 225 931; x_wconf 84' lang='lat' dir='ltr'>dentia:</span> <span class='ocrx_word' id='word_1_133' title='bbox 253 893 360 931; x_wconf 84' lang='lat' dir='ltr'>rimis</span> <span class='ocrx_word' id='word_1_134' title='bbox 384 892 587 931; x_wconf 72' lang='lat' dir='ltr'><strong><em>hiantibus</em></strong></span> <span class='ocrx_word' id='word_1_135' title='bbox 615 906 808 944; x_wconf 83' lang='lat' dir='ltr'>quassum.</span> <span class='ocrx_word' id='word_1_136' title='bbox 834 890 936 930; x_wconf 88' lang='lat' dir='ltr'>Oud.</span> 
     </span>
     <span class='ocr_line' id='line_1_12' title="bbox 76 948 936 1000; baseline 0 -15"><span class='ocrx_word' id='word_1_137' title='bbox 76 960 169 986; x_wconf 87' lang='lat' dir='ltr'>vero</span> <span class='ocrx_word' id='word_1_138' title='bbox 197 962 269 986; x_wconf 92' lang='lat' dir='ltr'>non</span> <span class='ocrx_word' id='word_1_139' title='bbox 294 949 407 1000; x_wconf 78' lang='lat' dir='ltr'>capit,</span> <span class='ocrx_word' id='word_1_140' title='bbox 434 949 525 999; x_wconf 90' lang='lat' dir='ltr'>quid</span> <span class='ocrx_word' id='word_1_141' title='bbox 549 948 624 986; x_wconf 88' lang='lat' dir='ltr'>sibi</span> <span class='ocrx_word' id='word_1_142' title='bbox 647 948 740 986; x_wconf 84' lang='lat' dir='ltr'>velit</span> <span class='ocrx_word' id='word_1_143' title='bbox 764 949 936 987; x_wconf 85' lang='lat' dir='ltr'>cariosa.</span> 
     </span>
     <span class='ocr_line' id='line_1_13' title="bbox 77 1003 939 1054; baseline -0.001 -12"><span class='ocrx_word' id='word_1_144' title='bbox 77 1004 137 1042; x_wconf 89' lang='lat' dir='ltr'>Ea</span> <span class='ocrx_word' id='word_1_145' title='bbox 166 1017 243 1042; x_wconf 80' lang='lat' dir='ltr'>vox</span> <span class='ocrx_word' id='word_1_146' title='bbox 275 1005 310 1042; x_wconf 90' lang='lat' dir='ltr'>ei</span> <span class='ocrx_word' id='word_1_147' title='bbox 339 1005 488 1042; x_wconf 82' lang='lat' dir='ltr'>videtur</span> <span class='ocrx_word' id='word_1_148' title='bbox 516 1018 591 1043; x_wconf 90' lang='lat' dir='ltr'>non</span> <span class='ocrx_word' id='word_1_149' title='bbox 627 1003 842 1054; x_wconf 81' lang='lat' dir='ltr'>significare</span> <span class='ocrx_word' id='word_1_150' title='bbox 876 1003 939 1042; x_wconf 86' lang='lat' dir='ltr'>hic</span> 
     </span>
     <span class='ocr_line' id='line_1_14' title="bbox 77 1060 938 1113; baseline 0.001 -15"><span class='ocrx_word' id='word_1_151' title='bbox 77 1072 198 1113; x_wconf 89' lang='lat' dir='ltr'>posse</span> <span class='ocrx_word' id='word_1_152' title='bbox 222 1061 294 1098; x_wconf 90' lang='lat' dir='ltr'>nisi</span> <span class='ocrx_word' id='word_1_153' title='bbox 320 1065 528 1107; x_wconf 72' lang='lat' dir='ltr'>vetustam,</span> <span class='ocrx_word' id='word_1_154' title='bbox 553 1063 592 1099; x_wconf 92' lang='lat' dir='ltr'>et</span> <span class='ocrx_word' id='word_1_155' title='bbox 617 1060 728 1111; x_wconf 88' lang='lat' dir='ltr'>quasi</span> <span class='ocrx_word' id='word_1_156' title='bbox 748 1060 848 1098; x_wconf 90' lang='lat' dir='ltr'>carie</span> <span class='ocrx_word' id='word_1_157' title='bbox 867 1073 938 1099; x_wconf 72' lang='lat' dir='ltr'>ea:-</span> 
     </span>
     <span class='ocr_line' id='line_1_15' title="bbox 80 1115 936 1167; baseline -0.001 -12"><span class='ocrx_word' id='word_1_158' title='bbox 80 1131 184 1155; x_wconf 87' lang='lat' dir='ltr'>esam</span> <span class='ocrx_word' id='word_1_159' title='bbox 206 1115 271 1154; x_wconf 69' lang='lat' dir='ltr'>vel</span> <span class='ocrx_word' id='word_1_160' title='bbox 297 1117 474 1156; x_wconf 79' lang='lat' dir='ltr'><strong>obsitam.</strong></span> <span class='ocrx_word' id='word_1_161' title='bbox 509 1115 611 1155; x_wconf 79' lang='lat' dir='ltr'>Nam</span> <span class='ocrx_word' id='word_1_162' title='bbox 634 1116 789 1155; x_wconf 70' lang='lat' dir='ltr'>(lolium</span> <span class='ocrx_word' id='word_1_163' title='bbox 812 1129 936 1167; x_wconf 86' lang='lat' dir='ltr'>posse</span> 
     </span>
     <span class='ocr_line' id='line_1_16' title="bbox 77 1171 936 1224; baseline 0 -14"><span class='ocrx_word' id='word_1_164' title='bbox 77 1173 206 1211; x_wconf 78' lang='lat' dir='ltr'>vocari</span> <span class='ocrx_word' id='word_1_165' title='bbox 230 1177 387 1219; x_wconf 80' lang='lat' dir='ltr'>testam,</span> <span class='ocrx_word' id='word_1_166' title='bbox 422 1173 562 1224; x_wconf 88' lang='lat' dir='ltr'>probat</span> <span class='ocrx_word' id='word_1_167' title='bbox 592 1185 641 1210; x_wconf 87' lang='lat' dir='ltr'>ex</span> <span class='ocrx_word' id='word_1_168' title='bbox 670 1171 798 1209; x_wconf 81' lang='lat' dir='ltr'>Iuven.</span> <span class='ocrx_word' id='word_1_169' title='bbox 830 1171 854 1210; x_wconf 95' lang='lat' dir='ltr'>l.</span> <span class='ocrx_word' id='word_1_170' title='bbox 885 1185 936 1217; x_wconf 71' lang='lat' dir='ltr'>c..</span> 
     </span>
     <span class='ocr_line' id='line_1_17' title="bbox 78 1226 937 1280; baseline -0.002 -13"><span class='ocrx_word' id='word_1_171' title='bbox 78 1228 129 1267; x_wconf 90' lang='lat' dir='ltr'>de</span> <span class='ocrx_word' id='word_1_172' title='bbox 158 1242 234 1280; x_wconf 90' lang='lat' dir='ltr'>quo</span> <span class='ocrx_word' id='word_1_173' title='bbox 265 1241 467 1280; x_wconf 82' lang='lat' dir='ltr'>perperam</span> <span class='ocrx_word' id='word_1_174' title='bbox 504 1227 704 1266; x_wconf 81' lang='lat' dir='ltr'>dubitabat</span> <span class='ocrx_word' id='word_1_175' title='bbox 738 1226 937 1272; x_wconf 84' lang='lat' dir='ltr'>Pricaeus,</span> 
     </span>
     <span class='ocr_line' id='line_1_18' title="bbox 79 1283 938 1335; baseline -0.002 -12"><span class='ocrx_word' id='word_1_176' title='bbox 79 1298 194 1335; x_wconf 89' lang='lat' dir='ltr'>quum</span> <span class='ocrx_word' id='word_1_177' title='bbox 219 1284 269 1322; x_wconf 89' lang='lat' dir='ltr'>de</span> <span class='ocrx_word' id='word_1_178' title='bbox 293 1284 396 1322; x_wconf 91' lang='lat' dir='ltr'>dolio</span> <span class='ocrx_word' id='word_1_179' title='bbox 420 1283 610 1334; x_wconf 82' lang='lat' dir='ltr'>Diogenis</span> <span class='ocrx_word' id='word_1_180' title='bbox 635 1296 762 1321; x_wconf 89' lang='lat' dir='ltr'>sermo</span> <span class='ocrx_word' id='word_1_181' title='bbox 787 1285 848 1322; x_wconf 90' lang='lat' dir='ltr'>sit.</span> <span class='ocrx_word' id='word_1_182' title='bbox 883 1284 938 1321; x_wconf 86' lang='lat' dir='ltr'>At</span> 
     </span>
     <span class='ocr_line' id='line_1_19' title="bbox 77 1339 938 1385; baseline -0.002 -7"><span class='ocrx_word' id='word_1_183' title='bbox 77 1340 180 1380; x_wconf 86' lang='lat' dir='ltr'>Oud.</span> <span class='ocrx_word' id='word_1_184' title='bbox 211 1341 247 1378; x_wconf 89' lang='lat' dir='ltr'>in</span> <span class='ocrx_word' id='word_1_185' title='bbox 278 1339 484 1378; x_wconf 77' lang='lat' dir='ltr'>ablativum</span> <span class='ocrx_word' id='word_1_186' title='bbox 510 1339 679 1385; x_wconf 85' lang='lat' dir='ltr'>inclinat,</span> <span class='ocrx_word' id='word_1_187' title='bbox 711 1352 760 1376; x_wconf 92' lang='lat' dir='ltr'>ne</span> <span class='ocrx_word' id='word_1_188' title='bbox 785 1353 938 1377; x_wconf 85' lang='lat' dir='ltr'>accura-</span> 
     </span>
     <span class='ocr_line' id='line_1_20' title="bbox 77 1395 938 1446; baseline -0.003 -12"><span class='ocrx_word' id='word_1_189' title='bbox 77 1397 253 1434; x_wconf 80' lang='lat' dir='ltr'>tissimus</span> <span class='ocrx_word' id='word_1_190' title='bbox 267 1397 302 1434; x_wconf 89' lang='lat' dir='ltr'>iu</span> <span class='ocrx_word' id='word_1_191' title='bbox 316 1396 458 1434; x_wconf 82' lang='lat' dir='ltr'>talibus</span> <span class='ocrx_word' id='word_1_192' title='bbox 471 1395 792 1446; x_wconf 80' lang='lat' dir='ltr'>descriptionibus</span> <span class='ocrx_word' id='word_1_193' title='bbox 806 1399 938 1433; x_wconf 79' lang='lat' dir='ltr'>auctor</span> 
     </span>
     <span class='ocr_line' id='line_1_21' title="bbox 78 1451 938 1503; baseline -0.001 -14"><span class='ocrx_word' id='word_1_194' title='bbox 78 1452 251 1491; x_wconf 85' lang='lat' dir='ltr'>omiserit</span> <span class='ocrx_word' id='word_1_195' title='bbox 273 1452 476 1503; x_wconf 84' lang='lat' dir='ltr'>scalpendi</span> <span class='ocrx_word' id='word_1_196' title='bbox 501 1452 801 1489; x_wconf 75' lang='lat' dir='ltr'>instrumentum.</span> <span class='ocrx_word' id='word_1_197' title='bbox 831 1451 938 1488; x_wconf 82' lang='lat' dir='ltr'>Unde</span> 
     </span>
     <span class='ocr_line' id='line_1_22' title="bbox 78 1507 938 1546; baseline -0.002 0"><span class='ocrx_word' id='word_1_198' title='bbox 78 1508 253 1546; x_wconf 80' lang='lat' dir='ltr'>immutat</span> <span class='ocrx_word' id='word_1_199' title='bbox 266 1508 470 1546; x_wconf 80' lang='lat' dir='ltr'>vocabula:</span> <span class='ocrx_word' id='word_1_200' title='bbox 496 1507 666 1546; x_wconf 77' lang='lat' dir='ltr'>scabiem</span> <span class='ocrx_word' id='word_1_201' title='bbox 683 1507 745 1544; x_wconf 77' lang='lat' dir='ltr'>vel</span> <span class='ocrx_word' id='word_1_202' title='bbox 761 1507 938 1546; x_wconf 85' lang='lat' dir='ltr'>scabrcm</span> 
     </span>
     <span class='ocr_line' id='line_1_23' title="bbox 80 1561 937 1604; baseline -0.002 -1"><span class='ocrx_word' id='word_1_203' title='bbox 80 1564 279 1604; x_wconf 82' lang='lat' dir='ltr'>cariosam</span> <span class='ocrx_word' id='word_1_204' title='bbox 301 1569 451 1604; x_wconf 70' lang='lat' dir='ltr'>vetusta</span> <span class='ocrx_word' id='word_1_205' title='bbox 476 1568 588 1603; x_wconf 78' lang='lat' dir='ltr'>testa.</span> <span class='ocrx_word' id='word_1_206' title='bbox 624 1563 711 1602; x_wconf 91' lang='lat' dir='ltr'>coll.</span> <span class='ocrx_word' id='word_1_207' title='bbox 741 1562 838 1601; x_wconf 81' lang='lat' dir='ltr'>Met.</span> <span class='ocrx_word' id='word_1_208' title='bbox 869 1561 937 1601; x_wconf 85' lang='lat' dir='ltr'>IX.</span> 
     </span>
     <span class='ocr_line' id='line_1_24' title="bbox 78 1619 938 1671; baseline -0.003 -10"><span class='ocrx_word' id='word_1_209' title='bbox 78 1633 116 1671; x_wconf 88' lang='lat' dir='ltr'>p.</span> <span class='ocrx_word' id='word_1_210' title='bbox 133 1623 225 1661; x_wconf 88' lang='lat'><strong>617.</strong></span> <span class='ocrx_word' id='word_1_211' title='bbox 241 1621 394 1659; x_wconf 71' lang='lat' dir='ltr'>cervice</span> <span class='ocrx_word' id='word_1_212' title='bbox 419 1621 617 1660; x_wconf 85' lang='lat' dir='ltr'>cariosa</span> <span class='ocrx_word' id='word_1_213' title='bbox 640 1619 846 1659; x_wconf 72' lang='lat' dir='ltr'>vulnerum</span> <span class='ocrx_word' id='word_1_214' title='bbox 861 1633 938 1671; x_wconf 80' lang='lat' dir='ltr'>pu-</span> 
     </span>
     <span class='ocr_line' id='line_1_25' title="bbox 80 1675 939 1728; baseline -0.003 -13"><span class='ocrx_word' id='word_1_215' title='bbox 80 1677 249 1716; x_wconf 79' lang='lat' dir='ltr'>tredine.</span> <span class='ocrx_word' id='word_1_216' title='bbox 297 1675 389 1728; x_wconf 82' lang='lat' dir='ltr'>[Cur</span> <span class='ocrx_word' id='word_1_217' title='bbox 420 1675 522 1715; x_wconf 90' lang='lat' dir='ltr'>Oud.</span> <span class='ocrx_word' id='word_1_218' title='bbox 560 1676 609 1714; x_wconf 89' lang='lat' dir='ltr'>de</span> <span class='ocrx_word' id='word_1_219' title='bbox 645 1688 742 1713; x_wconf 76' lang='lat' dir='ltr'>voce</span> <span class='ocrx_word' id='word_1_220' title='bbox 778 1676 939 1715; x_wconf 64' lang='lat' dir='ltr'>carfosa</span> 
     </span>
     <span class='ocr_line' id='line_1_26' title="bbox 81 1732 938 1783; baseline -0.002 -13"><span class='ocrx_word' id='word_1_221' title='bbox 81 1733 309 1771; x_wconf 68' lang='lat' dir='ltr'>dubitaverit</span> <span class='ocrx_word' id='word_1_222' title='bbox 344 1733 509 1782; x_wconf 85' lang='lat' dir='ltr'>hincque</span> <span class='ocrx_word' id='word_1_223' title='bbox 543 1736 664 1770; x_wconf 89' lang='lat' dir='ltr'>totum</span> <span class='ocrx_word' id='word_1_224' title='bbox 704 1732 828 1769; x_wconf 90' lang='lat' dir='ltr'>locum</span> <span class='ocrx_word' id='word_1_225' title='bbox 870 1744 938 1783; x_wconf 91' lang='lat' dir='ltr'>pro</span> 
     </span>
     <span class='ocr_line' id='line_1_27' title="bbox 79 1787 938 1839; baseline -0.002 -12"><span class='ocrx_word' id='word_1_226' title='bbox 79 1789 253 1828; x_wconf 85' lang='lat' dir='ltr'>mutilato</span> <span class='ocrx_word' id='word_1_227' title='bbox 289 1788 483 1835; x_wconf 83' lang='lat' dir='ltr'>habuerit,</span> <span class='ocrx_word' id='word_1_228' title='bbox 523 1789 589 1826; x_wconf 76' lang='lat' dir='ltr'>vix</span> <span class='ocrx_word' id='word_1_229' title='bbox 628 1787 830 1839; x_wconf 81' lang='lat' dir='ltr'>probabile</span> <span class='ocrx_word' id='word_1_230' title='bbox 865 1790 938 1825; x_wconf 89' lang='lat' dir='ltr'>est.</span> 
     </span>
     <span class='ocr_line' id='line_1_28' title="bbox 82 1845 940 1896; baseline -0.002 -12"><span class='ocrx_word' id='word_1_231' title='bbox 82 1845 291 1885; x_wconf 70' lang='lat' dir='ltr'>Curiosum</span> <span class='ocrx_word' id='word_1_232' title='bbox 315 1846 416 1884; x_wconf 88' lang='lat' dir='ltr'>enim</span> <span class='ocrx_word' id='word_1_233' title='bbox 434 1845 459 1883; x_wconf 91' lang='lat' dir='ltr'>i.</span> <span class='ocrx_word' id='word_1_234' title='bbox 473 1858 506 1884; x_wconf 90' lang='grc'>9.</span> <span class='ocrx_word' id='word_1_235' title='bbox 526 1848 753 1896; x_wconf 76' lang='lat' dir='ltr'>putrescens</span> <span class='ocrx_word' id='word_1_236' title='bbox 773 1845 940 1882; x_wconf 85' lang='lat' dir='ltr'>nomina-</span> 
     </span>
     <span class='ocr_line' id='line_1_29' title="bbox 79 1899 938 1952; baseline -0.002 -13"><span class='ocrx_word' id='word_1_237' title='bbox 79 1905 140 1939; x_wconf 85' lang='lat' dir='ltr'>tur</span> <span class='ocrx_word' id='word_1_238' title='bbox 164 1901 326 1947; x_wconf 90' lang='lat' dir='ltr'>dolium,</span> <span class='ocrx_word' id='word_1_239' title='bbox 357 1901 460 1952; x_wconf 88' lang='lat' dir='ltr'>quod</span> <span class='ocrx_word' id='word_1_240' title='bbox 491 1904 529 1938; x_wconf 90' lang='lat' dir='ltr'>et</span> <span class='ocrx_word' id='word_1_241' title='bbox 558 1901 698 1938; x_wconf 89' lang='lat' dir='ltr'>diutius</span> <span class='ocrx_word' id='word_1_242' title='bbox 729 1900 764 1938; x_wconf 90' lang='lat' dir='ltr'>in</span> <span class='ocrx_word' id='word_1_243' title='bbox 797 1899 938 1951; x_wconf 89' lang='lat' dir='ltr'>angulo</span> 
     </span>
     <span class='ocr_line' id='line_1_30' title="bbox 80 1956 941 2008; baseline -0.002 -13"><span class='ocrx_word' id='word_1_244' title='bbox 80 1956 356 2002; x_wconf 75' lang='lat' dir='ltr'>stabulaverat,</span> <span class='ocrx_word' id='word_1_245' title='bbox 367 1962 404 1995; x_wconf 89' lang='lat' dir='ltr'>et</span> <span class='ocrx_word' id='word_1_246' title='bbox 416 1960 572 2008; x_wconf 89' lang='lat' dir='ltr'>propter</span> <span class='ocrx_word' id='word_1_247' title='bbox 584 1960 828 2002; x_wconf 76' lang='lat' dir='ltr'>vetustatem,</span> <span class='ocrx_word' id='word_1_248' title='bbox 837 1956 941 1994; x_wconf 89' lang='lat' dir='ltr'>unde</span> 
     </span>
     <span class='ocr_line' id='line_1_31' title="bbox 79 2013 939 2052; baseline -0.001 -2"><span class='ocrx_word' id='word_1_249' title='bbox 79 2013 165 2051; x_wconf 88' lang='lat' dir='ltr'>eius</span> <span class='ocrx_word' id='word_1_250' title='bbox 189 2014 329 2052; x_wconf 86' lang='lat' dir='ltr'>sordes</span> <span class='ocrx_word' id='word_1_251' title='bbox 348 2014 588 2052; x_wconf 79' lang='lat' dir='ltr'>nominantur</span> <span class='ocrx_word' id='word_1_252' title='bbox 606 2013 759 2052; x_wconf 81' lang='lat' dir='ltr'>scabies</span> <span class='ocrx_word' id='word_1_253' title='bbox 776 2016 939 2051; x_wconf 75' lang='lat' dir='ltr'>vetusta.</span> 
     </span>
     <span class='ocr_line' id='line_1_32' title="bbox 80 2067 940 2108; baseline -0.001 -1"><span class='ocrx_word' id='word_1_254' title='bbox 80 2067 230 2108; x_wconf 88' lang='lat' dir='ltr'>Eadem</span> <span class='ocrx_word' id='word_1_255' title='bbox 259 2071 408 2108; x_wconf 88' lang='lat' dir='ltr'>ratione</span> <span class='ocrx_word' id='word_1_256' title='bbox 438 2069 603 2107; x_wconf 80' lang='lat' dir='ltr'>Ovidius</span> <span class='ocrx_word' id='word_1_257' title='bbox 636 2068 726 2106; x_wconf 91' lang='lat' dir='ltr'>dicit</span> <span class='ocrx_word' id='word_1_258' title='bbox 756 2068 871 2107; x_wconf 87' lang='lat' dir='ltr'>Trist.</span> <span class='ocrx_word' id='word_1_259' title='bbox 890 2067 940 2106; x_wconf 80' lang='lat' dir='ltr'>V.</span> 
     </span>
     <span class='ocr_line' id='line_1_33' title="bbox 83 2125 942 2166; baseline -0.003 -1"><span class='ocrx_word' id='word_1_260' title='bbox 83 2129 145 2165; x_wconf 85' lang='lat'>12.</span> <span class='ocrx_word' id='word_1_261' title='bbox 176 2129 242 2166; x_wconf 83' lang='lat'><strong>27.</strong></span> <span class='ocrx_word' id='word_1_262' title='bbox 271 2128 441 2165; x_wconf 70' lang='lat' dir='ltr'>vertitur</span> <span class='ocrx_word' id='word_1_263' title='bbox 476 2126 518 2163; x_wconf 82' lang='lat' dir='ltr'>in</span> <span class='ocrx_word' id='word_1_264' title='bbox 553 2129 729 2164; x_wconf 77' lang='lat' dir='ltr'>teneram</span> <span class='ocrx_word' id='word_1_265' title='bbox 764 2125 942 2163; x_wconf 84' lang='lat' dir='ltr'>cariem</span> 
     </span>
     <span class='ocr_line' id='line_1_34' title="bbox 80 2180 941 2233; baseline -0.002 -13"><span class='ocrx_word' id='word_1_266' title='bbox 80 2182 315 2233; x_wconf 79' lang='lat' dir='ltr'>rimisque</span> <span class='ocrx_word' id='word_1_267' title='bbox 340 2181 569 2227; x_wconf 77' lang='lat' dir='ltr'>dehiscit,</span> <span class='ocrx_word' id='word_1_268' title='bbox 601 2180 649 2218; x_wconf 77' lang='lat' dir='ltr'>Si</span> <span class='ocrx_word' id='word_1_269' title='bbox 681 2194 760 2232; x_wconf 82' lang='lat' dir='ltr'>qna</span> <span class='ocrx_word' id='word_1_270' title='bbox 785 2181 858 2220; x_wconf 79' lang='lat' dir='ltr'>diu</span> <span class='ocrx_word' id='word_1_271' title='bbox 881 2193 941 2219; x_wconf 87' lang='lat' dir='ltr'>so-</span> 
     </span>
     <span class='ocr_line' id='line_1_35' title="bbox 83 2236 943 2290; baseline -0.005 -13"><span class='ocrx_word' id='word_1_272' title='bbox 83 2238 167 2277; x_wconf 79' lang='lat' dir='ltr'>litis</span> <span class='ocrx_word' id='word_1_273' title='bbox 191 2237 331 2290; x_wconf 76' lang='lat' dir='ltr'>cymba</span> <span class='ocrx_word' id='word_1_274' title='bbox 356 2238 514 2276; x_wconf 71' lang='lat' dir='ltr'>vacat-it</span> <span class='ocrx_word' id='word_1_275' title='bbox 537 2237 666 2288; x_wconf 81' lang='lat' dir='ltr'>aquis.</span> <span class='ocrx_word' id='word_1_276' title='bbox 708 2236 943 2274; x_wconf 90' lang='lat' dir='ltr'>Instrumen-</span> 
     </span>
     <span class='ocr_line' id='line_1_36' title="bbox 79 2292 941 2345; baseline -0.003 -12"><span class='ocrx_word' id='word_1_277' title='bbox 79 2298 160 2333; x_wconf 86' lang='lat' dir='ltr'>tum</span> <span class='ocrx_word' id='word_1_278' title='bbox 173 2306 279 2339; x_wconf 81' lang='lat' dir='ltr'>vero,</span> <span class='ocrx_word' id='word_1_279' title='bbox 294 2307 369 2345; x_wconf 91' lang='lat' dir='ltr'>quo</span> <span class='ocrx_word' id='word_1_280' title='bbox 382 2294 602 2344; x_wconf 77' lang='lat' dir='ltr'>purgaverit</span> <span class='ocrx_word' id='word_1_281' title='bbox 614 2293 770 2331; x_wconf 87' lang='lat' dir='ltr'>maritus</span> <span class='ocrx_word' id='word_1_282' title='bbox 784 2292 941 2337; x_wconf 90' lang='lat' dir='ltr'>dolium,</span> 
     </span>
     <span class='ocr_line' id='line_1_37' title="bbox 80 2348 943 2399; baseline -0.003 -11"><span class='ocrx_word' id='word_1_283' title='bbox 80 2349 309 2388; x_wconf 86' lang='lat' dir='ltr'>adiiceretur</span> <span class='ocrx_word' id='word_1_284' title='bbox 332 2363 397 2388; x_wconf 87' lang='lat' dir='ltr'>cur</span> <span class='ocrx_word' id='word_1_285' title='bbox 421 2350 456 2387; x_wconf 92' lang='lat' dir='ltr'>in</span> <span class='ocrx_word' id='word_1_286' title='bbox 483 2348 741 2399; x_wconf 85' lang='lat' dir='ltr'>descriptione</span> <span class='ocrx_word' id='word_1_287' title='bbox 765 2352 943 2388; x_wconf 85' lang='lat' dir='ltr'>accurata</span> 
     </span>
     <span class='ocr_line' id='line_1_38' title="bbox 81 2404 943 2456; baseline -0.002 -12"><span class='ocrx_word' id='word_1_288' title='bbox 81 2406 347 2445; x_wconf 87' lang='lat' dir='ltr'>necessarium</span> <span class='ocrx_word' id='word_1_289' title='bbox 383 2404 513 2451; x_wconf 85' lang='lat' dir='ltr'>fuerit,</span> <span class='ocrx_word' id='word_1_290' title='bbox 555 2408 707 2456; x_wconf 84' lang='lat' dir='ltr'>praeter</span> <span class='ocrx_word' id='word_1_291' title='bbox 741 2404 844 2445; x_wconf 89' lang='lat' dir='ltr'>Oud.</span> <span class='ocrx_word' id='word_1_292' title='bbox 877 2405 943 2443; x_wconf 76' lang='lat' dir='ltr'>vix</span> 
     </span>
     <span class='ocr_line' id='line_1_39' title="bbox 81 2460 606 2513; baseline -0.004 -13"><span class='ocrx_word' id='word_1_293' title='bbox 81 2462 182 2501; x_wconf 84' lang='lat' dir='ltr'>alius</span> <span class='ocrx_word' id='word_1_294' title='bbox 207 2462 411 2513; x_wconf 87' lang='lat' dir='ltr'>quisquam</span> <span class='ocrx_word' id='word_1_295' title='bbox 436 2460 606 2512; x_wconf 66' lang='lat' dir='ltr'>viderit]</span> 
     </span>
    </p>

    <p class='ocr_par' dir='ltr' id='par_1_5' title="bbox 79 2517 948 3244">
     <span class='ocr_line' id='line_1_40' title="bbox 140 2517 944 2569; baseline -0.002 -12"><span class='ocrx_word' id='word_1_296' title='bbox 140 2519 395 2569; x_wconf 70' lang='lat' dir='ltr'>eoesculpere.</span> <span class='ocrx_word' id='word_1_297' title='bbox 453 2517 621 2556; x_wconf 85' lang='lat' dir='ltr'>Diversa</span> <span class='ocrx_word' id='word_1_298' title='bbox 662 2517 809 2555; x_wconf 88' lang='lat' dir='ltr'>ratione</span> <span class='ocrx_word' id='word_1_299' title='bbox 848 2518 944 2555; x_wconf 87' lang='lat' dir='ltr'>inter</span> 
     </span>
     <span class='ocr_line' id='line_1_41' title="bbox 81 2573 940 2625; baseline -0.001 -12"><span class='ocrx_word' id='word_1_300' title='bbox 81 2575 181 2613; x_wconf 85' lang='lat' dir='ltr'>haec</span> <span class='ocrx_word' id='word_1_301' title='bbox 206 2575 340 2620; x_wconf 78' lang='lat' dir='ltr'>verba,</span> <span class='ocrx_word' id='word_1_302' title='bbox 371 2587 471 2625; x_wconf 85' lang='lat' dir='ltr'>quae</span> <span class='ocrx_word' id='word_1_303' title='bbox 496 2575 640 2624; x_wconf 86' lang='lat' dir='ltr'>ubique</span> <span class='ocrx_word' id='word_1_304' title='bbox 663 2573 745 2612; x_wconf 90' lang='lat' dir='ltr'>fere</span> <span class='ocrx_word' id='word_1_305' title='bbox 769 2574 804 2611; x_wconf 89' lang='lat' dir='ltr'>in</span> <span class='ocrx_word' id='word_1_306' title='bbox 830 2573 940 2612; x_wconf 89' lang='lat' dir='ltr'>codd.</span> 
     </span>
     <span class='ocr_line' id='line_1_42' title="bbox 82 2630 941 2676; baseline -0.002 -7"><span class='ocrx_word' id='word_1_307' title='bbox 82 2630 380 2676; x_wconf 81' lang='lat' dir='ltr'>confunduntur,</span> <span class='ocrx_word' id='word_1_308' title='bbox 420 2631 487 2668; x_wconf 87' lang='lat' dir='ltr'>viri</span> <span class='ocrx_word' id='word_1_309' title='bbox 530 2630 634 2668; x_wconf 89' lang='lat' dir='ltr'>docti</span> <span class='ocrx_word' id='word_1_310' title='bbox 670 2630 941 2668; x_wconf 83' lang='lat' dir='ltr'>discriminant.</span> 
     </span>
     <span class='ocr_line' id='line_1_43' title="bbox 81 2686 943 2737; baseline 0 -12"><span class='ocrx_word' id='word_1_311' title='bbox 81 2686 184 2726; x_wconf 90' lang='lat' dir='ltr'>Oud.</span> <span class='ocrx_word' id='word_1_312' title='bbox 208 2687 262 2726; x_wconf 72' lang='lat' dir='ltr'>ita</span> <span class='ocrx_word' id='word_1_313' title='bbox 285 2687 486 2732; x_wconf 88' lang='lat' dir='ltr'>discernit,</span> <span class='ocrx_word' id='word_1_314' title='bbox 509 2690 551 2724; x_wconf 91' lang='lat' dir='ltr'>ut</span> <span class='ocrx_word' id='word_1_315' title='bbox 574 2686 773 2737; x_wconf 81' lang='lat' dir='ltr'>sculpere,</span> <span class='ocrx_word' id='word_1_316' title='bbox 797 2686 943 2725; x_wconf 76' lang='lat' dir='ltr'>inscul-</span> 
     </span>
     <span class='ocr_line' id='line_1_44' title="bbox 79 2742 943 2795; baseline 0 -15"><span class='ocrx_word' id='word_1_317' title='bbox 79 2756 197 2795; x_wconf 81' lang='lat' dir='ltr'>pere,</span> <span class='ocrx_word' id='word_1_318' title='bbox 234 2744 475 2795; x_wconf 72' lang='lat' dir='ltr'>exsculpere</span> <span class='ocrx_word' id='word_1_319' title='bbox 505 2742 692 2794; x_wconf 82' lang='lat' dir='ltr'>significet</span> <span class='ocrx_word' id='word_1_320' title='bbox 720 2742 943 2780; x_wconf 88' lang='lat' dir='ltr'>industriam</span> 
     </span>
     <span class='ocr_line' id='line_1_45' title="bbox 81 2799 945 2849; baseline 0 -13"><span class='ocrx_word' id='word_1_321' title='bbox 81 2803 122 2837; x_wconf 91' lang='lat' dir='ltr'>et</span> <span class='ocrx_word' id='word_1_322' title='bbox 163 2803 380 2838; x_wconf 85' lang='lat' dir='ltr'>accuratam</span> <span class='ocrx_word' id='word_1_323' title='bbox 421 2799 766 2849; x_wconf 87' lang='lat' dir='ltr'>elaborantemque</span> <span class='ocrx_word' id='word_1_324' title='bbox 784 2827 788 2830; x_wconf 77' lang='lat'><em>-</em></span> <span class='ocrx_word' id='word_1_325' title='bbox 808 2802 945 2845; x_wconf 84' lang='lat' dir='ltr'>artem3</span> 
     </span>
     <span class='ocr_line' id='line_1_46' title="bbox 82 2852 946 2908; baseline -0.002 -15"><span class='ocrx_word' id='word_1_326' title='bbox 82 2855 291 2906; x_wconf 81' lang='lat' dir='ltr'>scalpere,</span> <span class='ocrx_word' id='word_1_327' title='bbox 327 2856 569 2908; x_wconf 73' lang='lat' dir='ltr'>exsculpere</span> <span class='ocrx_word' id='word_1_328' title='bbox 602 2855 793 2893; x_wconf 87' lang='lat' dir='ltr'>rudiotem</span> <span class='ocrx_word' id='word_1_329' title='bbox 828 2852 946 2891; x_wconf 85' lang='lat' dir='ltr'>levio-</span> 
     </span>
     <span class='ocr_line' id='line_1_47' title="bbox 81 2911 946 2963; baseline -0.001 -14"><span class='ocrx_word' id='word_1_330' title='bbox 81 2923 241 2961; x_wconf 80' lang='lat' dir='ltr'>remque</span> <span class='ocrx_word' id='word_1_331' title='bbox 264 2912 350 2950; x_wconf 90' lang='lat' dir='ltr'>sine</span> <span class='ocrx_word' id='word_1_332' title='bbox 373 2915 456 2950; x_wconf 88' lang='lat' dir='ltr'>arte</span> <span class='ocrx_word' id='word_1_333' title='bbox 481 2924 638 2963; x_wconf 87' lang='lat' dir='ltr'>operam</span> <span class='ocrx_word' id='word_1_334' title='bbox 662 2915 702 2949; x_wconf 92' lang='lat' dir='ltr'>et</span> <span class='ocrx_word' id='word_1_335' title='bbox 723 2924 869 2949; x_wconf 89' lang='lat' dir='ltr'>merum</span> <span class='ocrx_word' id='word_1_336' title='bbox 895 2911 946 2948; x_wconf 89' lang='lat' dir='ltr'>la·</span> 
     </span>
     <span class='ocr_line' id='line_1_48' title="bbox 82 2964 948 3006; baseline 0.001 -2"><span class='ocrx_word' id='word_1_337' title='bbox 82 2967 218 3005; x_wconf 84' lang='lat' dir='ltr'>horem</span> <span class='ocrx_word' id='word_1_338' title='bbox 248 2967 336 3006; x_wconf 89' lang='lat' dir='ltr'>coll.</span> <span class='ocrx_word' id='word_1_339' title='bbox 367 2968 455 3006; x_wconf 90' lang='lat' dir='ltr'>dict.</span> <span class='ocrx_word' id='word_1_340' title='bbox 481 2968 531 3006; x_wconf 91' lang='lat' dir='ltr'>ad</span> <span class='ocrx_word' id='word_1_341' title='bbox 556 2967 664 3006; x_wconf 91' lang='lat' dir='ltr'>Suet.</span> <span class='ocrx_word' id='word_1_342' title='bbox 691 2966 808 3005; x_wconf 82' lang='lat' dir='ltr'>Gall).</span> <span class='ocrx_word' id='word_1_343' title='bbox 831 2964 882 3005; x_wconf 92' lang='lat' dir='ltr'>X.</span> <span class='ocrx_word' id='word_1_344' title='bbox 908 2971 948 3005; x_wconf 85' lang='lat' dir='ltr'>et</span> 
     </span>
     <span class='ocr_line' id='line_1_49' title="bbox 84 3022 945 3074; baseline 0 -14"><span class='ocrx_word' id='word_1_345' title='bbox 84 3022 139 3061; x_wconf 88' lang='lat' dir='ltr'>ita</span> <span class='ocrx_word' id='word_1_346' title='bbox 160 3025 345 3074; x_wconf 85' lang='lat' dir='ltr'>perpendi</span> <span class='ocrx_word' id='word_1_347' title='bbox 369 3025 475 3063; x_wconf 91' lang='lat' dir='ltr'>iubet</span> <span class='ocrx_word' id='word_1_348' title='bbox 500 3024 587 3062; x_wconf 88' lang='lat' dir='ltr'>loca</span> <span class='ocrx_word' id='word_1_349' title='bbox 605 3037 687 3062; x_wconf 86' lang='lat' dir='ltr'>ase</span> <span class='ocrx_word' id='word_1_350' title='bbox 701 3027 740 3061; x_wconf 86' lang='lat' dir='ltr'>et</span> <span class='ocrx_word' id='word_1_351' title='bbox 750 3022 879 3061; x_wconf 91' lang='lat' dir='ltr'>Burm.</span> <span class='ocrx_word' id='word_1_352' title='bbox 894 3023 945 3061; x_wconf 86' lang='lat' dir='ltr'>ad</span> 
     </span>
     <span class='ocr_line' id='line_1_50' title="bbox 85 3077 944 3131; baseline 0.003 -16"><span class='ocrx_word' id='word_1_353' title='bbox 85 3077 196 3116; x_wconf 84' lang='lat' dir='ltr'>Suet.</span> <span class='ocrx_word' id='word_1_354' title='bbox 218 3078 350 3118; x_wconf 84' lang='lat' dir='ltr'>Claud.</span> <span class='ocrx_word' id='word_1_355' title='bbox 374 3085 407 3121; x_wconf 92' lang='lat'>1.</span> <span class='ocrx_word' id='word_1_356' title='bbox 433 3083 566 3125; x_wconf 84' lang='lat' dir='ltr'>citata,</span> <span class='ocrx_word' id='word_1_357' title='bbox 591 3093 637 3118; x_wconf 91' lang='lat' dir='ltr'>ac</span> <span class='ocrx_word' id='word_1_358' title='bbox 654 3079 756 3131; x_wconf 85' lang='lat' dir='ltr'>Nep.</span> <span class='ocrx_word' id='word_1_359' title='bbox 769 3077 889 3118; x_wconf 84' lang='lat' dir='ltr'>Paus.</span> <span class='ocrx_word' id='word_1_360' title='bbox 910 3083 944 3118; x_wconf 90' lang='lat'>1.</span> 
     </span>
     <span class='ocr_line' id='line_1_51' title="bbox 86 3132 945 3179; baseline 0 -7"><span class='ocrx_word' id='word_1_361' title='bbox 86 3132 216 3179; x_wconf 82' lang='lat' dir='ltr'>Quint.</span> <span class='ocrx_word' id='word_1_362' title='bbox 229 3134 274 3174; x_wconf 84' lang='lat'><strong>11.</strong></span> <span class='ocrx_word' id='word_1_363' title='bbox 289 3148 320 3175; x_wconf 88' lang='lat' dir='ltr'>c.</span> <span class='ocrx_word' id='word_1_364' title='bbox 338 3140 399 3178; x_wconf 79' lang='lat'><strong>19.</strong></span> <span class='ocrx_word' id='word_1_365' title='bbox 423 3137 568 3176; x_wconf 85' lang='lat' dir='ltr'>Minue.</span> <span class='ocrx_word' id='word_1_366' title='bbox 582 3135 666 3175; x_wconf 89' lang='lat' dir='ltr'>Fel.</span> <span class='ocrx_word' id='word_1_367' title='bbox 692 3149 724 3174; x_wconf 92' lang='lat' dir='ltr'>c.</span> <span class='ocrx_word' id='word_1_368' title='bbox 739 3139 803 3176; x_wconf 89' lang='lat'>23.</span> <span class='ocrx_word' id='word_1_369' title='bbox 829 3138 869 3172; x_wconf 90' lang='lat' dir='ltr'>et</span> <span class='ocrx_word' id='word_1_370' title='bbox 886 3138 945 3173; x_wconf 88' lang='lat' dir='ltr'>ter</span> 
     </span>
     <span class='ocr_line' id='line_1_52' title="bbox 85 3190 946 3244; baseline 0.003 -17"><span class='ocrx_word' id='word_1_371' title='bbox 85 3190 121 3228; x_wconf 91' lang='lat' dir='ltr'>in</span> <span class='ocrx_word' id='word_1_372' title='bbox 135 3190 319 3243; x_wconf 82' lang='lat' dir='ltr'>Apuleio,</span> <span class='ocrx_word' id='word_1_373' title='bbox 337 3194 477 3244; x_wconf 84' lang='lat' dir='ltr'>quibus</span> <span class='ocrx_word' id='word_1_374' title='bbox 496 3194 673 3232; x_wconf 87' lang='lat' dir='ltr'>omnibus</span> <span class='ocrx_word' id='word_1_375' title='bbox 693 3191 789 3231; x_wconf 89' lang='lat' dir='ltr'>locis</span> <span class='ocrx_word' id='word_1_376' title='bbox 802 3195 946 3231; x_wconf 89' lang='lat' dir='ltr'>rectum</span> 
     </span>
    </p>
   </div>
   <div class='ocr_carea' id='block_1_5' title="bbox 991 827 1863 3244">
    <p class='ocr_par' dir='ltr' id='par_1_6' title="bbox 991 827 1862 2456">
     <span class='ocr_line' id='line_1_53' title="bbox 993 827 1850 884; baseline -0.009 -11"><span class='ocrx_word' id='word_1_377' title='bbox 993 835 1045 872; x_wconf 84' lang='lat' dir='ltr'>sit</span> <span class='ocrx_word' id='word_1_378' title='bbox 1063 833 1302 884; x_wconf 69' lang='lat' dir='ltr'>exsculpere</span> <span class='ocrx_word' id='word_1_379' title='bbox 1318 832 1403 870; x_wconf 89' lang='lat' dir='ltr'>sive</span> <span class='ocrx_word' id='word_1_380' title='bbox 1423 830 1672 869; x_wconf 81' lang='lat' dir='ltr'>exactissime</span> <span class='ocrx_word' id='word_1_381' title='bbox 1685 827 1850 866; x_wconf 89' lang='lat' dir='ltr'>incidere</span> 
     </span>
     <span class='ocr_line' id='line_1_54' title="bbox 993 885 1849 939; baseline -0.008 -11"><span class='ocrx_word' id='word_1_382' title='bbox 993 890 1057 928; x_wconf 79' lang='lat' dir='ltr'>vel</span> <span class='ocrx_word' id='word_1_383' title='bbox 1082 890 1230 928; x_wconf 83' lang='lat' dir='ltr'>litteras</span> <span class='ocrx_word' id='word_1_384' title='bbox 1255 902 1301 926; x_wconf 82' lang='lat' dir='ltr'>ac</span> <span class='ocrx_word' id='word_1_385' title='bbox 1330 888 1470 939; x_wconf 86' lang='lat' dir='ltr'>figuras</span> <span class='ocrx_word' id='word_1_386' title='bbox 1496 885 1671 924; x_wconf 83' lang='lat' dir='ltr'>faciendo</span> <span class='ocrx_word' id='word_1_387' title='bbox 1697 885 1758 922; x_wconf 78' lang='lat' dir='ltr'>vel</span> <span class='ocrx_word' id='word_1_388' title='bbox 1785 885 1849 922; x_wconf 91' lang='lat' dir='ltr'>eli-</span> 
     </span>
     <span class='ocr_line' id='line_1_55' title="bbox 993 940 1849 994; baseline -0.008 -9"><span class='ocrx_word' id='word_1_389' title='bbox 993 946 1186 985; x_wconf 86' lang='lat' dir='ltr'>minando.</span> <span class='ocrx_word' id='word_1_390' title='bbox 1233 943 1359 990; x_wconf 84' lang='lat' dir='ltr'>Quum</span> <span class='ocrx_word' id='word_1_391' title='bbox 1383 943 1446 982; x_wconf 88' lang='lat' dir='ltr'>hic</span> <span class='ocrx_word' id='word_1_392' title='bbox 1469 943 1580 994; x_wconf 86' lang='lat' dir='ltr'>igitur</span> <span class='ocrx_word' id='word_1_393' title='bbox 1605 940 1695 979; x_wconf 90' lang='lat' dir='ltr'>nihil</span> <span class='ocrx_word' id='word_1_394' title='bbox 1719 954 1849 979; x_wconf 88' lang='lat' dir='ltr'>eorum</span> 
     </span>
     <span class='ocr_line' id='line_1_56' title="bbox 995 996 1850 1051; baseline -0.007 -11"><span class='ocrx_word' id='word_1_395' title='bbox 995 1002 1122 1040; x_wconf 90' lang='lat' dir='ltr'>locum</span> <span class='ocrx_word' id='word_1_396' title='bbox 1151 1002 1312 1047; x_wconf 77' lang='lat' dir='ltr'>habeat,</span> <span class='ocrx_word' id='word_1_397' title='bbox 1343 1000 1446 1051; x_wconf 91' lang='lat' dir='ltr'>quod</span> <span class='ocrx_word' id='word_1_398' title='bbox 1476 1012 1549 1037; x_wconf 91' lang='lat' dir='ltr'>non</span> <span class='ocrx_word' id='word_1_399' title='bbox 1579 1001 1723 1037; x_wconf 86' lang='lat' dir='ltr'>tantum</span> <span class='ocrx_word' id='word_1_400' title='bbox 1757 996 1850 1034; x_wconf 89' lang='lat' dir='ltr'>nihil</span> 
     </span>
     <span class='ocr_line' id='line_1_57' title="bbox 994 1053 1850 1103; baseline -0.007 -6"><span class='ocrx_word' id='word_1_401' title='bbox 994 1058 1195 1103; x_wconf 85' lang='lat' dir='ltr'>incidatur,</span> <span class='ocrx_word' id='word_1_402' title='bbox 1219 1070 1291 1095; x_wconf 87' lang='lat' dir='ltr'>nec</span> <span class='ocrx_word' id='word_1_403' title='bbox 1313 1054 1394 1095; x_wconf 87' lang='lat' dir='ltr'>ulla</span> <span class='ocrx_word' id='word_1_404' title='bbox 1418 1068 1481 1093; x_wconf 87' lang='lat' dir='ltr'>ars</span> <span class='ocrx_word' id='word_1_405' title='bbox 1507 1054 1570 1092; x_wconf 82' lang='lat' dir='ltr'>vel</span> <span class='ocrx_word' id='word_1_406' title='bbox 1594 1056 1773 1093; x_wconf 83' lang='lat' dir='ltr'>accurata</span> <span class='ocrx_word' id='word_1_407' title='bbox 1796 1053 1850 1091; x_wconf 89' lang='lat' dir='ltr'>sa-</span> 
     </span>
     <span class='ocr_line' id='line_1_58' title="bbox 991 1109 1850 1165; baseline -0.008 -12"><span class='ocrx_word' id='word_1_408' title='bbox 991 1115 1098 1153; x_wconf 89' lang='lat' dir='ltr'>brica</span> <span class='ocrx_word' id='word_1_409' title='bbox 1131 1114 1357 1165; x_wconf 86' lang='lat' dir='ltr'>requiratur,</span> <span class='ocrx_word' id='word_1_410' title='bbox 1400 1112 1475 1150; x_wconf 89' lang='lat' dir='ltr'>sed</span> <span class='ocrx_word' id='word_1_411' title='bbox 1509 1110 1700 1149; x_wconf 85' lang='lat' dir='ltr'>exteriora</span> <span class='ocrx_word' id='word_1_412' title='bbox 1733 1109 1850 1147; x_wconf 89' lang='lat' dir='ltr'>modo</span> 
     </span>
     <span class='ocr_line' id='line_1_59' title="bbox 994 1166 1852 1219; baseline -0.007 -11"><span class='ocrx_word' id='word_1_413' title='bbox 994 1170 1226 1208; x_wconf 89' lang='lat' dir='ltr'>deradantur</span> <span class='ocrx_word' id='word_1_414' title='bbox 1247 1169 1330 1207; x_wconf 87' lang='lat' dir='ltr'>rudi</span> <span class='ocrx_word' id='word_1_415' title='bbox 1355 1181 1490 1219; x_wconf 77' lang='lat' dir='ltr'>opere,</span> <span class='ocrx_word' id='word_1_416' title='bbox 1523 1166 1727 1218; x_wconf 87' lang='lat' dir='ltr'>legendum</span> <span class='ocrx_word' id='word_1_417' title='bbox 1758 1179 1852 1203; x_wconf 88' lang='lat' dir='ltr'>esse</span> 
     </span>
     <span class='ocr_line' id='line_1_60' title="bbox 994 1221 1851 1276; baseline -0.007 -12"><span class='ocrx_word' id='word_1_418' title='bbox 994 1230 1132 1264; x_wconf 87' lang='lat' dir='ltr'>censet</span> <span class='ocrx_word' id='word_1_419' title='bbox 1155 1225 1391 1276; x_wconf 70' lang='lat' dir='ltr'>exsculpere</span> <span class='ocrx_word' id='word_1_420' title='bbox 1421 1238 1452 1263; x_wconf 90' lang='lat' dir='ltr'>c.</span> <span class='ocrx_word' id='word_1_421' title='bbox 1494 1223 1594 1262; x_wconf 90' lang='lat' dir='ltr'>Elm.</span> <span class='ocrx_word' id='word_1_422' title='bbox 1620 1226 1659 1260; x_wconf 89' lang='lat' dir='ltr'>et</span> <span class='ocrx_word' id='word_1_423' title='bbox 1689 1221 1851 1260; x_wconf 80' lang='lat' dir='ltr'>Scriver.</span> 
     </span>
     <span class='ocr_line' id='line_1_61' title="bbox 995 1275 1851 1334; baseline -0.007 -14"><span class='ocrx_word' id='word_1_424' title='bbox 995 1282 1137 1334; x_wconf 83' lang='lat' dir='ltr'>[Aliter</span> <span class='ocrx_word' id='word_1_425' title='bbox 1160 1281 1358 1331; x_wconf 77' lang='lat' dir='ltr'>distinguit</span> <span class='ocrx_word' id='word_1_426' title='bbox 1381 1280 1465 1318; x_wconf 89' lang='lat' dir='ltr'>Fea</span> <span class='ocrx_word' id='word_1_427' title='bbox 1494 1281 1543 1318; x_wconf 89' lang='lat' dir='ltr'>ad</span> <span class='ocrx_word' id='word_1_428' title='bbox 1573 1279 1664 1317; x_wconf 89' lang='lat' dir='ltr'>Hor.</span> <span class='ocrx_word' id='word_1_429' title='bbox 1689 1277 1764 1315; x_wconf 90' lang='lat' dir='ltr'>Od.</span> <span class='ocrx_word' id='word_1_430' title='bbox 1789 1275 1851 1315; x_wconf 90' lang='grc'><strong>111.</strong></span> 
     </span>
     <span class='ocr_line' id='line_1_62' title="bbox 998 1334 1852 1388; baseline -0.008 -10"><span class='ocrx_word' id='word_1_431' title='bbox 998 1343 1060 1378; x_wconf 91' lang='grc'>11.</span> <span class='ocrx_word' id='word_1_432' title='bbox 1087 1342 1170 1382; x_wconf 86' lang='grc'>52.,</span> <span class='ocrx_word' id='word_1_433' title='bbox 1202 1337 1264 1388; x_wconf 92' lang='lat' dir='ltr'>qui</span> <span class='ocrx_word' id='word_1_434' title='bbox 1295 1340 1446 1381; x_wconf 90' lang='lat' dir='ltr'>censet,</span> <span class='ocrx_word' id='word_1_435' title='bbox 1476 1335 1579 1387; x_wconf 87' lang='lat' dir='ltr'>apud</span> <span class='ocrx_word' id='word_1_436' title='bbox 1604 1347 1739 1373; x_wconf 91' lang='lat' dir='ltr'>omnes</span> <span class='ocrx_word' id='word_1_437' title='bbox 1762 1334 1852 1372; x_wconf 90' lang='lat' dir='ltr'>scri-</span> 
     </span>
     <span class='ocr_line' id='line_1_63' title="bbox 994 1390 1854 1445; baseline -0.003 -14"><span class='ocrx_word' id='word_1_438' title='bbox 994 1398 1126 1445; x_wconf 83' lang='lat' dir='ltr'>ptores</span> <span class='ocrx_word' id='word_1_439' title='bbox 1162 1393 1323 1443; x_wconf 75' lang='lat' dir='ltr'>sculpO,</span> <span class='ocrx_word' id='word_1_440' title='bbox 1359 1392 1529 1430; x_wconf 82' lang='lat' dir='ltr'>derivata</span> <span class='ocrx_word' id='word_1_441' title='bbox 1566 1395 1604 1428; x_wconf 88' lang='lat' dir='ltr'>et</span> <span class='ocrx_word' id='word_1_442' title='bbox 1639 1390 1854 1440; x_wconf 86' lang='lat' dir='ltr'>composita</span> 
     </span>
     <span class='ocr_line' id='line_1_64' title="bbox 995 1445 1853 1497; baseline -0.007 -9"><span class='ocrx_word' id='word_1_443' title='bbox 995 1449 1307 1487; x_wconf 84' lang='lat' dir='ltr'>substituendum</span> <span class='ocrx_word' id='word_1_444' title='bbox 1331 1461 1425 1486; x_wconf 87' lang='lat' dir='ltr'>esse</span> <span class='ocrx_word' id='word_1_445' title='bbox 1449 1448 1565 1485; x_wconf 80' lang='lat' dir='ltr'>verbo</span> <span class='ocrx_word' id='word_1_446' title='bbox 1597 1447 1757 1497; x_wconf 78' lang='lat' dir='ltr'>scalpo,</span> <span class='ocrx_word' id='word_1_447' title='bbox 1787 1445 1853 1483; x_wconf 88' lang='lat' dir='ltr'>(le-</span> 
     </span>
     <span class='ocr_line' id='line_1_65' title="bbox 994 1503 1853 1555; baseline -0.008 -11"><span class='ocrx_word' id='word_1_448' title='bbox 994 1507 1127 1544; x_wconf 77' lang='lat' dir='ltr'>rivatis</span> <span class='ocrx_word' id='word_1_449' title='bbox 1153 1510 1192 1543; x_wconf 89' lang='lat' dir='ltr'>et</span> <span class='ocrx_word' id='word_1_450' title='bbox 1216 1503 1460 1555; x_wconf 80' lang='lat' dir='ltr'>compositis,</span> <span class='ocrx_word' id='word_1_451' title='bbox 1485 1504 1702 1553; x_wconf 82' lang='lat' dir='ltr'>ubicunque</span> <span class='ocrx_word' id='word_1_452' title='bbox 1727 1514 1853 1539; x_wconf 82' lang='lat' dir='ltr'>sermo</span> 
     </span>
     <span class='ocr_line' id='line_1_66' title="bbox 995 1559 1853 1612; baseline -0.008 -12"><span class='ocrx_word' id='word_1_453' title='bbox 995 1563 1046 1600; x_wconf 87' lang='lat' dir='ltr'>sit</span> <span class='ocrx_word' id='word_1_454' title='bbox 1070 1561 1120 1600; x_wconf 87' lang='lat' dir='ltr'>de</span> <span class='ocrx_word' id='word_1_455' title='bbox 1144 1561 1338 1612; x_wconf 89' lang='lat' dir='ltr'>operibus,</span> <span class='ocrx_word' id='word_1_456' title='bbox 1362 1561 1398 1598; x_wconf 90' lang='lat' dir='ltr'>in</span> <span class='ocrx_word' id='word_1_457' title='bbox 1424 1559 1562 1610; x_wconf 88' lang='lat' dir='ltr'>quibus</span> <span class='ocrx_word' id='word_1_458' title='bbox 1586 1559 1853 1608; x_wconf 74' lang='lat' dir='ltr'>inscriptiones</span> 
     </span>
     <span class='ocr_line' id='line_1_67' title="bbox 995 1614 1857 1669; baseline -0.007 -13"><span class='ocrx_word' id='word_1_459' title='bbox 995 1618 1058 1656; x_wconf 80' lang='lat' dir='ltr'>vel</span> <span class='ocrx_word' id='word_1_460' title='bbox 1078 1618 1266 1669; x_wconf 81' lang='lat' dir='ltr'>imagines</span> <span class='ocrx_word' id='word_1_461' title='bbox 1284 1616 1479 1655; x_wconf 91' lang='lat' dir='ltr'>hominum</span> <span class='ocrx_word' id='word_1_462' title='bbox 1499 1619 1536 1653; x_wconf 92' lang='lat' dir='ltr'>et</span> <span class='ocrx_word' id='word_1_463' title='bbox 1555 1614 1770 1652; x_wconf 87' lang='lat' dir='ltr'>animalium</span> <span class='ocrx_word' id='word_1_464' title='bbox 1791 1617 1857 1651; x_wconf 86' lang='lat' dir='ltr'>aut</span> 
     </span>
     <span class='ocr_line' id='line_1_68' title="bbox 996 1671 1856 1718; baseline -0.006 -5"><span class='ocrx_word' id='word_1_465' title='bbox 996 1679 1152 1713; x_wconf 88' lang='lat' dir='ltr'>ornatus</span> <span class='ocrx_word' id='word_1_466' title='bbox 1166 1674 1316 1712; x_wconf 77' lang='lat' dir='ltr'>aliaeve</span> <span class='ocrx_word' id='word_1_467' title='bbox 1329 1686 1392 1711; x_wconf 89' lang='lat' dir='ltr'>res</span> <span class='ocrx_word' id='word_1_468' title='bbox 1408 1675 1594 1718; x_wconf 85' lang='lat' dir='ltr'>notentur,</span> <span class='ocrx_word' id='word_1_469' title='bbox 1608 1671 1691 1708; x_wconf 83' lang='lat' dir='ltr'>sive</span> <span class='ocrx_word' id='word_1_470' title='bbox 1704 1671 1740 1708; x_wconf 89' lang='lat' dir='ltr'>in</span> <span class='ocrx_word' id='word_1_471' title='bbox 1755 1683 1856 1708; x_wconf 86' lang='lat' dir='ltr'>aere.</span> 
     </span>
     <span class='ocr_line' id='line_1_69' title="bbox 995 1728 1858 1780; baseline -0.008 -10"><span class='ocrx_word' id='word_1_472' title='bbox 995 1743 1201 1776; x_wconf 88' lang='lat' dir='ltr'>marmore,</span> <span class='ocrx_word' id='word_1_473' title='bbox 1238 1729 1299 1767; x_wconf 80' lang='lat' dir='ltr'>vel</span> <span class='ocrx_word' id='word_1_474' title='bbox 1338 1730 1372 1767; x_wconf 92' lang='lat' dir='ltr'>in</span> <span class='ocrx_word' id='word_1_475' title='bbox 1410 1728 1573 1780; x_wconf 86' lang='lat' dir='ltr'>gemmis</span> <span class='ocrx_word' id='word_1_476' title='bbox 1604 1731 1675 1765; x_wconf 89' lang='lat' dir='ltr'>etc.</span> <span class='ocrx_word' id='word_1_477' title='bbox 1705 1730 1858 1778; x_wconf 85' lang='lat' dir='ltr'>praeter</span> 
     </span>
     <span class='ocr_line' id='line_1_70' title="bbox 997 1781 1858 1836; baseline -0.008 -10"><span class='ocrx_word' id='word_1_478' title='bbox 997 1787 1122 1826; x_wconf 90' lang='lat' dir='ltr'>lineas</span> <span class='ocrx_word' id='word_1_479' title='bbox 1147 1791 1187 1824; x_wconf 91' lang='lat' dir='ltr'>et</span> <span class='ocrx_word' id='word_1_480' title='bbox 1210 1799 1354 1824; x_wconf 90' lang='lat' dir='ltr'>merum</span> <span class='ocrx_word' id='word_1_481' title='bbox 1380 1784 1569 1836; x_wconf 85' lang='lat' dir='ltr'>lapicidae</span> <span class='ocrx_word' id='word_1_482' title='bbox 1588 1796 1687 1834; x_wconf 87' lang='lat' dir='ltr'>opus</span> <span class='ocrx_word' id='word_1_483' title='bbox 1705 1781 1858 1820; x_wconf 84' lang='lat' dir='ltr'>mecha-</span> 
     </span>
     <span class='ocr_line' id='line_1_71' title="bbox 997 1837 1859 1882; baseline -0.008 0"><span class='ocrx_word' id='word_1_484' title='bbox 997 1845 1132 1882; x_wconf 90' lang='lat' dir='ltr'>nicum.</span> <span class='ocrx_word' id='word_1_485' title='bbox 1158 1843 1206 1882; x_wconf 87' lang='lat' dir='ltr'>cf.</span> <span class='ocrx_word' id='word_1_486' title='bbox 1219 1842 1269 1880; x_wconf 90' lang='lat' dir='ltr'>ad</span> <span class='ocrx_word' id='word_1_487' title='bbox 1277 1841 1398 1880; x_wconf 90' lang='lat' dir='ltr'>eiusd.</span> <span class='ocrx_word' id='word_1_488' title='bbox 1414 1842 1494 1879; x_wconf 83' lang='lat' dir='ltr'>Sat.</span> <span class='ocrx_word' id='word_1_489' title='bbox 1510 1840 1536 1878; x_wconf 89' lang='grc'>1.</span> <span class='ocrx_word' id='word_1_490' title='bbox 1552 1843 1655 1880; x_wconf 71' lang='grc'>826.</span> <span class='ocrx_word' id='word_1_491' title='bbox 1669 1837 1859 1876; x_wconf 86' lang='lat' dir='ltr'>Burm.ad</span> 
     </span>
     <span class='ocr_line' id='line_1_72' title="bbox 996 1894 1858 1949; baseline -0.009 -11"><span class='ocrx_word' id='word_1_492' title='bbox 996 1894 1858 1949; x_wconf 68' lang='lat' dir='ltr'>LactdePhoen.153.p.1513.ed.Buenem.</span> 
     </span>
     <span class='ocr_line' id='line_1_73' title="bbox 996 1950 1859 2005; baseline -0.008 -11"><span class='ocrx_word' id='word_1_493' title='bbox 996 1955 1116 1994; x_wconf 87' lang='lat' dir='ltr'>Plura</span> <span class='ocrx_word' id='word_1_494' title='bbox 1139 1955 1277 1994; x_wconf 87' lang='lat' dir='ltr'>iudicia</span> <span class='ocrx_word' id='word_1_495' title='bbox 1300 1953 1446 2005; x_wconf 77' lang='lat' dir='ltr'>profert</span> <span class='ocrx_word' id='word_1_496' title='bbox 1477 1952 1613 1990; x_wconf 89' lang='lat' dir='ltr'>Heind.</span> <span class='ocrx_word' id='word_1_497' title='bbox 1645 1951 1695 1990; x_wconf 85' lang='lat' dir='ltr'>ad</span> <span class='ocrx_word' id='word_1_498' title='bbox 1724 1950 1859 1988; x_wconf 88' lang='lat' dir='ltr'>Horat.</span> 
     </span>
     <span class='ocr_line' id='line_1_74' title="bbox 999 2005 1860 2061; baseline -0.008 -11"><span class='ocrx_word' id='word_1_499' title='bbox 999 2012 1082 2050; x_wconf 81' lang='lat' dir='ltr'>Sat.</span> <span class='ocrx_word' id='word_1_500' title='bbox 1106 2010 1151 2050; x_wconf 89' lang='grc'>11.</span> <span class='ocrx_word' id='word_1_501' title='bbox 1172 2015 1209 2052; x_wconf 87' lang='grc'>3.</span> <span class='ocrx_word' id='word_1_502' title='bbox 1231 2014 1315 2055; x_wconf 85' lang='grc'><strong>22.,</strong></span> <span class='ocrx_word' id='word_1_503' title='bbox 1340 2010 1404 2061; x_wconf 90' lang='lat' dir='ltr'>qui</span> <span class='ocrx_word' id='word_1_504' title='bbox 1430 2010 1526 2047; x_wconf 89' lang='lat' dir='ltr'>inter</span> <span class='ocrx_word' id='word_1_505' title='bbox 1549 2008 1646 2047; x_wconf 90' lang='lat' dir='ltr'>haec</span> <span class='ocrx_word' id='word_1_506' title='bbox 1669 2005 1860 2045; x_wconf 81' lang='lat' dir='ltr'>vocabula</span> 
     </span>
     <span class='ocr_line' id='line_1_75' title="bbox 997 2062 1858 2106; baseline -0.008 0"><span class='ocrx_word' id='word_1_507' title='bbox 997 2071 1123 2106; x_wconf 90' lang='lat' dir='ltr'>utrum</span> <span class='ocrx_word' id='word_1_508' title='bbox 1142 2062 1346 2106; x_wconf 86' lang='lat' dir='ltr'>discrimen</span> <span class='ocrx_word' id='word_1_509' title='bbox 1366 2064 1419 2104; x_wconf 83' lang='lat' dir='ltr'>sit</span> <span class='ocrx_word' id='word_1_510' title='bbox 1442 2078 1565 2103; x_wconf 89' lang='lat' dir='ltr'>necne</span> <span class='ocrx_word' id='word_1_511' title='bbox 1585 2064 1739 2102; x_wconf 89' lang='lat' dir='ltr'>dubium</span> <span class='ocrx_word' id='word_1_512' title='bbox 1757 2075 1858 2100; x_wconf 91' lang='lat' dir='ltr'>sem-</span> 
     </span>
     <span class='ocr_line' id='line_1_76' title="bbox 998 2117 1860 2175; baseline -0.008 -13"><span class='ocrx_word' id='word_1_513' title='bbox 998 2137 1067 2175; x_wconf 87' lang='lat' dir='ltr'>per</span> <span class='ocrx_word' id='word_1_514' title='bbox 1091 2123 1173 2162; x_wconf 84' lang='lat' dir='ltr'>sore</span> <span class='ocrx_word' id='word_1_515' title='bbox 1186 2123 1392 2161; x_wconf 82' lang='lat' dir='ltr'>existimat.</span> <span class='ocrx_word' id='word_1_516' title='bbox 1418 2121 1503 2172; x_wconf 79' lang='lat' dir='ltr'>Ego</span> <span class='ocrx_word' id='word_1_517' title='bbox 1523 2134 1638 2172; x_wconf 88' lang='lat' dir='ltr'>quum</span> <span class='ocrx_word' id='word_1_518' title='bbox 1658 2120 1750 2158; x_wconf 86' lang='lat' dir='ltr'>certi</span> <span class='ocrx_word' id='word_1_519' title='bbox 1768 2117 1860 2168; x_wconf 88' lang='lat' dir='ltr'>quid</span> 
     </span>
     <span class='ocr_line' id='line_1_77' title="bbox 998 2174 1858 2227; baseline -0.008 -9"><span class='ocrx_word' id='word_1_520' title='bbox 998 2180 1049 2218; x_wconf 87' lang='lat' dir='ltr'>de</span> <span class='ocrx_word' id='word_1_521' title='bbox 1072 2179 1134 2218; x_wconf 90' lang='lat' dir='ltr'>his</span> <span class='ocrx_word' id='word_1_522' title='bbox 1159 2179 1320 2218; x_wconf 86' lang='lat' dir='ltr'>vocibus</span> <span class='ocrx_word' id='word_1_523' title='bbox 1339 2178 1628 2216; x_wconf 84' lang='lat' dir='ltr'>accuratissima</span> <span class='ocrx_word' id='word_1_524' title='bbox 1647 2188 1761 2227; x_wconf 88' lang='lat' dir='ltr'>quam</span> <span class='ocrx_word' id='word_1_525' title='bbox 1781 2174 1858 2212; x_wconf 86' lang='lat' dir='ltr'>fieri</span> 
     </span>
     <span class='ocr_line' id='line_1_78' title="bbox 997 2230 1862 2288; baseline -0.008 -13"><span class='ocrx_word' id='word_1_526' title='bbox 997 2236 1122 2288; x_wconf 90' lang='lat' dir='ltr'>potuit</span> <span class='ocrx_word' id='word_1_527' title='bbox 1147 2235 1260 2274; x_wconf 89' lang='lat' dir='ltr'>codd.</span> <span class='ocrx_word' id='word_1_528' title='bbox 1286 2234 1493 2274; x_wconf 89' lang='lat' dir='ltr'>collatione</span> <span class='ocrx_word' id='word_1_529' title='bbox 1518 2246 1567 2271; x_wconf 83' lang='lat' dir='ltr'>ex</span> <span class='ocrx_word' id='word_1_530' title='bbox 1591 2232 1755 2284; x_wconf 81' lang='lat' dir='ltr'>singulis</span> <span class='ocrx_word' id='word_1_531' title='bbox 1769 2230 1862 2269; x_wconf 82' lang='lat' dir='ltr'>scri·</span> 
     </span>
     <span class='ocr_line' id='line_1_79' title="bbox 999 2289 1861 2344; baseline -0.006 -15"><span class='ocrx_word' id='word_1_532' title='bbox 999 2296 1148 2344; x_wconf 89' lang='lat' dir='ltr'>ptorum</span> <span class='ocrx_word' id='word_1_533' title='bbox 1173 2291 1270 2330; x_wconf 90' lang='lat' dir='ltr'>locis</span> <span class='ocrx_word' id='word_1_534' title='bbox 1295 2304 1428 2330; x_wconf 86' lang='lat' dir='ltr'>eruere</span> <span class='ocrx_word' id='word_1_535' title='bbox 1457 2304 1532 2330; x_wconf 92' lang='lat' dir='ltr'>non</span> <span class='ocrx_word' id='word_1_536' title='bbox 1562 2289 1770 2341; x_wconf 88' lang='lat' dir='ltr'>potuerim,</span> <span class='ocrx_word' id='word_1_537' title='bbox 1799 2300 1861 2325; x_wconf 87' lang='lat' dir='ltr'>se-</span> 
     </span>
     <span class='ocr_line' id='line_1_80' title="bbox 1001 2343 1860 2400; baseline -0.007 -14"><span class='ocrx_word' id='word_1_538' title='bbox 1001 2362 1097 2400; x_wconf 89' lang='lat' dir='ltr'>quor</span> <span class='ocrx_word' id='word_1_539' title='bbox 1124 2347 1227 2386; x_wconf 86' lang='lat' dir='ltr'>Mss.</span> <span class='ocrx_word' id='word_1_540' title='bbox 1257 2348 1541 2391; x_wconf 87' lang='lat' dir='ltr'>auctoritatem,</span> <span class='ocrx_word' id='word_1_541' title='bbox 1572 2346 1635 2396; x_wconf 90' lang='lat' dir='ltr'>qui</span> <span class='ocrx_word' id='word_1_542' title='bbox 1667 2345 1702 2384; x_wconf 89' lang='lat' dir='ltr'>h.</span> <span class='ocrx_word' id='word_1_543' title='bbox 1722 2343 1748 2383; x_wconf 92' lang='lat' dir='ltr'><strong>l.</strong></span> <span class='ocrx_word' id='word_1_544' title='bbox 1775 2357 1860 2382; x_wconf 90' lang='lat' dir='ltr'>con-</span> 
     </span>
     <span class='ocr_line' id='line_1_81' title="bbox 999 2401 1636 2456; baseline -0.008 -12"><span class='ocrx_word' id='word_1_545' title='bbox 999 2408 1148 2444; x_wconf 87' lang='lat' dir='ltr'>stanter</span> <span class='ocrx_word' id='word_1_546' title='bbox 1171 2404 1413 2456; x_wconf 75' lang='lat' dir='ltr'>exsculpere</span> <span class='ocrx_word' id='word_1_547' title='bbox 1436 2401 1636 2455; x_wconf 67' lang='lat' dir='ltr'>flagitant]</span> 
     </span>
    </p>

    <p class='ocr_par' dir='ltr' id='par_1_7' title="bbox 998 2454 1861 2735">
     <span class='ocr_line' id='line_1_82' title="bbox 1056 2454 1860 2512; baseline -0.01 -12"><span class='ocrx_word' id='word_1_548' title='bbox 1056 2461 1304 2500; x_wconf 80' lang='lat' dir='ltr'>inclinatam.</span> <span class='ocrx_word' id='word_1_549' title='bbox 1354 2459 1419 2512; x_wconf 82' lang='lat' dir='ltr'>[cf.</span> <span class='ocrx_word' id='word_1_550' title='bbox 1443 2473 1562 2511; x_wconf 82' lang='lat' dir='ltr'>supra</span> <span class='ocrx_word' id='word_1_551' title='bbox 1584 2457 1632 2495; x_wconf 84' lang='lat' dir='ltr'>ad</span> <span class='ocrx_word' id='word_1_552' title='bbox 1658 2454 1860 2495; x_wconf 65' lang='lat' dir='ltr'>MetNIH.</span> 
     </span>
     <span class='ocr_line' id='line_1_83' title="bbox 1001 2504 1860 2570; baseline -0.009 -15"><span class='ocrx_word' id='word_1_553' title='bbox 1001 2532 1037 2570; x_wconf 89' lang='lat' dir='ltr'>p.</span> <span class='ocrx_word' id='word_1_554' title='bbox 1054 2521 1146 2558; x_wconf 88' lang='lat'><strong>586.</strong></span> <span class='ocrx_word' id='word_1_555' title='bbox 1161 2518 1391 2569; x_wconf 71' lang='lat' dir='ltr'>supinatum</span> <span class='ocrx_word' id='word_1_556' title='bbox 1405 2518 1593 2556; x_wconf 68' lang='lat' dir='ltr'>lucentem.</span> <span class='ocrx_word' id='word_1_557' title='bbox 1612 2504 1779 2552; x_wconf 77' lang='lat' dir='ltr'>Martial.</span> <span class='ocrx_word' id='word_1_558' title='bbox 1792 2510 1860 2549; x_wconf 88' lang='lat' dir='ltr'><strong>XI.</strong></span> 
     </span>
     <span class='ocr_line' id='line_1_84' title="bbox 998 2569 1861 2626; baseline -0.01 -13"><span class='ocrx_word' id='word_1_559' title='bbox 998 2577 1064 2614; x_wconf 78' lang='lat'>43.</span> <span class='ocrx_word' id='word_1_560' title='bbox 1085 2572 1382 2613; x_wconf 78' lang='lat' dir='ltr'>Incurvabat</span> <span class='ocrx_word' id='word_1_561' title='bbox 1406 2571 1557 2626; x_wconf 76' lang='lat' dir='ltr'>Hylam</span> <span class='ocrx_word' id='word_1_562' title='bbox 1570 2571 1706 2622; x_wconf 78' lang='lat' dir='ltr'>posito</span> <span class='ocrx_word' id='word_1_563' title='bbox 1721 2569 1861 2616; x_wconf 74' lang='lat' dir='ltr'>Tiryn-</span> 
     </span>
     <span class='ocr_line' id='line_1_85' title="bbox 999 2627 1861 2678; baseline -0.009 -9"><span class='ocrx_word' id='word_1_564' title='bbox 999 2631 1106 2669; x_wconf 77' lang='lat' dir='ltr'>thius</span> <span class='ocrx_word' id='word_1_565' title='bbox 1131 2644 1250 2674; x_wconf 80' lang='lat' dir='ltr'>arcu.</span> <span class='ocrx_word' id='word_1_566' title='bbox 1275 2633 1316 2666; x_wconf 85' lang='lat' dir='ltr'>ut</span> <span class='ocrx_word' id='word_1_567' title='bbox 1339 2630 1468 2666; x_wconf 77' lang='lat' dir='ltr'>statim</span> <span class='ocrx_word' id='word_1_568' title='bbox 1493 2627 1861 2678; x_wconf 73' lang='lat' dir='ltr'>superincurvatus.</span> 
     </span>
     <span class='ocr_line' id='line_1_86' title="bbox 1000 2683 1526 2735; baseline -0.004 -11"><span class='ocrx_word' id='word_1_569' title='bbox 1000 2685 1128 2724; x_wconf 85' lang='lat' dir='ltr'>luven.</span> <span class='ocrx_word' id='word_1_570' title='bbox 1154 2684 1207 2724; x_wconf 87' lang='lat' dir='ltr'>X.</span> <span class='ocrx_word' id='word_1_571' title='bbox 1233 2687 1327 2725; x_wconf 80' lang='grc'><strong>224.</strong></span> <span class='ocrx_word' id='word_1_572' title='bbox 1350 2683 1417 2722; x_wconf 89' lang='grc' dir='ltr'>ΙΧ.</span> <span class='ocrx_word' id='word_1_573' title='bbox 1444 2683 1526 2735; x_wconf 61' lang='grc'>26]</span> 
     </span>
    </p>

    <p class='ocr_par' dir='ltr' id='par_1_8' title="bbox 1002 2732 1863 3244">
     <span class='ocr_line' id='line_1_87' title="bbox 1055 2732 1862 2792; baseline -0.011 -11"><span class='ocrx_word' id='word_1_574' title='bbox 1055 2755 1193 2782; x_wconf 82' lang='lat' dir='ltr'>secure</span> <span class='ocrx_word' id='word_1_575' title='bbox 1216 2740 1451 2781; x_wconf 79' lang='lat' dir='ltr'>dedolabat.</span> <span class='ocrx_word' id='word_1_576' title='bbox 1482 2738 1594 2792; x_wconf 81' lang='lat' dir='ltr'>[Erat</span> <span class='ocrx_word' id='word_1_577' title='bbox 1617 2749 1733 2789; x_wconf 90' lang='lat' dir='ltr'>quum</span> <span class='ocrx_word' id='word_1_578' title='bbox 1756 2732 1862 2786; x_wconf 90' lang='lat' dir='ltr'>equi-</span> 
     </span>
     <span class='ocr_line' id='line_1_88' title="bbox 1002 2791 1862 2849; baseline -0.01 -12"><span class='ocrx_word' id='word_1_579' title='bbox 1002 2799 1091 2838; x_wconf 90' lang='lat' dir='ltr'>dem</span> <span class='ocrx_word' id='word_1_580' title='bbox 1127 2811 1194 2849; x_wconf 89' lang='lat' dir='ltr'>pro</span> <span class='ocrx_word' id='word_1_581' title='bbox 1232 2797 1401 2836; x_wconf 82' lang='lat' dir='ltr'>ablativo</span> <span class='ocrx_word' id='word_1_582' title='bbox 1435 2807 1597 2835; x_wconf 90' lang='lat' dir='ltr'>sumens</span> <span class='ocrx_word' id='word_1_583' title='bbox 1631 2805 1768 2833; x_wconf 81' lang='lat' dir='ltr'>secure</span> <span class='ocrx_word' id='word_1_584' title='bbox 1796 2791 1862 2829; x_wconf 90' lang='lat' dir='ltr'>ob-</span> 
     </span>
     <span class='ocr_line' id='line_1_89' title="bbox 1002 2846 1862 2903; baseline -0.01 -10"><span class='ocrx_word' id='word_1_585' title='bbox 1002 2868 1148 2894; x_wconf 85' lang='lat' dir='ltr'>scoeno</span> <span class='ocrx_word' id='word_1_586' title='bbox 1161 2867 1283 2892; x_wconf 89' lang='lat' dir='ltr'>sensu</span> <span class='ocrx_word' id='word_1_587' title='bbox 1295 2852 1550 2903; x_wconf 87' lang='lat' dir='ltr'>intelligerem</span> <span class='ocrx_word' id='word_1_588' title='bbox 1564 2851 1614 2888; x_wconf 91' lang='lat' dir='ltr'>de</span> <span class='ocrx_word' id='word_1_589' title='bbox 1625 2850 1741 2888; x_wconf 88' lang='lat' dir='ltr'>hasta</span> <span class='ocrx_word' id='word_1_590' title='bbox 1752 2846 1862 2893; x_wconf 88' lang='lat' dir='ltr'>virili,</span> 
     </span>
     <span class='ocr_line' id='line_1_90' title="bbox 1004 2903 1861 2962; baseline -0.011 -13"><span class='ocrx_word' id='word_1_591' title='bbox 1004 2924 1105 2962; x_wconf 90' lang='lat' dir='ltr'>quae</span> <span class='ocrx_word' id='word_1_592' title='bbox 1129 2909 1354 2961; x_wconf 85' lang='lat' dir='ltr'>significatio</span> <span class='ocrx_word' id='word_1_593' title='bbox 1375 2909 1473 2947; x_wconf 89' lang='lat' dir='ltr'>bene</span> <span class='ocrx_word' id='word_1_594' title='bbox 1492 2905 1746 2958; x_wconf 84' lang='lat' dir='ltr'>responderet</span> <span class='ocrx_word' id='word_1_595' title='bbox 1763 2903 1861 2942; x_wconf 79' lang='lat' dir='ltr'>fabri</span> 
     </span>
     <span class='ocr_line' id='line_1_91' title="bbox 1003 2958 1863 3005; baseline -0.007 -1"><span class='ocrx_word' id='word_1_596' title='bbox 1003 2966 1170 3005; x_wconf 78' lang='lat' dir='ltr'>artificio.</span> <span class='ocrx_word' id='word_1_597' title='bbox 1217 2965 1280 3004; x_wconf 93' lang='lat' dir='ltr'>De</span> <span class='ocrx_word' id='word_1_598' title='bbox 1301 2965 1425 3003; x_wconf 83' lang='lat' dir='ltr'>forma</span> <span class='ocrx_word' id='word_1_599' title='bbox 1448 2963 1602 3003; x_wconf 80' lang='lat' dir='ltr'>ablativi</span> <span class='ocrx_word' id='word_1_600' title='bbox 1627 2961 1674 3000; x_wconf 87' lang='lat' dir='ltr'>cf.</span> <span class='ocrx_word' id='word_1_601' title='bbox 1700 2958 1863 2998; x_wconf 83' lang='lat' dir='ltr'>adVlll.</span> 
     </span>
     <span class='ocr_line' id='line_1_92' title="bbox 1002 3018 1861 3074; baseline -0.009 -14"><span class='ocrx_word' id='word_1_602' title='bbox 1002 3025 1141 3074; x_wconf 89' lang='lat' dir='ltr'>p.588.</span> <span class='ocrx_word' id='word_1_603' title='bbox 1160 3035 1297 3061; x_wconf 80' lang='lat' dir='ltr'>secure</span> <span class='ocrx_word' id='word_1_604' title='bbox 1310 3035 1392 3060; x_wconf 78' lang='lat' dir='ltr'>sua.</span> <span class='ocrx_word' id='word_1_605' title='bbox 1418 3019 1519 3058; x_wconf 88' lang='lat' dir='ltr'>Fere</span> <span class='ocrx_word' id='word_1_606' title='bbox 1539 3031 1675 3057; x_wconf 90' lang='lat' dir='ltr'>omnes</span> <span class='ocrx_word' id='word_1_607' title='bbox 1693 3018 1861 3054; x_wconf 84' lang='lat' dir='ltr'>vertunt:</span> 
     </span>
     <span class='ocr_line' id='line_1_93' title="bbox 1002 3072 1861 3124; baseline -0.01 -6"><span class='ocrx_word' id='word_1_608' title='bbox 1002 3078 1265 3118; x_wconf 76' lang='lat' dir='ltr'>nonsollicite</span> <span class='ocrx_word' id='word_1_609' title='bbox 1277 3077 1383 3116; x_wconf 61' lang='lat' dir='ltr'>nach,</span> <span class='ocrx_word' id='word_1_610' title='bbox 1394 3074 1647 3116; x_wconf 69' lang='lat' dir='ltr'>Herzezzslust</span> <span class='ocrx_word' id='word_1_611' title='bbox 1659 3072 1861 3124; x_wconf 85' lang='lat' dir='ltr'>.cs.p.756.</span> 
     </span>
     <span class='ocr_line' id='line_1_94' title="bbox 1003 3130 1863 3174; baseline -0.01 0"><span class='ocrx_word' id='word_1_612' title='bbox 1003 3134 1217 3174; x_wconf 82' lang='lat' dir='ltr'>Dedolare</span> <span class='ocrx_word' id='word_1_613' title='bbox 1245 3136 1288 3172; x_wconf 91' lang='lat' dir='ltr'>ut</span> <span class='ocrx_word' id='word_1_614' title='bbox 1312 3133 1457 3171; x_wconf 75' lang='lat' dir='ltr'>dolare</span> <span class='ocrx_word' id='word_1_615' title='bbox 1479 3132 1542 3170; x_wconf 88' lang='lat' dir='ltr'>hic</span> <span class='ocrx_word' id='word_1_616' title='bbox 1570 3130 1713 3169; x_wconf 82' lang='lat' dir='ltr'>dictum</span> <span class='ocrx_word' id='word_1_617' title='bbox 1737 3131 1800 3167; x_wconf 88' lang='lat' dir='ltr'>est</span> <span class='ocrx_word' id='word_1_618' title='bbox 1820 3133 1863 3166; x_wconf 89' lang='lat' dir='ltr'>ut</span> 
     </span>
     <span class='ocr_line' id='line_1_95' title="bbox 1003 3184 1863 3244; baseline -0.009 -14"><span class='ocrx_word' id='word_1_619' title='bbox 1003 3190 1106 3244; x_wconf 84' lang='lat' dir='ltr'>apud</span> <span class='ocrx_word' id='word_1_620' title='bbox 1130 3189 1262 3230; x_wconf 88' lang='lat' dir='ltr'>Horat.</span> <span class='ocrx_word' id='word_1_621' title='bbox 1288 3188 1412 3229; x_wconf 84' lang='lat' dir='ltr'>Sat.L</span> <span class='ocrx_word' id='word_1_622' title='bbox 1432 3192 1553 3230; x_wconf 79' lang='lat'><strong>2.34.</strong></span> <span class='ocrx_word' id='word_1_623' title='bbox 1577 3187 1641 3226; x_wconf 81' lang='lat' dir='ltr'>ubi</span> <span class='ocrx_word' id='word_1_624' title='bbox 1666 3185 1754 3225; x_wconf 86' lang='lat' dir='ltr'>vide</span> <span class='ocrx_word' id='word_1_625' title='bbox 1777 3184 1863 3223; x_wconf 82' lang='lat' dir='ltr'>lntt.</span> 
     </span>
    </p>
   </div>
  </div>
 </body>
</html>
