2155 3590
615 113 804 154 LIBER
834 114 905 154 IX.
968 114 1089 154 CAP.
1122 114 1355 159 XXXVII.
1800 115 1878 156 851

87 226 212 280 lapide
237 232 352 279 atque
373 223 381 281 Ι
401 225 579 266 obtunsis
604 226 736 280 digitis
761 233 892 267 terrae
918 227 1202 281 prosternitur,
1229 227 1438 280 saevisque
1458 227 1535 267 illis
1555 242 1600 266 ae
1619 226 1878 267 ferocissimis
1906 233 1969 265 603

86 282 247 322 canibus
287 282 449 322 instruit
482 282 673 322 nefariam
712 283 862 336 dapem.
929 282 1116 323 Protinus
1157 282 1262 323 enim
1298 283 1404 323 nacti
1439 284 1622 336 praedam
1657 283 1871 333 iacentem,

85 338 270 378 miserum
295 337 403 377 illum
434 338 723 378 adulescentem
753 339 948 379 frustatim
981 339 1220 393 discerpunt.
1270 338 1402 391 Atque
1432 345 1475 378 ut
1499 339 1583 379 eius
1609 339 1764 380 letalem
1789 339 1876 380 ulu-

83 394 202 434 latum
224 407 448 448 cognovere
468 395 592 434 ceteri
611 395 775 445 fratres,
803 401 1017 435 accurrunt
1035 394 1175 435 moesti
1194 394 1412 448 suppetias,
1439 395 1713 449 obvolutisque
1734 395 1878 436 lacinia

84 449 207 490 laevis
231 450 412 491 manibus
436 450 604 503 lapidum
631 451 780 491 crebris
805 451 972 492 iactibus
997 464 1247 505 propugnare
1272 450 1388 491 fratri
1417 458 1534 503 atque
1564 451 1726 505 abigere
1758 465 1875 497 canes

82 566 209 594 obtusis
230 568 266 595 G.
287 568 317 595 1.
337 568 372 595 Ο.
409 566 555 595 οὸἰιιεειέ
572 565 600 596 δ.
648 566 761 596 dicitis
780 570 816 596 G.
840 569 866 597 1.
913 566 1258 606 atqueferoct'sse'mis
1276 566 1298 595 f.
1335 565 1612 605 etferocz'ssz‘mis
1634 569 1669 595 G.
1692 569 1720 595 1.
1741 569 1772 596 2.
1793 565 1821 597 ὃ.
1836 570 1874 596 D.

81 611 215 640 casibus
228 613 267 640 D.
314 610 556 640 adulescentem
568 613 681 641 inveni
694 613 728 642 in
740 614 776 642 F.
793 615 821 642 1.
836 614 866 642 3.
881 614 916 642 G.
933 614 960 641 1.
977 613 1066 642 Colv.
1079 614 1162 642 Elui.
1176 613 1271 641 Vulc.
1286 613 1316 640 2.
1337 611 1440 640 scriv.
1465 613 1504 640 In
1523 615 1595 640 cett.
1618 611 1874 649 adolescentem,

79 664 175 691 quam
193 657 375 691 scripturae
396 657 617 687 diversitatem
634 659 713 686 Oud.
733 667 772 687 ne
791 657 1053 686 commemoravit
1071 657 1209 691 quidem.
1257 656 1322 692 sic,
1350 658 1434 691 quod
1451 660 1527 685 ante
1536 656 1726 695 frustatim
1748 658 1781 686 in
1795 666 1876 686 nou-

78 702 181 730 nullis
194 703 283 730 codd.
297 706 326 731 et
341 703 415 730 inde
428 710 449 731 a
463 703 576 731 Colvio
596 703 629 731 in
653 703 885 732 recentioribus
902 703 982 731 Edu.
1003 702 1137 737 legitur,
1164 701 1366 730 desideratur
1384 702 1419 730 in
1431 700 1468 731 F.
1483 702 1512 730 1.
1527 701 1556 731 3.
1571 703 1607 730 G.
1621 703 1650 731 1.
1665 704 1699 731 0.
1714 704 1749 730 B.
1766 703 1786 731 f.
1801 701 1828 731 ὃ.
1846 712 1874 738 p.

79 750 110 775 et
128 747 277 775 omnibus
297 748 366 775 edd.
388 750 464 775 vett.
485 755 587 782 usque
606 749 646 776 ad
665 749 756 777 Colv.
795 747 1006 786 frustratim
1023 748 1060 775 F.
1081 749 1111 775 1.
1132 748 1168 775 G.
1189 748 1220 775 2.
1239 748 1279 774 D.
1298 742 1327 776 ὃ.
1347 747 1443 775 Vulc.
1462 748 1494 775 2.
1543 745 1752 784 dz'seerpv'unt
1771 750 1806 776 G.
1826 750 1873 783 2..

77 795 196 826 puncto
209 792 337 821 litterae
350 791 365 817 2'
375 793 552 827 supposito.
599 800 767 827 agnovere
780 794 814 822 F.
830 795 859 821 1.
874 795 910 821 G.
924 794 954 821 2.
967 794 1006 820 D.
1020 793 1057 821 Ρ.
1071 792 1169 821 eliam
1182 791 1216 819 in
1234 792 1398 826 excerptis
1417 792 1457 819 ad
1477 799 1576 826 marg.
1597 793 1645 821 cd.
1660 793 1749 822 Colv.
1764 794 1874 821 Wow.

77 840 107 865 et
121 843 208 871 seqq.
233 841 447 874 agno-rerunt
457 839 495 866 G.
514 840 540 866 1.
554 838 589 865 Ο.
614 840 651 866 lu
665 842 737 866 cett.
752 844 944 875 cognocere.
970 837 1050 866 Oud.
1064 836 1216 871 praetulit
1231 843 1422 874 agnocere;
1437 840 1468 865 at
1484 839 1614 866 Ruhnk.
1628 837 1661 865 in
1676 840 1797 866 textum
1810 845 1874 866 non

77 882 219 910 admisit.
266 889 366 918 super
375 882 489 918 petias
504 885 540 911 G.
552 885 582 912 1.
629 881 790 911 laciniam
804 884 840 911 G.
856 884 884 911 1.
910 881 1037 910 lanitia
1051 881 1072 910 f.
1119 880 1246 909 let-ieet.
1262 889 1309 916 pr.
1320 881 1567 910 ficentvenet.
1578 883 1607 910 2.
1622 882 1697 911 Am.
1711 884 1795 912 Iun'.
1805 884 1872 911 1.‘2.

75 927 180 955 Colin.
196 927 322 956 vitiose.
371 926 483 963 lapide
496 936 527 962 p.
552 928 593 956 ef.
607 930 648 956 ad
663 929 771 958 Horat.
786 929 842 958 od.
856 929 880 956 1.
895 929 987 955 26.2.
1025 925 1149 954 fetibus
1164 928 1198 954 G.
1216 927 1245 955 1.
1259 927 1295 955 0.
1308 934 1337 962 p.
1351 927 1390 955 D.
1406 927 1603 956 creberrima
1615 927 1813 964 variatione,
1841 930 1873 956 ut

75 978 149 1006 pag.
165 979 232 1006 seq.
245 970 342 1009 longo
355 971 478 1012 lapidis
491 972 572 1001 ictu.

75 1068 642 1122 deProdigJV.13.inG1·aev.
652 1070 774 1109 Thes.
784 1071 944 1122 Antiqq.

77 1125 123 1164 T.
142 1125 190 1164 V.
216 1139 254 1177 p.
278 1128 396 1180 474]

133 1182 322 1222 obtunsis.
372 1183 661 1236 [Formationes
688 1183 881 1223 obtunsus
905 1187 945 1222 et

73 1239 265 1278 detunsus
277 1239 325 1278 cf.
333 1239 373 1278 M
381 1244 430 1279 et.
439 1239 482 1278 Π.
492 1244 551 1290 p.1
562 1243 625 1280 68.
636 1240 782 1291 «liquis
790 1240 944 1291 pedum

73 1295 291 1334 detunsis
316 1296 365 1334 ob
380 1296 542 1348 lapides
554 1309 603 1333 ex
616 1295 726 1333 codd.
742 1309 940 1334 consensu

70 1349 272 1403 probabile
296 1351 336 1390 fit
358 1352 476 1405 Apul.
503 1351 750 1403 praetulisse.
787 1351 938 1389 Eadem

70 1405 313 1447 restituenda
348 1412 412 1447 est
451 1408 558 1460 Virg.
597 1407 740 1459 Georg.
778 1407 804 1445 Ι.
844 1412 937 1448 262.

70 1462 135 1502 111.
159 1466 249 1504 135.
269 1468 364 1505 433.
390 1478 507 1516 quum
531 1466 584 1503 ita
608 1467 830 1504 constanter
853 1463 937 1502 Me-

72 1520 144 1558 dic.
165 1523 205 1557 et
223 1519 388 1558 Romani
414 1520 527 1559 codd.
554 1520 687 1571 optimi
712 1520 936 1571 praebeant.

70 1576 276 1619 Aliafratio
296 1580 359 1615 est
372 1576 516 1627 Georg.
531 1576 595 1614 lv.
618 1581 729 1622 240..
753 1576 819 1615 ubi
839 1576 939 1615 Gud.

69 1636 216 1673 tantum
247 1636 288 1670 et
317 1633 393 1671 duo
417 1632 560 1672 Moret.
584 1633 698 1672 codd.
724 1637 939 1672 contmzsos

69 1691 257 1736 scribunt,
299 1689 404 1740 quod
444 1689 594 1727 dixisse
634 1692 791 1727 veteres
827 1702 939 1740 nego.

69 1745 225 1803 Ubique
243 1747 344 1784 enim
362 1745 474 1784 codd.
494 1745 627 1797 optimi
646 1750 836 1785 contusus
847 1746 940 1783 scri-

67 1806 220 1854 pturam
236 1801 480 1855 praeterunt3
505 1806 610 1840 certe
626 1801 817 1853 Apuleius
836 1814 936 1839 sem-

67 1873 139 1912 per
156 1860 210 1898 ita
223 1859 376 1898 locutus
386 1862 463 1904 est,
489 1857 592 1908 quod
608 1858 719 1896 codd.
733 1858 819 1895 eius
833 1856 935 1896 locu-

70 1913 362 1967 pletissimi²'sat
379 1914 611 1953 confirmant.
642 1913 755 1953 Hanc
773 1913 935 1952 formam

68 1971 173 2023 apud
197 1971 375 2022 antiquos
397 1971 436 2009 in
459 1984 535 2009 usu
558 1970 683 2008 fuisse
696 1970 834 2022 probat
847 1970 935 2008 Ser·

67 2029 154 2066 vius
167 2027 218 2066 ad
227 2027 374 2077 Georg.
388 2025 416 2065 Ι.
431 2031 530 2068 262:
561 2027 730 2079 Antiqui
755 2027 934 2066 litteram

68 2095 113 2128 n
126 2084 348 2129 addebant,
364 2083 670 2135 quodpropter
687 2083 934 2135 euphoniam

66 2141 112 2179 in
135 2140 341 2193 aliquibus
365 2139 629 2185 detraximus,
654 2143 701 2178 ut
724 2138 933 2184 obtusus,

65 2197 111 2234 in
134 2196 341 2248 aliquibus
364 2205 408 2237 η
432 2196 634 2241 remansit,
659 2199 700 2233 ut
723 2195 760 2233 in
786 2200 934 2235 tunsus.

65 2251 180 2292 Hanc
202 2265 296 2290 vero
320 2252 507 2291 rationem
527 2264 643 2302 quum
663 2251 804 2290 nemini
820 2251 936 2290 satis-

64 2308 253 2348 facturam
277 2321 373 2346 esse
401 2308 639 2354 existimem,
669 2308 935 2346 auctoritatem

67 2365 179 2404 codd.
203 2364 447 2416 sequendam
472 2376 567 2402 esse
590 2363 693 2402 duxi.
719 2362 933 2402 Identidem

65 2421 198 2472 optimi
223 2420 337 2460 codd.
363 2419 468 2471 apud
491 2419 595 2458 Gen.
610 2419 714 2459 Xlll.
730 2424 795 2461 24.
820 2419 852 2470 §.
866 2423 931 2461 21.

63 2478 270 2534 praebent:
302 2476 485 2517 Ceterum
511 2477 600 2529 quis
623 2481 705 2515 tam
726 2477 932 2516 obtunso

64 2535 234 2587 inyem'o
258 2535 327 2579 stt,
351 2532 489 2571 isidor.
514 2546 553 2585 p.
580 2536 673 2574 689.
700 2533 933 2573 obtunsus

67 2589 309 2630 obcoecatus
344 2593 384 2628 et
419 2589 588 2631 obtunsa
625 2611 678 2617 ——
713 2589 839 2629 stulta
872 2588 936 2628 vel

63 2645 234 2692 stolida,
258 2646 322 2685 ubi
348 2658 434 2685 cum
458 2645 545 2683 aliis
565 2646 708 2686 obtusa
726 2644 933 2684 emendan—

63 2701 156 2740 dum
179 2716 254 2741 non
279 2705 353 2741 est.
379 2701 517 2741 Gloss.
536 2701 657 2741 Arab.
677 2701 765 2740 Lat.
784 2715 824 2753 p.
838 2704 931 2741 708.

64 2757 255 2799 obtunsus
276 2757 486 2811 stolidus]

119 2818 256 2854 terrae
276 2817 562 2867 prosteruitur.
610 2813 781 2866 [Terrae
801 2813 932 2851 lectio·

63 2881 153 2907 nem
164 2872 284 2909 munit
297 2870 400 2909 cort.
409 2871 459 2909 ad
467 2870 665 2909 LucanN.
676 2873 770 2910 360.
784 2868 933 2920 aliquot

63 2925 220 2976 Apuleii
244 2927 472 2979 exemplis.]

121 2994 361 3035 coynovere.
411 2983 644 3036 Aynorere,
674 2982 782 3033 quod
818 2981 930 3020 codd.

62 3037 208 3088 quique
232 3039 366 3090 optimi
384 3043 542 3091 *praeter
565 3039 609 3077 F.
625 3042 661 3080 3.
681 3042 723 3077 et
739 3052 778 3090 p.
798 3037 932 3088 legunt

62 3097 103 3131 et
114 3092 217 3133 Oud.
235 3095 442 3145 probatum
460 3099 540 3141 est,
565 3094 755 3133 Pricaeus
769 3092 929 3144 expulit,

1003 1071 1115 1121 quasi
1139 1082 1329 1120 nusquam
1354 1083 1402 1108 ea
1427 1083 1525 1108 voce
1549 1070 1744 1122 Apuleius
1775 1083 1872 1109 usus

1001 1130 1123 1165 esset.
1149 1126 1231 1164 Sed
1245 1126 1480 1178 ef.Met.1.p.
1496 1131 1596 1171 223:
1615 1129 1872 1179 agnitione

1001 1197 1052 1222 ac
1064 1183 1341 1225 misc-ratione:
1365 1181 1427 1220 Ill.
1442 1196 1479 1234 p.
1492 1187 1585 1224 226.
1611 1185 1787 1236 aquito
1810 1198 1869 1225 sa-

1003 1239 1130 1278 lutari
1148 1239 1382 1290 praesidio,
1409 1239 1460 1278 al.
1505 1240 1643 1278 Altera
1674 1240 1788 1279 lectio
1821 1253 1870 1278 ex

996 1295 1150 1345 ingenio
1184 1294 1438 1339 librariorum,
1471 1296 1534 1345 qui
1569 1309 1796 1349 ayuoscere
1820 1296 1869 1334 de

994 1351 1044 1388 iis
1058 1350 1131 1389 (lici
1143 1350 1260 1388 rebus
1274 1350 1468 1397 sciebant,
1481 1363 1581 1401 ,quas
1593 1352 1630 1389 in
1648 1354 1870 1391 memoriam

995 1407 1109 1445 nobis
1137 1419 1388 1452 revocamus,
1422 1407 1603 1459 profecta
1632 1412 1712 1455 θείς
1744 1408 1792 1447 cf.
1818 1409 1870 1447 ad

995 1462 1092 1501 Met.
1119 1461 1146 1500 Ι.
1184 1475 1222 1513 p.
1249 1466 1312 1504 28.
1351 1468 1389 1502 et
1422 1477 1568 1502 summe
1598 1465 1866 1515 coquitum.

997 1519 1062 1557 ubi
1077 1518 1121 1558 F.
1138 1523 1172 1558 ’1.
1198 1520 1289 1556 item
1315 1520 1521 1570 corrumpit
1545 1521 1741 1573 aquilum.
1773 1519 1867 1558 Pro-

997 1576 1147 1614 miscuo
1172 1575 1270 1612 enim
1296 1579 1500 1626 utrumque
1523 1574 1755 1615 vocabulum
1781 1591 1866 1616 cum

997 1631 1084 1670 aliis
1108 1631 1362 1682 scriptoribus
1388 1632 1504 1670 etiam
1529 1633 1724 1683 Apuleius
1755 1646 1865 1671 usur-

996 1687 1867 1740 pavit,ayuoseerepracsertimsignificatione

995 1742 1253 1794 intelligendi,
1299 1744 1578 1795 perspiciendi3
1626 1745 1676 1783 cs.
1718 1744 1865 1789 Florid.

995 1813 1033 1850 p.
1059 1804 1124 1841 30.
1155 1813 1375 1852 aquosae
1405 1801 1695 1853 difficultatem
1727 1815 1866 1847 meam,

994 1856 1044 1894 de
1067 1855 1207 1894 Mund.
1231 1869 1269 1906 p.
1294 1859 1387 1898 358.
1424 1856 1475 1895 de
1499 1856 1642 1910 Dogm.
1676 1855 1776 1901 plat.
1803 1857 1864 1897 111.

993 1925 1030 1963 p.
1056 1916 1152 1954 268.
1177 1912 1294 1965 271.]

1051 1968 1252 2010 obvolutis
1299 1968 1455 2008 lacinia
1503 1967 1624 2009 laevis
1670 1969 1864 2015 manibus.

994 2024 1179 2077 [Habitus
1204 2027 1268 2063 est
1290 2025 1341 2063 ad
1365 2038 1535 2076 pugnam
1560 2039 1607 2064 se
1632 2039 1864 2077 componen-

992 2083 1103 2129 tium3
1128 2080 1175 2120 cf.
1200 2079 1414 2124 Polluc.V.
1439 2085 1477 2122 3.
1509 2082 1561 2126 de
1586 2087 1788 2121 venatore:
1821 2079 1865 2134 ἢν

991 2135 1167 2190 χλαμύδα
1202 2140 1264 2181 δεῖ
1292 2136 1337 2187 τῇ
1367 2138 1448 2188 asar}
1482 2135 1575 2190 χειρὶ
1610 2137 1862 2190 περιελίττειν,

995 2190 1110 2234 &now
1122 2196 1307 2244 μεταθέοι
1319 2191 1339 2244 ἢ
1355 2194 1607 2247 προς-μάχοιτο
1615 2203 1692 2241 τοῖς
1704 2197 1862 2248 θηρίοις.

991 2250 1042 2288 cf.
1056 2249 1192 2289 Heius.
1207 2250 1257 2290 ad
1273 2248 1425 2293 Pctron.
1436 2263 1466 2289 c.
1478 2255 1543 2292 63.
1555 2251 1649 2302 ¹p.41
1662 2256 1697 2293 6.
1713 2251 1861 2297 Banu:

994 2307 1080 2346 Hic
1116 2307 1317 2347 audacter
1362 2307 1505 2346 stricto
1551 2308 1704 2360 [fludio
1739 2313 1861 2348 extra

993 2364 1136 2404 ostium
1144 2363 1450 2414 praecucurrit,
1476 2364 1491 2401 i
1498 2378 1523 2401 u
1536 2378 1555 2403 v
1565 2377 1588 2401 o
1597 2361 1643 2405 lu
1652 2369 1698 2403 ta
1722 2378 1758 2402 m
1767 2380 1792 2403 a
1801 2378 1825 2403 u
1836 2380 1862 2404 u

989 2420 1193 2461 sinistra
1223 2419 1403 2463 curiosa
1434 2422 1475 2457 et
1504 2419 1634 2458 Burm.
1661 2420 1710 2459 ad
1736 2434 1768 2458 c.
1794 2424 1860 2461 80.

989 2489 1027 2528 p.
1054 2480 1147 2516 511.
1173 2480 1213 2515 et
1233 2476 1420 2522 intorto
1446 2476 1585 2515 circa
1611 2476 1861 2515 brachium

985 2532 1170 2584 pallio,
1219 2531 1431 2582 composui
1471 2531 1530 2570 acl
1565 2533 1861 2584 proeliandum

988 2589 1178 2640 yratlum.
1251 2585 1390 2633 Talem
1438 2587 1550 2627 nobis
1593 2592 1863 2638 repraesentat

989 2644 1194 2696 imaginem
1203 2643 1513 2689 hlontfaucon.,in
1522 2643 1680 2695 Antiqq.
1691 2642 1863 2686 Tale.

989 2699 1077 2751 Fig.
1109 2705 1146 2740 4.
1167 2699 1396 2750 compendii
1427 2698 1668 2747 Sebatziaui,
1694 2700 1860 2745 Vulcani

986 2756 1074 2797 soil.
1095 2756 1218 2794 libera
1236 2755 1374 2799 dextra
1396 2768 1523 2807 manu,
1546 2756 1708 2802 sinistra
1731 2760 1859 2795 autem

990 2813 1176 2852 obvoluta
1197 2811 1307 2864 pila]

1046 2868 1232 2909 iactibus.
1275 2867 1442 2919 [Iactus
1477 2879 1601 2916 sensu
1637 2868 1763 2906 activo
1811 2868 1859 2906 cs.

987 2924 1111 2964 Bach.
1136 2923 1188 2962 ad
1211 2923 1326 2961 Ovid.
1347 2923 1441 2961 Met.
1455 2922 1560 2970 ΧΙῌ.
1575 2927 1669 2967 566.
1695 2923 1859 2970 Lachm.

988 2981 1037 3018 ad
1062 2979 1240 3031 Propert.
1264 2979 1330 3018 lv,
1360 2983 1420 3019 13.
1447 2979 1508 3031 5.]

1042 3049 1316 3088 propuynare
1335 3036 1481 3087 fratri.
1532 3034 1686 3087 [Heius.
1704 3036 1761 3081 fild
1785 3034 1858 3073 Pc-

985 3097 1082 3132 tron.
1109 3106 1141 3131 c.
1157 3096 1220 3132 63.
1242 3092 1435 3135 existimat
1455 3090 1664 3141 legendum
1678 3093 1857 3147 propul-

1489 3158 1574 3199 54*
