2221 3667
308 140 365 184 42
557 139 605 182 L.
635 140 857 182 APULEll
885 143 1286 185 MADAURENSIS
1317 143 1861 187 METAMORPHOSEON

310 254 393 295 suis
425 253 499 295 sibi
530 254 708 297 domibus
741 263 851 298 tanta
882 258 1081 299 numinum
1114 257 1304 298 violentia
1331 258 1492 308 clausit,
1521 266 1565 299 ut
1588 266 1671 299 toto
1696 259 1812 299 biduo
1838 273 1915 299 non
1942 259 2114 300 claustra

241 316 287 349 42
310 309 543 368 perfringil,
561 326 639 353 non
666 314 771 354 sores
797 315 928 365 evelli,
957 329 1033 355 non
1060 315 1226 368 denique
1246 314 1417 367 parietes
1438 314 1509 368 ipsi
1532 315 1732 368 quiverint
1749 316 1959 370 perforari,
1987 317 2111 370 quoad

308 375 443 408 mutua
475 368 698 411 hortatione
730 385 903 411 consone
934 371 1202 419 clamitarent,
1239 384 1353 423 quam
1379 371 1628 411 sanctissime
1653 371 1896 422 deierantes,
1931 386 2017 413 sese
2047 387 2114 413 ne-

308 437 384 478 que
409 424 445 466 ei
472 439 610 467 manus
637 427 908 477 admolituros,
937 435 977 467 et
1000 428 1032 467 si
1053 427 1139 480 quis
1160 427 1261 466 aliud
1284 427 1484 481 cogitarit,
1513 428 1687 468 salutare
1708 428 1858 469 laturos
1880 429 2109 471 subsidium.

308 479 362 521 Et
382 482 439 522 sic
463 482 530 523 illa
555 484 763 539 propitiata
790 491 909 524 totam
938 484 1135 523 civitatem
1162 482 1347 524 absolvit.
1416 486 1473 524 At
1498 498 1595 525 vcro
1623 492 1757 525 coetus
1783 485 1886 526 illius
1912 493 2113 527 auctorem

308 545 424 580 nocte
442 539 677 595 intempesta
698 555 783 580 cum
806 548 885 580 tota
910 541 1037 589 domo,
1056 539 1091 579 id
1114 547 1175 580 est
1188 540 1403 594 parietibus
1418 548 1457 582 et
1474 542 1559 596 ipso
1573 541 1657 582 solo
1671 542 1827 582 etomni
1843 543 2110 595 fundamento,

309 602 352 635 ut
365 603 451 636 erat
465 597 614 648 clausa,
638 598 685 637 ad
701 597 954 637 centesimum
972 596 1136 650 lapidem
1154 597 1192 636 in
1210 597 1324 637 aliam
1342 598 1540 639 civitatem
1556 613 1706 639 summo
1720 599 1870 640 vertice
1883 600 2028 640 montis
2043 615 2113 641 ex-

185 653 284 700 [107]
311 653 481 707 asperati
502 654 616 694 sitam
639 661 677 694 et
695 653 743 693 ob
764 653 801 692 id
822 653 868 692 ad
890 665 1011 705 aquas
1032 653 1205 694 sterilem
1226 655 1443 695 transtulit.
1475 654 1530 696 Et
1554 655 1735 710 quoniam
1755 656 1875 696 densa
1894 655 2113 697 inhabitan-

215 707 258 740 43
308 709 403 750 tium
424 709 432 767 Ι
453 711 628 751 aedificia
643 710 768 749 locum
784 723 886 749 novo
901 709 1043 763 hospiti
1058 724 1135 750 non
1152 711 1311 762 dabant,
1329 719 1420 752 ante
1434 720 1586 766 portam
1601 713 1775 768 proiecta
1789 713 1902 753 domo
1917 713 2111 755 discessit.

306 804 407 833 iussit
422 814 476 840 pro
492 804 524 833 ἰη
538 805 607 832 sm's
622 813 651 838 p.
701 803 812 831 lace'la
826 805 861 832 G.
875 806 910 833 Β.
926 805 962 833 P.
976 807 1014 833 R.
1030 807 1064 834 Ο.
1078 807 1114 834 L.
1131 806 1195 834 [Z.
1209 808 1247 834 D.
1258 814 1277 835 a
1293 816 1367 835 m.s.
1394 810 1428 836 ln
1443 809 1560 837 ceteris
1572 808 1667 837 libris
1683 810 1784 836 tanta
1797 806 1852 843 [de
1866 815 1930 842 qua
1943 810 2113 838 verborum

307 851 558 880 commutatione
571 849 612 878 rs.
628 849 739 878 Heius.
759 851 799 878 ad
820 850 912 879 ovid.
932 853 1009 879 Met.
1023 853 1062 880 V.
1080 853 1154 879 195.
1169 853 1209 881 ad
1223 853 1297 881 val.
1313 854 1424 882 Flacc.
1437 855 1493 882 IV.
1513 855 1590 882 201.
1604 855 1736 883 Miscell
1751 855 1845 883 obss.
1858 854 1978 883 votv.
1993 855 2069 882 Τ.2.
2083 862 2112 888 p,

306 897 399 932 213]
447 896 615 924 nummum
631 903 743 923 omnes
756 897 848 925 codd.
864 897 947 930 quod
962 897 1086 931 primus
1100 899 1240 927 Vulcani.
1255 899 1288 926 in
1303 898 1496 926 cantionum
1511 900 1658 928 mutavit.
1705 897 1906 928 eoaliz'abest
1921 907 1942 928 a
1954 900 2067 928 Venel.
2083 901 2113 929 4.

305 947 335 971 e!
349 943 455 971 Paris.
503 940 702 978 quieverunt
715 941 754 969 D.
768 948 790 969 a
802 948 842 970 m.
857 949 885 975 p.
898 942 1109 979 perqm‘erinl
1125 944 1160 972 P.
1172 943 1405 980 perfluit-erint
1415 946 1450 972 G.
1460 944 1744 981 qm'ceruntVulc.
1754 947 1784 973 2.
1799 945 1882 979 quod
1896 948 2020 973 mutare
2034 945 2114 973 omi·

305 988 346 1016 sit
368 988 526 1016 Lindenb.
547 986 579 1014 in
598 988 708 1015 collat.
753 986 984 1025 perfactam-i
1002 990 1038 1017 G.
1087 986 1324 1016 cohortatione
1345 991 1379 1018 0.
1399 995 1428 1018 et
1449 991 1496 1019 ila
1515 991 1643 1020 videtur
1662 990 1767 1019 fuisse
1787 990 1821 1018 in
1841 991 1894 1018 G.:
1920 997 1995 1018 nam
2015 990 2114 1019 litura.

305 1040 391 1061 nunc
417 1032 502 1060 inter
527 1034 627 1060 verba
651 1034 770 1059 mnam
789 1036 817 1061 et
833 1029 924 1060 hort.
939 1037 998 1062 est.
1048 1032 1275 1062 admouimus
1289 1038 1317 1063 et
1333 1034 1471 1063 luem-as
1486 1035 1508 1064 f.
1556 1036 1630 1073 quis
1643 1037 1680 1065 F.
1694 1037 1725 1064 3.
1740 1037 1776 1064 G.
1790 1036 1826 1064 P.
1840 1036 1879 1064 D.
1893 1036 1928 1063 Ο.
1943 1035 1964 1063 f.
1988 1037 2026 1064 In
2039 1039 2112 1064 cett.

305 1077 372 1115 qui.
421 1076 585 1114 cogitarit
598 1078 634 1106 F.
650 1078 680 1106 3.
695 1079 731 1106 G.
746 1080 783 1107 R.
798 1080 834 1106 L.
850 1080 884 1107 Ο.
900 1078 921 1107 f.
937 1079 1127 1116 cognorint
1140 1082 1174 1108 B.
1190 1085 1218 1109 e!
1234 1089 1345 1109 omnes
1358 1082 1427 1110 edd.
1442 1085 1518 1110 vett.
1533 1081 1701 1118 cogitaret
1716 1082 1753 1110 P.
1767 1079 1966 1117 cogz'ttmlD.
1987 1088 2008 1109 a
2027 1088 2067 1110 m.
2082 1089 2113 1116 p.

303 1123 348 1151 ‹in
356 1129 455 1160 marg.
465 1122 664 1159 cognorint.-
674 1123 844 1160 agv'iurt'ut
852 1125 888 1153 F.
900 1126 911 1152 1
922 1147 928 1153 .
938 1124 992 1160 [de
1001 1127 1062 1154 hac
1071 1128 1159 1154 verb.
1169 1126 1405 1161 permutatione
1413 1127 1454 1156 cf.
1468 1129 1542 1156 lun.
1550 1128 1591 1156 ad
1600 1128 1726 1161 Prop.1.
1738 1128 1751 1154 1
1759 1149 1766 1155 .
1777 1128 1790 1154 1
1798 1124 1845 1162 7.]
1893 1128 1926 1153 et
1939 1125 1988 1153 sic
1996 1127 2034 1155 F.
2043 1127 2073 1154 3.
2083 1134 2112 1161 p.

302 1171 331 1196 et
346 1175 457 1197 omnes
471 1169 810 1198 edd.vetl.anteColx·.
859 1173 1011 1197 actorem
1021 1172 1057 1199 R.
1068 1171 1108 1199 cf.
1119 1172 1157 1199 de
1165 1173 1232 1201 Deo
1242 1174 1397 1206 S.n.117.
1446 1172 1740 1209 ω’(ιερεναιαείίη
1750 1180 1779 1206 p.
1789 1171 2072 1208 e.z·aperc1·1).am.
2082 1179 2114 1206 p.

302 1213 402 1242 situm
412 1221 441 1248 p.
466 1212 751 1250 adquasD.am.p.
777 1214 820 1242 ab
828 1216 927 1252 aquis
936 1216 1102 1245 inVulc.2.
1113 1218 1214 1251 primu
1221 1226 1249 1246 ni
1259 1222 1419 1252 comparet
1428 1220 1484 1246 sed
1493 1218 1647 1247 aLind.in
1656 1220 1832 1247 collatnon
1843 1220 1890 1246 est
1899 1218 2113 1246 emendatum.

301 1257 436 1288 steriles
444 1261 481 1288 Β.
507 1257 643 1296 dempsa
651 1260 688 1289 P.
712 1257 881 1288 lmme'num
890 1259 1118 1290 habitantium
1128 1263 1150 1291 f.
1175 1261 2114 1300 1111.pnrt.1..de'sced1·tpetomnesedua-et1.p.rae1erlunt.2.

302 1325 352 1364 ad
385 1324 543 1365 Petron.
574 1339 607 1366 c.
641 1329 733 1366 135.
764 1340 802 1378 p.
828 1326 904 1367 831
934 1340 1024 1377 sqq.
1055 1326 1180 1367 Bach.

303 1382 352 1421 ad
393 1380 510 1421 Ovid.
542 1382 639 1421 Met.
670 1382 755 1421 V11.
790 1384 885 1424 243.
922 1383 1109 1434 Hartung.
1142 1386 1177 1424 in

301 1438 414 1477 libro:
442 1439 582 1492 Reliy.
610 1440 651 1479 d.
678 1441 801 1479 Ro‘m.
827 1439 854 1479 l.
881 1454 920 1493 p.
943 1444 1035 1482 163.
1057 1441 1179 1494 Apul.

301 1495 421 1548 Apol.
448 1510 487 1548 p.
511 1497 623 1550 466]

358 1557 474 1592 tanta
486 1554 690 1593 violentia.
706 1553 793 1593 Hoc
806 1567 929 1592 sensu
949 1567 1020 1605 per
1032 1567 1079 1593 se
1091 1569 1177 1607 pro-

299 1610 418 1649 babili
427 1623 476 1648 ex
485 1610 761 1662 codd.optimis
775 1611 948 1663 praetuli.
959 1613 1104 1651 Tacita
1114 1625 1177 1650 vo-

299 1680 345 1706 ce
365 1666 468 1705 Oud.
490 1681 650 1706 coecam
671 1671 709 1706 et
727 1669 919 1707 occultam
934 1669 1087 1720 magiae
1101 1670 1176 1707 vim

298 1724 455 1763 indicari
481 1725 583 1770 dicit,
609 1737 687 1775 qua
712 1726 822 1778 ipsos
842 1725 954 1764 Deos
980 1739 1077 1764 anus
1098 1727 1175 1764 vio-

298 1781 422 1820 lenter
445 1784 641 1833 torqueat,
671 1786 713 1821 ut
748 1796 846 1822 suae
870 1782 1058 1821 voluntati
1084 1784 1173 1820 obe*

296 1838 403 1877 diant
436 1838 554 1889 idque
582 1839 792 1890 perficiant,
819 1840 869 1879 ad
895 1839 998 1890 quod
1019 1842 1173 1879 numina

297 1895 540 1935 clandestino
567 1897 712 1948 coegit;
751 1911 903 1949 compp.
935 1896 1083 1937 Lucan.
1105 1896 1175 1937 Vl.

294 1956 377 1993 492
396 1966 486 2005 sqq.
508 1952 608 1994 sort.
641 1954 689 1992 ad
717 1954 808 1993 Val.
837 1954 967 1993 Flacc.
990 1955 1052 1994 III.
1078 1958 1173 1995 432.

293 2009 411 2061 Apul.
422 2011 517 2049 Met.
529 2010 636 2062 111.p.
648 2015 741 2052 207.
751 2026 875 2051 caeca
889 2014 1093 2052 numinum
1108 2025 1172 2050 co-

292 2072 478 2108 actorum.
498 2069 702 2109 violentia.
741 2069 823 2107 Sed
844 2070 991 2108 tacitns
1013 2070 1171 2120 hocsig-

293 2125 445 2164 nificare
465 2125 555 2164 mihi
575 2139 649 2165 non
670 2125 833 2166 videtur.
860 2125 939 2178 [De
958 2140 999 2164 re
1024 2126 1073 2166 cf.
1100 2125 1171 2164 Sa-

292 2182 416 2231 gittar.
448 2183 498 2220 de
523 2181 651 2222 Ianuis
677 2196 711 2222 c.
736 2187 803 2223 35.
835 2183 937 2235 apud
966 2183 1109 2224 Gracv.
1134 2184 1169 2221 in

292 2237 415 2278 Thes.
439 2240 572 2291 Antiq.
600 2239 712 2280 Tom.
736 2239 805 2279 w,
831 2254 870 2292 p.
897 2240 1009 2292 537]

342 2298 525 2348 parietes
535 2298 754 2350 perforari
768 2296 807 2349 [i.
819 2310 851 2336 e.
864 2299 1093 2350 perfrinffl',
1104 2298 1169 2336 de-

289 2354 403 2392 strui.
423 2352 480 2392 lta
495 2353 584 2405 lego
599 2353 702 2406 apud
717 2353 866 2392 Placid.
878 2353 1012 2392 Gloss.
1028 2368 1062 2406 p.
1073 2358 1168 2395 462.

286 2406 852 2463 Mai,proferiatam——perfra
858 2416 977 2450 ctum.-
984 2414 1170 2464 foratu-m

287 2466 1149 2520 velfere’tam,quodCharis.p1·obat.Ill.p.222.

343 2525 378 2564 εἰ
391 2525 482 2576 quis
500 2525 621 2564 alind
633 2525 844 2577 coyitarit.
871 2525 918 2563 Si
940 2526 1029 2577 qais
1048 2525 1167 2564 allud

285 2594 336 2619 ex
367 2580 414 2621 F.
440 2585 476 2621 3.
504 2581 670 2633 aliisque
694 2582 842 2632 recepi,
869 2581 918 2619 de
945 2594 1021 2631 quo
1047 2595 1165 2634 supra

285 2638 429 2677 dictum
460 2642 532 2677 est.
566 2638 755 2691 Ayitarz‘t
793 2639 863 2676 nisi
908 2642 1013 2690 oppt.
1051 2639 1162 2677 codd.

284 2696 611 2747 comprobaretur,
638 2710 670 2734 c.
697 2694 800 2733 Oud.
828 2709 896 2746 pro
923 2695 1163 2746 glossemate

282 2754 390 2790 vocis
414 2754 615 2805 cossilarit
630 2753 805 2791 lubenter
818 2751 1030 2796 habuerim,
1047 2765 1164 2803 quum

283 2808 333 2846 de
352 2809 527 2848 conciliis
554 2809 806 2849 clandestinis
825 2810 987 2861 saepius
1004 2810 1161 2848 dicatur.

283 2865 330 2904 cs.
352 2865 472 2905 Drak.
500 2867 549 2905 ad
574 2866 808 2906 Liv.XXV.
835 2881 865 2905 c.
893 2869 957 2907 36.
984 2865 1086 2904 Oud.
1113 2866 1160 2905 ad

280 2921 328 2961 B.
355 2922 468 2974 Hisp.
483 2927 548 2963 25.
574 2927 613 2961 ct
640 2924 758 2977 Apul.
783 2921 880 2962 Met.
896 2922 981 2962 Vll.
1006 2937 1044 2975 p.
1067 2925 1158 2963 452.

281 2977 334 3017 Et
364 2980 415 3017 ita
446 2981 550 3031 apud
583 2980 659 3021 Cic.
687 2979 846 3019 Tuscul.
873 2980 941 3021 IV.
977 2985 1040 3021 15.
1073 2981 1158 3018 sine

280 3034 397 3074 dubio
425 3036 632 3087 legendum
653 3042 730 3076 est:
757 3039 974 3091 oyitantur
993 3042 1157 3090 pertar-

281 3094 460 3132 batiom's
485 3106 598 3143 quum
627 3096 888 3135 concitantur
911 3098 1071 3148 propter
1096 3108 1156 3133 se-

280 3163 406 3203 quens
433 3152 631 3190 concitati
655 3151 870 3203 displiceat.

1295 1329 1343 1367 id
1378 1333 1433 1368 est
1464 1329 1703 1381 partetibus.
1739 1327 1909 1366 XVower.
1941 1330 1980 1365 et
2011 1325 2112 1366 Elm.

1237 1386 1338 1424 haec
1386 1386 1506 1426 verba
1553 1400 1620 1438 pro
1669 1385 1913 1436 glossemate
1953 1384 2113 1429 habent,

1239 1455 1343 1493 quae
1379 1441 1481 1481 Oud.
1526 1446 1631 1481 recte
1668 1441 1843 1480 defendit
1886 1441 1945 1480 cui
1972 1442 2112 1493 parie-

1238 1499 1345 1538 tibus
1368 1503 1597 1551 suspectum
1622 1502 1728 1544 erat,
1767 1511 1883 1549 quum
1915 1498 2016 1537 haec
2039 1498 2111 1536 tria

1239 1556 1403 1601 (Ionius,
1446 1556 1576 1595 solnm
1595 1585 1605 1601 ,
1650 1556 1966 1608 fundamentum
2012 1555 2109 1594 satis

1239 1612 1427 1652 differant.
1456 1612 1555 1666 [Sed
1582 1613 1761 1664 equidem
1793 1616 1887 1664 puto
1917 1611 2018 1651 haec
2041 1612 2112 1651 tria

1234 1671 1430 1722 parietes,
1474 1670 1603 1709 solum
1645 1674 1684 1708 et
1716 1670 2030 1722 fundamentum
2061 1668 2110 1708 ad

1235 1726 1392 1765 domum
1424 1727 1578 1766 omnino
1608 1728 1818 1779 pertinere,
1848 1727 1957 1765 cuius
1981 1727 2110 1777 singu-

1234 1782 1293 1822 las
1320 1788 1452 1835 partes
1477 1797 1613 1822 omnes
1638 1797 1738 1835 saga
1762 1783 1930 1822 funditus
1962 1783 2111 1828 evertit,

1232 1843 1284 1879 ita
1308 1845 1349 1879 ut
1375 1842 1420 1878 iis
1435 1841 1498 1880 fiat
1523 1841 1708 1892 gradatio.
1752 1841 1806 1879 ld
1819 1841 2109 1893 eslinterpreta-

1233 1899 1350 1936 menti
1377 1912 1522 1936 caussa
1547 1897 1719 1936 additum
1745 1910 1838 1936 esse
1870 1895 1972 1936 Oud.
2006 1909 2108 1936 com-

1231 1956 1370 2007 probat
1389 1968 1438 1993 ex
1457 1955 1576 2007 Apul.
1590 1952 1686 1993 Met.
1702 1953 1772 1993 XI.
1792 1969 1831 2007 p.
1851 1958 1943 1995 775.
1963 1952 2107 1994 Florid.

1230 2027 1268 2064 p.
1285 2016 1349 2053 68.
1378 2016 1442 2052 74.
1470 2012 1518 2050 de
1532 2011 1620 2050 Deo
1649 2011 1690 2050 S.
1715 2025 1756 2063 p.
1773 2015 1865 2052 138.
1889 2012 1940 2050 de
1963 2010 2107 2062 Dogm.

1231 2068 1333 2110 Plat.
1364 2068 1410 2108 Π.
1442 2082 1480 2120 p.
1511 2072 1605 2110 235.
1648 2067 1894 2119 Quamquam
1931 2082 2005 2107 non
2044 2081 2107 2106 ne-

1230 2126 1399 2177 gandum
1422 2130 1494 2171 est,
1514 2126 1605 2164 talia
1619 2127 1779 2177 saepius
1794 2140 1818 2164 a
1838 2125 1998 2164 librariis
2013 2138 2106 2164 esse

1230 2184 1387 2227 intrusa,
1414 2183 1463 2223 cf.
1488 2182 1619 2223 Burm.
1645 2186 1683 2221 et
1696 2182 1799 2222 Oud.
1813 2181 1863 2221 ad
1878 2182 1987 2222 Suet.
2001 2182 2105 2235 Aug.

1230 2244 1296 2280 32.
1322 2244 1389 2280 88.
1421 2243 1487 2280 97.
1519 2239 1598 2278 Cic.
1629 2239 1679 2278 de
1704 2239 1785 2279 Inv.
1814 2238 1860 2279 ll.
1885 2243 1952 2279 33.
1978 2238 2107 2279 Beier.

1229 2298 1279 2336 ad
1311 2296 1389 2336 Cic.
1418 2295 1533 2336 Lael.
1566 2301 1637 2342 26,
1672 2301 1735 2337 18.
1770 2300 1862 2337 156.
1892 2294 2029 2335 Eckst.
2053 2295 2104 2335 ad

1229 2353 1324 2393 Tac.
1349 2353 1454 2393 Dial.
1485 2354 1534 2392 de
1558 2352 1667 2393 Orat.
1691 2367 1725 2393 c.
1751 2357 1788 2394 9.
1814 2367 1853 2405 p.
1879 2356 1972 2394 259.
2002 2356 2041 2391 et
2065 2355 2102 2392 in

1228 2412 1305 2451 ind.
1330 2425 1363 2451 S.
1388 2424 1425 2450 V.
1462 2410 1545 2448 Sed
1577 2410 1668 2461 quid
1698 2412 1733 2448 in
1759 2411 1821 2449 his
1847 2408 2101 2461 glossematis

1227 2469 1300 2506 sibi
1336 2468 1546 2506 sumserint
1575 2468 1822 2519 interpretes,
1859 2467 2101 2507 notissimum

1224 2529 1299 2565 est.
1340 2525 1515 2564 VVower.
1546 2525 1714 2577 inprimis
1744 2524 1927 2576 plurimus
1962 2526 2028 2561 est
2062 2524 2099 2562 in

1224 2584 1270 2620 iis
1319 2582 1543 2626 eiiciendiS,
1595 2584 1637 2619 ut
1682 2582 1747 2620 ubi
1795 2581 1841 2619 id
1886 2583 1964 2626 est,
2019 2580 2100 2621 hoc

1223 2645 1281 2679 est
1304 2638 1380 2678 alia
1404 2639 1600 2684 invenerit,
1627 2639 1757 2676 statim
1771 2637 1899 2675 omnia
1916 2650 1989 2675 suo
2010 2637 2097 2676 loco

1221 2697 1361 2735 turbet.
1415 2695 1502 2734 Hoc
1542 2695 1776 2733 monendum
1819 2696 1881 2731 est
1922 2694 1957 2732 in
2006 2693 2098 2734 edit.

1223 2754 1395 2798 Arnobii.
1423 2752 1580 2804 Apulei,
1605 2749 1751 2790 Minue.
1763 2750 1887 2790 Felic.
1902 2749 1967 2803 (cf.
1981 2764 2015 2791 e.
2029 2754 2096 2791 25.

1221 2812 1252 2862 ᾧ.
1279 2814 1317 2850 3.
1342 2825 1380 2862 p.
1409 2812 1517 2859 154.)
1539 2813 1577 2847 et
1600 2808 1753 2846 Firmici
1777 2807 1827 2845 de
1851 2807 1950 2859 prof.
1974 2807 2094 2858 relig„

1221 2868 1330 2906 cuius
1355 2867 1506 2919 plurimi
1531 2865 1605 2904 loci
1628 2869 1720 2904 sunt
1741 2864 1966 2903 restituendi
1996 2877 2035 2916 p.
2055 2867 2095 2904 3.

1222 2938 1327 2977 quae
1361 2924 1550 2978 mysteria
1588 2927 1744 2962 vocant.
1786 2935 1826 2973 p.
1861 2925 1925 2962 13.
1959 2921 2007 2960 id
2036 2925 2097 2960 est

1216 2982 1516 3033 Proserpinam
1535 2993 1570 3032 p.
1585 2984 1622 3021 6.
1641 2979 1688 3017 id
1700 2984 1758 3017 est
1768 2992 1900 3018 aerem
1912 2991 1951 3030 p.
1964 2981 2031 3018 25.
2044 2977 2092 3016 id

1217 3043 1274 3077 est
1287 3040 1327 3076 ἱη
1340 3037 1588 3076 revelatione
1601 3035 1691 3075 edit.
1704 3034 1833 3086 Lugd.
1846 3034 1934 3074 Bat.
1951 3033 2088 3086 1652]

1275 3094 1380 3147 [solo
1406 3098 1446 3132 et
1464 3093 1736 3146 fundamento
1762 3091 1813 3132 cf.
1836 3091 1968 3133 Doed.
1990 3090 2089 3142 Syn.

1214 3151 1267 3192 Y.
1291 3166 1330 3205 p.
1356 3149 1439 3203 35.]
