<?xml version="1.0" encoding="UTF-8"?>
<!DOCTYPE html PUBLIC "-//W3C//DTD XHTML 1.0 Transitional//EN"
    "http://www.w3.org/TR/xhtml1/DTD/xhtml1-transitional.dtd">
<html xmlns="http://www.w3.org/1999/xhtml" xml:lang="en" lang="en">
 <head>
  <title>
</title>
<meta http-equiv="Content-Type" content="text/html;charset=utf-8" />
  <meta name='ocr-system' content='tesseract 3.04.00' />
  <meta name='ocr-capabilities' content='ocr_page ocr_carea ocr_par ocr_line ocrx_word'/>
</head>
<body>
  <div class='ocr_page' id='page_1' title='image "./operaomnia01apuluoft/operaomnia01apuluoft_0296.png"; bbox 0 0 2221 3667; ppageno 0'>
   <div class='ocr_carea' id='block_1_1' title="bbox 301 148 1872 193">
    <p class='ocr_par' dir='ltr' id='par_1_1' title="bbox 301 148 1872 193">
     <span class='ocr_line' id='line_1_1' title="bbox 301 148 1872 193; baseline -0.002 0"><span class='ocrx_word' id='word_1_1' title='bbox 301 148 382 193; x_wconf 84' lang='grc'><strong>160</strong></span> <span class='ocrx_word' id='word_1_2' title='bbox 563 151 609 190; x_wconf 91' lang='lat' dir='ltr'><strong>L.</strong></span> <span class='ocrx_word' id='word_1_3' title='bbox 642 151 862 192; x_wconf 86' lang='lat' dir='ltr'><strong>APULEII</strong></span> <span class='ocrx_word' id='word_1_4' title='bbox 895 149 1295 191; x_wconf 79' lang='lat' dir='ltr'><strong>MADAURENSIS</strong></span> <span class='ocrx_word' id='word_1_5' title='bbox 1325 148 1872 190; x_wconf 77' lang='lat' dir='ltr'><strong>METAMORPHOSEON</strong></span> 
     </span>
    </p>
   </div>
   <div class='ocr_carea' id='block_1_2' title="bbox 209 261 2102 756">
    <p class='ocr_par' dir='ltr' id='par_1_2' title="bbox 209 261 2102 756">
     <span class='ocr_line' id='line_1_2' title="bbox 209 261 2099 318; baseline 0.001 -18"><span class='ocrx_word' id='word_1_6' title='bbox 209 266 273 302; x_wconf 83' lang='lat'><strong>182</strong></span> <span class='ocrx_word' id='word_1_7' title='bbox 297 262 438 302; x_wconf 87' lang='lat' dir='ltr'><strong>animis</strong></span> <span class='ocrx_word' id='word_1_8' title='bbox 464 269 503 302; x_wconf 87' lang='lat' dir='ltr'><strong>et</strong></span> <span class='ocrx_word' id='word_1_9' title='bbox 526 263 677 306; x_wconf 77' lang='lat' dir='ltr'><strong>viribus</strong></span> <span class='ocrx_word' id='word_1_10' title='bbox 704 265 900 305; x_wconf 83' lang='lat' dir='ltr'>alacribus</span> <span class='ocrx_word' id='word_1_11' title='bbox 932 264 1170 304; x_wconf 75' lang='lat' dir='ltr'><strong>dormientes</strong></span> <span class='ocrx_word' id='word_1_12' title='bbox 1197 262 1489 315; x_wconf 75' lang='lat' dir='ltr'>aggrediamur.</span> <span class='ocrx_word' id='word_1_13' title='bbox 1532 262 1671 304; x_wconf 91' lang='lat' dir='ltr'><strong>Omnis</strong></span> <span class='ocrx_word' id='word_1_14' title='bbox 1693 262 1699 318; x_wconf 80' lang='grc' dir='ltr'>Ι</span> <span class='ocrx_word' id='word_1_15' title='bbox 1722 262 1911 312; x_wconf 84' lang='lat' dir='ltr'><strong>contatio,</strong></span> <span class='ocrx_word' id='word_1_16' title='bbox 1939 261 2099 315; x_wconf 77' lang='lat' dir='ltr'><strong>ignavia</strong></span> 
     </span>
     <span class='ocr_line' id='line_1_3' title="bbox 297 318 2096 375; baseline -0.001 -17"><span class='ocrx_word' id='word_1_17' title='bbox 297 318 423 359; x_wconf 87' lang='lat' dir='ltr'><strong>omnis</strong></span> <span class='ocrx_word' id='word_1_18' title='bbox 456 319 629 361; x_wconf 84' lang='lat' dir='ltr'><strong>facessat</strong></span> <span class='ocrx_word' id='word_1_19' title='bbox 658 335 680 362; x_wconf 85' lang='lat' dir='ltr'><strong>e</strong></span> <span class='ocrx_word' id='word_1_20' title='bbox 712 329 890 375; x_wconf 76' lang='lat' dir='ltr'><strong>pectore,</strong></span> <span class='ocrx_word' id='word_1_21' title='bbox 925 320 1063 360; x_wconf 82' lang='lat' dir='ltr'><strong>stricto</strong></span> <span class='ocrx_word' id='word_1_22' title='bbox 1094 332 1282 358; x_wconf 88' lang='lat' dir='ltr'><strong>mucrone</strong></span> <span class='ocrx_word' id='word_1_23' title='bbox 1314 333 1383 372; x_wconf 87' lang='lat' dir='ltr'><strong>per</strong></span> <span class='ocrx_word' id='word_1_24' title='bbox 1414 326 1533 359; x_wconf 83' lang='lat' dir='ltr'><strong>totam</strong></span> <span class='ocrx_word' id='word_1_25' title='bbox 1565 321 1719 360; x_wconf 89' lang='lat' dir='ltr'><strong>domum</strong></span> <span class='ocrx_word' id='word_1_26' title='bbox 1746 319 1886 359; x_wconf 81' lang='lat' dir='ltr'><strong>caedes</strong></span> <span class='ocrx_word' id='word_1_27' title='bbox 1912 318 2096 358; x_wconf 79' lang='lat' dir='ltr'>ambulet.</span> 
     </span>
     <span class='ocr_line' id='line_1_4' title="bbox 296 373 2099 430; baseline -0.001 -15"><span class='ocrx_word' id='word_1_28' title='bbox 296 373 373 428; x_wconf 85' lang='lat' dir='ltr'><strong>Qui</strong></span> <span class='ocrx_word' id='word_1_29' title='bbox 406 376 556 430; x_wconf 78' lang='lat' dir='ltr'><strong>sopitus</strong></span> <span class='ocrx_word' id='word_1_30' title='bbox 587 377 752 428; x_wconf 82' lang='lat' dir='ltr'><strong>iacebit,</strong></span> <span class='ocrx_word' id='word_1_31' title='bbox 786 378 1027 425; x_wconf 77' lang='lat' dir='ltr'><strong>trucidetur,</strong></span> <span class='ocrx_word' id='word_1_32' title='bbox 1062 375 1127 428; x_wconf 91' lang='lat' dir='ltr'><strong>qui</strong></span> <span class='ocrx_word' id='word_1_33' title='bbox 1157 388 1382 428; x_wconf 85' lang='lat' dir='ltr'><strong>repugnare</strong></span> <span class='ocrx_word' id='word_1_34' title='bbox 1408 377 1644 425; x_wconf 78' lang='lat' dir='ltr'><strong>tentaverit,</strong></span> <span class='ocrx_word' id='word_1_35' title='bbox 1673 376 1854 416; x_wconf 80' lang='lat' dir='ltr'><strong>feriatur.</strong></span> <span class='ocrx_word' id='word_1_36' title='bbox 1907 373 1973 415; x_wconf 89' lang='lat' dir='ltr'><strong>Sic</strong></span> <span class='ocrx_word' id='word_1_37' title='bbox 1999 373 2099 414; x_wconf 83' lang='lat' dir='ltr'><strong>salvi</strong></span> 
     </span>
     <span class='ocr_line' id='line_1_5' title="bbox 294 430 2100 485; baseline -0.001 -14"><span class='ocrx_word' id='word_1_38' title='bbox 294 431 545 483; x_wconf 83' lang='lat' dir='ltr'><strong>recedemus,</strong></span> <span class='ocrx_word' id='word_1_39' title='bbox 580 433 613 474; x_wconf 91' lang='lat' dir='ltr'><strong>si</strong></span> <span class='ocrx_word' id='word_1_40' title='bbox 645 434 796 474; x_wconf 85' lang='lat' dir='ltr'><strong>salvum</strong></span> <span class='ocrx_word' id='word_1_41' title='bbox 830 434 866 472; x_wconf 93' lang='lat' dir='ltr'><strong>in</strong></span> <span class='ocrx_word' id='word_1_42' title='bbox 901 433 1014 472; x_wconf 91' lang='lat' dir='ltr'><strong>domo</strong></span> <span class='ocrx_word' id='word_1_43' title='bbox 1041 430 1234 470; x_wconf 89' lang='lat' dir='ltr'><strong>neminem</strong></span> <span class='ocrx_word' id='word_1_44' title='bbox 1262 431 1551 485; x_wconf 79' lang='lat' dir='ltr'><strong>reliquerimus.</strong></span> <span class='ocrx_word' id='word_1_45' title='bbox 1603 431 1771 481; x_wconf 81' lang='lat' dir='ltr'><strong>Fateor,</strong></span> <span class='ocrx_word' id='word_1_46' title='bbox 1799 431 2000 484; x_wconf 80' lang='lat' dir='ltr'><strong>Quirites,</strong></span> <span class='ocrx_word' id='word_1_47' title='bbox 2029 444 2100 470; x_wconf 77' lang='lat' dir='ltr'><strong>ex-</strong></span> 
     </span>
     <span class='ocr_line' id='line_1_6' title="bbox 294 486 2099 540; baseline -0.001 -13"><span class='ocrx_word' id='word_1_48' title='bbox 294 494 441 528; x_wconf 90' lang='lat' dir='ltr'><strong>tremos</strong></span> <span class='ocrx_word' id='word_1_49' title='bbox 466 488 662 540; x_wconf 90' lang='lat' dir='ltr'><strong>latrones,</strong></span> <span class='ocrx_word' id='word_1_50' title='bbox 692 490 783 529; x_wconf 92' lang='lat' dir='ltr'><strong>boni</strong></span> <span class='ocrx_word' id='word_1_51' title='bbox 809 488 905 529; x_wconf 78' lang='lat' dir='ltr'><strong>civis</strong></span> <span class='ocrx_word' id='word_1_52' title='bbox 933 487 1103 527; x_wconf 86' lang='lat' dir='ltr'><strong>officium</strong></span> <span class='ocrx_word' id='word_1_53' title='bbox 1128 486 1360 538; x_wconf 80' lang='lat' dir='ltr'><strong>arbitratus,</strong></span> <span class='ocrx_word' id='word_1_54' title='bbox 1389 489 1504 529; x_wconf 89' lang='lat' dir='ltr'><strong>simul</strong></span> <span class='ocrx_word' id='word_1_55' title='bbox 1529 496 1569 529; x_wconf 91' lang='lat' dir='ltr'><strong>et</strong></span> <span class='ocrx_word' id='word_1_56' title='bbox 1593 489 1739 529; x_wconf 79' lang='lat' dir='ltr'><strong>eximie</strong></span> <span class='ocrx_word' id='word_1_57' title='bbox 1764 496 1943 528; x_wconf 86' lang='lat' dir='ltr'><strong>metuens</strong></span> <span class='ocrx_word' id='word_1_58' title='bbox 1969 494 2008 528; x_wconf 92' lang='lat' dir='ltr'><strong>et</strong></span> <span class='ocrx_word' id='word_1_59' title='bbox 2031 486 2099 526; x_wconf 91' lang='lat' dir='ltr'><strong>ho-</strong></span> 
     </span>
     <span class='ocr_line' id='line_1_7' title="bbox 292 543 2098 599; baseline 0 -16"><span class='ocrx_word' id='word_1_60' title='bbox 292 543 458 598; x_wconf 86' lang='lat' dir='ltr'><strong>spitibus</strong></span> <span class='ocrx_word' id='word_1_61' title='bbox 483 546 580 586; x_wconf 89' lang='lat' dir='ltr'><strong>meis</strong></span> <span class='ocrx_word' id='word_1_62' title='bbox 607 553 646 586; x_wconf 89' lang='lat' dir='ltr'><strong>et</strong></span> <span class='ocrx_word' id='word_1_63' title='bbox 670 546 778 595; x_wconf 84' lang='lat' dir='ltr'><strong>mihi,</strong></span> <span class='ocrx_word' id='word_1_64' title='bbox 808 544 993 598; x_wconf 82' lang='lat' dir='ltr'><strong>gladiolo,</strong></span> <span class='ocrx_word' id='word_1_65' title='bbox 1022 543 1087 596; x_wconf 92' lang='lat' dir='ltr'><strong>qui</strong></span> <span class='ocrx_word' id='word_1_66' title='bbox 1112 557 1173 583; x_wconf 90' lang='lat' dir='ltr'><strong>me</strong></span> <span class='ocrx_word' id='word_1_67' title='bbox 1198 551 1359 598; x_wconf 87' lang='lat' dir='ltr'><strong>propter</strong></span> <span class='ocrx_word' id='word_1_68' title='bbox 1384 545 1605 585; x_wconf 88' lang='lat' dir='ltr'><strong>huiusmodi</strong></span> <span class='ocrx_word' id='word_1_69' title='bbox 1624 545 1799 599; x_wconf 85' lang='lat' dir='ltr'><strong>pericula</strong></span> <span class='ocrx_word' id='word_1_70' title='bbox 1821 543 2098 593; x_wconf 85' lang='lat' dir='ltr'><strong>comitabatur,</strong></span> 
     </span>
     <span class='ocr_line' id='line_1_8' title="bbox 293 601 2102 656; baseline -0.001 -16"><span class='ocrx_word' id='word_1_71' title='bbox 293 607 468 642; x_wconf 89' lang='lat' dir='ltr'><strong>armatus</strong></span> <span class='ocrx_word' id='word_1_72' title='bbox 495 602 633 656; x_wconf 87' lang='lat' dir='ltr'><strong>fugare</strong></span> <span class='ocrx_word' id='word_1_73' title='bbox 660 610 775 655; x_wconf 89' lang='lat' dir='ltr'><strong>atque</strong></span> <span class='ocrx_word' id='word_1_74' title='bbox 801 607 1026 655; x_wconf 86' lang='lat' dir='ltr'><strong>proterrere</strong></span> <span class='ocrx_word' id='word_1_75' title='bbox 1052 613 1119 640; x_wconf 91' lang='lat' dir='ltr'><strong>eos</strong></span> <span class='ocrx_word' id='word_1_76' title='bbox 1146 613 1362 653; x_wconf 85' lang='lat' dir='ltr'><strong>aggressus</strong></span> <span class='ocrx_word' id='word_1_77' title='bbox 1388 614 1489 641; x_wconf 92' lang='lat' dir='ltr'><strong>sum.</strong></span> <span class='ocrx_word' id='word_1_78' title='bbox 1535 602 1593 641; x_wconf 87' lang='lat' dir='ltr'><strong>At</strong></span> <span class='ocrx_word' id='word_1_79' title='bbox 1615 602 1670 641; x_wconf 92' lang='lat' dir='ltr'><strong>illi</strong></span> <span class='ocrx_word' id='word_1_80' title='bbox 1695 601 1854 642; x_wconf 87' lang='lat' dir='ltr'><strong>barbari</strong></span> <span class='ocrx_word' id='word_1_81' title='bbox 1881 613 2043 655; x_wconf 89' lang='lat' dir='ltr'><strong>prorsus</strong></span> <span class='ocrx_word' id='word_1_82' title='bbox 2063 606 2102 640; x_wconf 90' lang='lat' dir='ltr'><strong>et</strong></span> 
     </span>
     <span class='ocr_line' id='line_1_9' title="bbox 291 657 2100 711; baseline 0 -14"><span class='ocrx_word' id='word_1_83' title='bbox 291 658 483 698; x_wconf 85' lang='lat' dir='ltr'><strong>immanes</strong></span> <span class='ocrx_word' id='word_1_84' title='bbox 517 658 694 698; x_wconf 86' lang='lat' dir='ltr'><strong>homines</strong></span> <span class='ocrx_word' id='word_1_85' title='bbox 726 671 851 710; x_wconf 82' lang='lat' dir='ltr'><strong>neque</strong></span> <span class='ocrx_word' id='word_1_86' title='bbox 883 658 1017 709; x_wconf 82' lang='lat' dir='ltr'><strong>fugam</strong></span> <span class='ocrx_word' id='word_1_87' title='bbox 1050 663 1263 711; x_wconf 88' lang='lat' dir='ltr'><strong>capessunt</strong></span> <span class='ocrx_word' id='word_1_88' title='bbox 1294 664 1333 697; x_wconf 81' lang='lat' dir='ltr'><strong>et</strong></span> <span class='ocrx_word' id='word_1_89' title='bbox 1364 671 1450 697; x_wconf 92' lang='lat' dir='ltr'><strong>cum</strong></span> <span class='ocrx_word' id='word_1_90' title='bbox 1477 671 1538 698; x_wconf 89' lang='lat' dir='ltr'><strong>me</strong></span> <span class='ocrx_word' id='word_1_91' title='bbox 1565 657 1746 699; x_wconf 87' lang='lat' dir='ltr'><strong>viderent</strong></span> <span class='ocrx_word' id='word_1_92' title='bbox 1769 658 1810 698; x_wconf 89' lang='lat' dir='ltr'><strong>in</strong></span> <span class='ocrx_word' id='word_1_93' title='bbox 1837 658 1944 698; x_wconf 88' lang='lat' dir='ltr'><strong>ferro</strong></span> <span class='ocrx_word' id='word_1_94' title='bbox 1971 663 2100 698; x_wconf 84' lang='lat' dir='ltr'><strong>tamen</strong></span> 
     </span>
     <span class='ocr_line' id='line_1_10' title="bbox 292 713 718 756; baseline -0.002 -2"><span class='ocrx_word' id='word_1_95' title='bbox 292 713 494 755; x_wconf 85' lang='lat' dir='ltr'><strong>audaciter</strong></span> <span class='ocrx_word' id='word_1_96' title='bbox 517 715 718 756; x_wconf 86' lang='lat' dir='ltr'><strong>resistunt..</strong></span> 
     </span>
    </p>
   </div>
   <div class='ocr_carea' id='block_1_3' title="bbox 865 862 1516 911">
    <p class='ocr_par' dir='ltr' id='par_1_3' title="bbox 865 862 1516 911">
     <span class='ocr_line' id='line_1_11' title="bbox 865 862 1516 911; baseline 0.002 -1"><span class='ocrx_word' id='word_1_97' title='bbox 865 862 1310 911; x_wconf 87' lang='lat' dir='ltr'><strong>CAPUT</strong></span> <span class='ocrx_word' id='word_1_98' title='bbox 1417 864 1516 911; x_wconf 91' lang='lat' dir='ltr'><strong>VI.</strong></span> 
     </span>
    </p>
   </div>
   <div class='ocr_carea' id='block_1_4' title="bbox 199 995 2103 1111">
    <p class='ocr_par' dir='ltr' id='par_1_4' title="bbox 199 995 2103 1111">
     <span class='ocr_line' id='line_1_12' title="bbox 402 995 2103 1051; baseline 0.001 -14"><span class='ocrx_word' id='word_1_99' title='bbox 402 996 601 1050; x_wconf 86' lang='lat' dir='ltr'><strong>Dirigitur</strong></span> <span class='ocrx_word' id='word_1_100' title='bbox 624 995 830 1049; x_wconf 83' lang='lat' dir='ltr'><strong>praeliaris</strong></span> <span class='ocrx_word' id='word_1_101' title='bbox 856 996 978 1036; x_wconf 91' lang='lat' dir='ltr'><strong>acies.</strong></span> <span class='ocrx_word' id='word_1_102' title='bbox 1024 995 1113 1051; x_wconf 90' lang='lat' dir='ltr'><strong>Ipse</strong></span> <span class='ocrx_word' id='word_1_103' title='bbox 1139 997 1306 1050; x_wconf 86' lang='lat' dir='ltr'><strong>denique</strong></span> <span class='ocrx_word' id='word_1_104' title='bbox 1332 998 1415 1037; x_wconf 82' lang='lat' dir='ltr'><strong>dux</strong></span> <span class='ocrx_word' id='word_1_105' title='bbox 1440 1004 1480 1037; x_wconf 90' lang='lat' dir='ltr'><strong>et</strong></span> <span class='ocrx_word' id='word_1_106' title='bbox 1502 997 1672 1051; x_wconf 80' lang='lat' dir='ltr'><strong>signifer</strong></span> <span class='ocrx_word' id='word_1_107' title='bbox 1697 1005 1934 1048; x_wconf 84' lang='lat' dir='ltr'><strong>ceterorum,</strong></span> <span class='ocrx_word' id='word_1_108' title='bbox 1962 998 2103 1038; x_wconf 84' lang='lat' dir='ltr'><strong>validis</strong></span> 
     </span>
     <span class='ocr_line' id='line_1_13' title="bbox 199 1052 2102 1111; baseline 0.001 -18"><span class='ocrx_word' id='word_1_109' title='bbox 199 1056 263 1090; x_wconf 83' lang='lat'><strong>¹83</strong></span> <span class='ocrx_word' id='word_1_110' title='bbox 290 1067 349 1094; x_wconf 88' lang='lat' dir='ltr'><strong>me</strong></span> <span class='ocrx_word' id='word_1_111' title='bbox 369 1053 520 1093; x_wconf 82' lang='lat' dir='ltr'><strong>viribus</strong></span> <span class='ocrx_word' id='word_1_112' title='bbox 539 1066 772 1107; x_wconf 80' lang='lat' dir='ltr'><strong>aggressus,</strong></span> <span class='ocrx_word' id='word_1_113' title='bbox 796 1052 901 1093; x_wconf 88' lang='lat' dir='ltr'><strong>illico</strong></span> <span class='ocrx_word' id='word_1_114' title='bbox 921 1053 1103 1094; x_wconf 89' lang='lat' dir='ltr'><strong>manibus</strong></span> <span class='ocrx_word' id='word_1_115' title='bbox 1124 1053 1313 1094; x_wconf 87' lang='lat' dir='ltr'><strong>ambabus</strong></span> <span class='ocrx_word' id='word_1_116' title='bbox 1329 1053 1469 1108; x_wconf 79' lang='lat' dir='ltr'><strong>capillo</strong></span> <span class='ocrx_word' id='word_1_117' title='bbox 1484 1061 1683 1108; x_wconf 86' lang='lat' dir='ltr'><strong>arreptum</strong></span> <span class='ocrx_word' id='word_1_118' title='bbox 1699 1067 1745 1094; x_wconf 90' lang='lat' dir='ltr'><strong>ac</strong></span> <span class='ocrx_word' id='word_1_119' title='bbox 1759 1061 1868 1095; x_wconf 86' lang='lat' dir='ltr'><strong>retro</strong></span> <span class='ocrx_word' id='word_1_120' title='bbox 1887 1053 2102 1111; x_wconf 78' lang='lat' dir='ltr'><strong>rclssexum</strong></span> 
     </span>
    </p>
   </div>
   <div class='ocr_carea' id='block_1_5' title="bbox 280 1158 2107 1971">
    <p class='ocr_par' dir='ltr' id='par_1_5' title="bbox 280 1158 2107 1740">
     <span class='ocr_line' id='line_1_14' title="bbox 287 1158 2104 1200; baseline -0.001 -11"><span class='ocrx_word' id='word_1_121' title='bbox 287 1159 431 1195; x_wconf 78' lang='lat' dir='ltr'><strong>reposuit</strong></span> <span class='ocrx_word' id='word_1_122' title='bbox 444 1158 557 1197; x_wconf 77' lang='lat' dir='ltr'><strong>inquit</strong></span> <span class='ocrx_word' id='word_1_123' title='bbox 569 1158 648 1197; x_wconf 68' lang='lat' dir='ltr'><strong>quin</strong></span> <span class='ocrx_word' id='word_1_124' title='bbox 658 1167 670 1186; x_wconf 84' lang='grc'><strong>.-</strong></span> <span class='ocrx_word' id='word_1_125' title='bbox 696 1160 779 1194; x_wconf 87' lang='lat' dir='ltr'><strong>quod</strong></span> <span class='ocrx_word' id='word_1_126' title='bbox 795 1163 913 1189; x_wconf 86' lang='lat' dir='ltr'><strong>temere</strong></span> <span class='ocrx_word' id='word_1_127' title='bbox 927 1160 1107 1190; x_wconf 75' lang='lat' dir='ltr'><strong>retinebant</strong></span> <span class='ocrx_word' id='word_1_128' title='bbox 1121 1161 1225 1189; x_wconf 80' lang='lat' dir='ltr'><strong>Scriv.</strong></span> <span class='ocrx_word' id='word_1_129' title='bbox 1240 1161 1325 1189; x_wconf 89' lang='lat' dir='ltr'><strong>Pric.</strong></span> <span class='ocrx_word' id='word_1_130' title='bbox 1339 1161 1459 1189; x_wconf 84' lang='lat' dir='ltr'><strong>Florid.</strong></span> <span class='ocrx_word' id='word_1_131' title='bbox 1480 1160 1585 1197; x_wconf 72' lang='lat' dir='ltr'><strong>pueri</strong></span> <span class='ocrx_word' id='word_1_132' title='bbox 1595 1161 1675 1198; x_wconf 71' lang='lat' dir='ltr'><strong>quin</strong></span> <span class='ocrx_word' id='word_1_133' title='bbox 1688 1159 1921 1196; x_wconf 60' lang='lat' dir='ltr'><strong>nearihuspn</strong></span> <span class='ocrx_word' id='word_1_134' title='bbox 1944 1160 2104 1200; x_wconf 81' lang='lat' dir='ltr'><strong>facesse!</strong></span> 
     </span>
     <span class='ocr_line' id='line_1_15' title="bbox 285 1199 2104 1244; baseline -0.001 -10"><span class='ocrx_word' id='word_1_135' title='bbox 285 1206 321 1234; x_wconf 84' lang='lat' dir='ltr'><strong>F.</strong></span> <span class='ocrx_word' id='word_1_136' title='bbox 336 1206 366 1234; x_wconf 88' lang='lat'><strong>3.</strong></span> <span class='ocrx_word' id='word_1_137' title='bbox 382 1206 417 1233; x_wconf 92' lang='lat' dir='ltr'><strong>G.</strong></span> <span class='ocrx_word' id='word_1_138' title='bbox 432 1205 470 1233; x_wconf 91' lang='lat' dir='ltr'><strong>D.</strong></span> <span class='ocrx_word' id='word_1_139' title='bbox 495 1206 533 1233; x_wconf 88' lang='lat' dir='ltr'><strong>In</strong></span> <span class='ocrx_word' id='word_1_140' title='bbox 548 1204 852 1244; x_wconf 82' lang='lat' dir='ltr'><strong>reliquisfacessal</strong></span> <span class='ocrx_word' id='word_1_141' title='bbox 880 1199 981 1244; x_wconf 86' lang='lat' dir='ltr'><strong>[quae</strong></span> <span class='ocrx_word' id='word_1_142' title='bbox 994 1206 1093 1235; x_wconf 87' lang='lat' dir='ltr'><strong>lectio</strong></span> <span class='ocrx_word' id='word_1_143' title='bbox 1107 1206 1159 1235; x_wconf 85' lang='lat' dir='ltr'><strong>hic</strong></span> <span class='ocrx_word' id='word_1_144' title='bbox 1178 1208 1251 1235; x_wconf 86' lang='lat' dir='ltr'><strong>sola</strong></span> <span class='ocrx_word' id='word_1_145' title='bbox 1270 1206 1400 1235; x_wconf 70' lang='lat' dir='ltr'><strong>videtur</strong></span> <span class='ocrx_word' id='word_1_146' title='bbox 1418 1214 1516 1241; x_wconf 75' lang='lat' dir='ltr'><strong>posse</strong></span> <span class='ocrx_word' id='word_1_147' title='bbox 1531 1206 1617 1235; x_wconf 81' lang='lat' dir='ltr'><strong>ferri.</strong></span> <span class='ocrx_word' id='word_1_148' title='bbox 1666 1207 1799 1242; x_wconf 81' lang='lat' dir='ltr'><strong>Quoties</strong></span> <span class='ocrx_word' id='word_1_149' title='bbox 1814 1210 1920 1236; x_wconf 89' lang='lat' dir='ltr'><strong>tamen</strong></span> <span class='ocrx_word' id='word_1_150' title='bbox 1935 1206 2104 1240; x_wconf 80' lang='lat' dir='ltr'><strong>utriusque</strong></span> 
     </span>
     <span class='ocr_line' id='line_1_16' title="bbox 287 1250 2103 1287; baseline 0.001 -9"><span class='ocrx_word' id='word_1_151' title='bbox 287 1250 524 1279; x_wconf 82' lang='lat' dir='ltr'><strong>terminationis</strong></span> <span class='ocrx_word' id='word_1_152' title='bbox 545 1250 644 1279; x_wconf 85' lang='lat' dir='ltr'><strong>futur.</strong></span> <span class='ocrx_word' id='word_1_153' title='bbox 665 1253 695 1279; x_wconf 86' lang='lat' dir='ltr'><strong>et</strong></span> <span class='ocrx_word' id='word_1_154' title='bbox 715 1251 877 1280; x_wconf 85' lang='lat' dir='ltr'><strong>coniunct.</strong></span> <span class='ocrx_word' id='word_1_155' title='bbox 898 1255 968 1280; x_wconf 85' lang='lat' dir='ltr'><strong>tert.</strong></span> <span class='ocrx_word' id='word_1_156' title='bbox 989 1252 1144 1280; x_wconf 77' lang='lat' dir='ltr'><strong>declinat.</strong></span> <span class='ocrx_word' id='word_1_157' title='bbox 1165 1252 1207 1280; x_wconf 84' lang='lat' dir='ltr'><strong>sit</strong></span> <span class='ocrx_word' id='word_1_158' title='bbox 1227 1251 1393 1287; x_wconf 84' lang='lat' dir='ltr'><strong>confusio,</strong></span> <span class='ocrx_word' id='word_1_159' title='bbox 1421 1259 1464 1279; x_wconf 85' lang='lat' dir='ltr'><strong>ex</strong></span> <span class='ocrx_word' id='word_1_160' title='bbox 1478 1251 1589 1280; x_wconf 75' lang='lat' dir='ltr'><strong>munis</strong></span> <span class='ocrx_word' id='word_1_161' title='bbox 1603 1252 1686 1280; x_wconf 81' lang='lat' dir='ltr'><strong>locis</strong></span> <span class='ocrx_word' id='word_1_162' title='bbox 1702 1255 1805 1287; x_wconf 87' lang='lat' dir='ltr'><strong>potest</strong></span> <span class='ocrx_word' id='word_1_163' title='bbox 1819 1251 2034 1287; x_wconf 80' lang='lat' dir='ltr'><strong>comprobari.</strong></span> <span class='ocrx_word' id='word_1_164' title='bbox 2060 1250 2103 1279; x_wconf 84' lang='lat' dir='ltr'><strong>ct&#39;.</strong></span> 
     </span>
     <span class='ocr_line' id='line_1_17' title="bbox 285 1293 2105 1333; baseline -0.001 -9"><span class='ocrx_word' id='word_1_165' title='bbox 285 1295 391 1325; x_wconf 85' lang='lat' dir='ltr'><strong>Beier.</strong></span> <span class='ocrx_word' id='word_1_166' title='bbox 407 1297 448 1324; x_wconf 86' lang='lat' dir='ltr'><strong>ad</strong></span> <span class='ocrx_word' id='word_1_167' title='bbox 463 1295 529 1324; x_wconf 88' lang='lat' dir='ltr'><strong>Cic.</strong></span> <span class='ocrx_word' id='word_1_168' title='bbox 552 1296 590 1324; x_wconf 84' lang='lat' dir='ltr'><strong>de</strong></span> <span class='ocrx_word' id='word_1_169' title='bbox 609 1296 659 1324; x_wconf 82' lang='lat' dir='ltr'><strong>off.</strong></span> <span class='ocrx_word' id='word_1_170' title='bbox 671 1297 714 1324; x_wconf 91' lang='lat' dir='ltr'><strong>II.</strong></span> <span class='ocrx_word' id='word_1_171' title='bbox 732 1297 745 1324; x_wconf 92' lang='lat'><strong>1</strong></span> <span class='ocrx_word' id='word_1_172' title='bbox 756 1297 783 1324; x_wconf 91' lang='lat'><strong>1.</strong></span> <span class='ocrx_word' id='word_1_173' title='bbox 803 1297 835 1331; x_wconf 69' lang='lat' dir='ltr'><strong>S.</strong></span> <span class='ocrx_word' id='word_1_174' title='bbox 852 1298 904 1324; x_wconf 79' lang='lat'><strong>40.</strong></span> <span class='ocrx_word' id='word_1_175' title='bbox 918 1298 992 1326; x_wconf 89' lang='lat' dir='ltr'><strong>Intt.</strong></span> <span class='ocrx_word' id='word_1_176' title='bbox 1007 1298 1048 1325; x_wconf 90' lang='lat' dir='ltr'><strong>ad</strong></span> <span class='ocrx_word' id='word_1_177' title='bbox 1061 1297 1153 1333; x_wconf 86' lang='lat' dir='ltr'><strong>Virg.</strong></span> <span class='ocrx_word' id='word_1_178' title='bbox 1168 1299 1237 1326; x_wconf 82' lang='lat' dir='ltr'><strong>Ecl.</strong></span> <span class='ocrx_word' id='word_1_179' title='bbox 1252 1298 1306 1326; x_wconf 73' lang='lat' dir='ltr'><strong>VI.</strong></span> <span class='ocrx_word' id='word_1_180' title='bbox 1324 1297 1392 1332; x_wconf 74' lang='grc'><strong>10.]</strong></span> <span class='ocrx_word' id='word_1_181' title='bbox 1442 1296 1565 1324; x_wconf 70' lang='lat' dir='ltr'><strong>stricto</strong></span> <span class='ocrx_word' id='word_1_182' title='bbox 1580 1305 1748 1326; x_wconf 84' lang='lat' dir='ltr'><strong>mucrone.</strong></span> <span class='ocrx_word' id='word_1_183' title='bbox 1776 1295 1843 1324; x_wconf 87' lang='lat' dir='ltr'><strong>Per</strong></span> <span class='ocrx_word' id='word_1_184' title='bbox 1856 1299 1891 1326; x_wconf 91' lang='lat' dir='ltr'><strong>G.</strong></span> <span class='ocrx_word' id='word_1_185' title='bbox 1908 1298 1946 1326; x_wconf 90' lang='lat' dir='ltr'><strong>D.</strong></span> <span class='ocrx_word' id='word_1_186' title='bbox 1984 1293 2105 1324; x_wconf 81' lang='lat' dir='ltr'><strong>caedes</strong></span> 
     </span>
     <span class='ocr_line' id='line_1_18' title="bbox 285 1338 2104 1380; baseline 0 -12"><span class='ocrx_word' id='word_1_187' title='bbox 285 1340 458 1369; x_wconf 79' lang='lat' dir='ltr'><strong>ambulent</strong></span> <span class='ocrx_word' id='word_1_188' title='bbox 470 1338 500 1369; x_wconf 77' lang='grc' dir='ltr'><strong>δ.</strong></span> <span class='ocrx_word' id='word_1_189' title='bbox 536 1341 648 1371; x_wconf 71' lang='lat' dir='ltr'><strong>Verba</strong></span> <span class='ocrx_word' id='word_1_190' title='bbox 662 1341 721 1378; x_wconf 72' lang='lat' dir='ltr'><strong>qui</strong></span> <span class='ocrx_word' id='word_1_191' title='bbox 732 1341 862 1378; x_wconf 72' lang='lat' dir='ltr'><strong>sopitus</strong></span> <span class='ocrx_word' id='word_1_192' title='bbox 876 1341 1002 1369; x_wconf 74' lang='lat' dir='ltr'><strong>iacebit</strong></span> <span class='ocrx_word' id='word_1_193' title='bbox 1015 1341 1208 1370; x_wconf 73' lang='lat' dir='ltr'><strong>trucidetur</strong></span> <span class='ocrx_word' id='word_1_194' title='bbox 1221 1343 1449 1371; x_wconf 82' lang='lat' dir='ltr'><strong>desiderantur</strong></span> <span class='ocrx_word' id='word_1_195' title='bbox 1462 1342 1495 1370; x_wconf 87' lang='lat' dir='ltr'><strong>in</strong></span> <span class='ocrx_word' id='word_1_196' title='bbox 1510 1343 1546 1371; x_wconf 88' lang='lat' dir='ltr'><strong>L.</strong></span> <span class='ocrx_word' id='word_1_197' title='bbox 1585 1351 1654 1380; x_wconf 80' lang='lat' dir='ltr'><strong>qua</strong></span> <span class='ocrx_word' id='word_1_198' title='bbox 1667 1343 1799 1379; x_wconf 69' lang='lat' dir='ltr'><strong>sopitus</strong></span> <span class='ocrx_word' id='word_1_199' title='bbox 1812 1342 1948 1371; x_wconf 70' lang='lat' dir='ltr'><strong>iacebat</strong></span> <span class='ocrx_word' id='word_1_200' title='bbox 1960 1350 1990 1377; x_wconf 77' lang='lat' dir='ltr'><strong>p.</strong></span> <span class='ocrx_word' id='word_1_201' title='bbox 2030 1344 2104 1369; x_wconf 72' lang='lat' dir='ltr'><strong>ten-</strong></span> 
     </span>
     <span class='ocr_line' id='line_1_19' title="bbox 287 1385 2104 1425; baseline 0 -11"><span class='ocrx_word' id='word_1_202' title='bbox 287 1386 373 1414; x_wconf 76' lang='lat' dir='ltr'><strong>tarit</strong></span> <span class='ocrx_word' id='word_1_203' title='bbox 390 1387 411 1415; x_wconf 85' lang='lat' dir='ltr'><strong>s.</strong></span> <span class='ocrx_word' id='word_1_204' title='bbox 459 1385 680 1423; x_wconf 78' lang='lat' dir='ltr'><strong>relinquimus</strong></span> <span class='ocrx_word' id='word_1_205' title='bbox 694 1387 729 1416; x_wconf 83' lang='lat' dir='ltr'><strong>F.</strong></span> <span class='ocrx_word' id='word_1_206' title='bbox 747 1388 776 1416; x_wconf 87' lang='lat'><strong>1.</strong></span> <span class='ocrx_word' id='word_1_207' title='bbox 803 1386 951 1423; x_wconf 74' lang='lat' dir='ltr'><strong>[virgula</strong></span> <span class='ocrx_word' id='word_1_208' title='bbox 965 1395 986 1416; x_wconf 83' lang='lat' dir='ltr'><strong>a</strong></span> <span class='ocrx_word' id='word_1_209' title='bbox 998 1388 1145 1417; x_wconf 80' lang='lat' dir='ltr'><strong>librariis</strong></span> <span class='ocrx_word' id='word_1_210' title='bbox 1160 1395 1260 1422; x_wconf 76' lang='lat' dir='ltr'><strong>prave</strong></span> <span class='ocrx_word' id='word_1_211' title='bbox 1274 1390 1424 1422; x_wconf 74' lang='lat' dir='ltr'><strong>neglecta</strong></span> <span class='ocrx_word' id='word_1_212' title='bbox 1438 1386 1663 1425; x_wconf 81' lang='lat' dir='ltr'><strong>reliqu&#39;imus,</strong></span> <span class='ocrx_word' id='word_1_213' title='bbox 1692 1389 1776 1417; x_wconf 85' lang='lat' dir='ltr'><strong>unde</strong></span> <span class='ocrx_word' id='word_1_214' title='bbox 1791 1388 1914 1417; x_wconf 83' lang='lat' dir='ltr'><strong>factum</strong></span> <span class='ocrx_word' id='word_1_215' title='bbox 1928 1391 1977 1416; x_wconf 86' lang='lat' dir='ltr'><strong>est</strong></span> <span class='ocrx_word' id='word_1_216' title='bbox 1996 1386 2104 1415; x_wconf 64' lang='lat' dir='ltr'><strong>relin-</strong></span> 
     </span>
     <span class='ocr_line' id='line_1_20' title="bbox 286 1432 2102 1469; baseline 0.001 -10"><span class='ocrx_word' id='word_1_217' title='bbox 286 1432 427 1469; x_wconf 73' lang='lat' dir='ltr'><strong>quimus,</strong></span> <span class='ocrx_word' id='word_1_218' title='bbox 460 1434 508 1460; x_wconf 88' lang='lat' dir='ltr'><strong>De</strong></span> <span class='ocrx_word' id='word_1_219' title='bbox 527 1433 624 1460; x_wconf 87' lang='lat' dir='ltr'><strong>solito</strong></span> <span class='ocrx_word' id='word_1_220' title='bbox 643 1434 704 1461; x_wconf 84' lang='lat' dir='ltr'><strong>hoc</strong></span> <span class='ocrx_word' id='word_1_221' title='bbox 723 1440 829 1461; x_wconf 86' lang='lat' dir='ltr'><strong>errore</strong></span> <span class='ocrx_word' id='word_1_222' title='bbox 861 1433 902 1461; x_wconf 87' lang='lat' dir='ltr'><strong>ef.</strong></span> <span class='ocrx_word' id='word_1_223' title='bbox 917 1433 1046 1467; x_wconf 85' lang='lat' dir='ltr'><strong>Bently.</strong></span> <span class='ocrx_word' id='word_1_224' title='bbox 1069 1434 1109 1462; x_wconf 84' lang='lat' dir='ltr'><strong>ad</strong></span> <span class='ocrx_word' id='word_1_225' title='bbox 1128 1435 1204 1462; x_wconf 84' lang='lat' dir='ltr'><strong>Hor.</strong></span> <span class='ocrx_word' id='word_1_226' title='bbox 1218 1433 1323 1468; x_wconf 78' lang='lat' dir='ltr'><strong>Epist.</strong></span> <span class='ocrx_word' id='word_1_227' title='bbox 1342 1435 1381 1461; x_wconf 94' lang='lat' dir='ltr'><strong>Il.</strong></span> <span class='ocrx_word' id='word_1_228' title='bbox 1402 1434 1431 1460; x_wconf 74' lang='lat'><strong>2.</strong></span> <span class='ocrx_word' id='word_1_229' title='bbox 1450 1434 1523 1461; x_wconf 84' lang='grc'><strong>176.</strong></span> <span class='ocrx_word' id='word_1_230' title='bbox 1551 1434 1635 1462; x_wconf 84' lang='lat' dir='ltr'><strong>cort.</strong></span> <span class='ocrx_word' id='word_1_231' title='bbox 1650 1434 1691 1462; x_wconf 77' lang='lat' dir='ltr'><strong>ad</strong></span> <span class='ocrx_word' id='word_1_232' title='bbox 1707 1434 1792 1462; x_wconf 87' lang='lat' dir='ltr'><strong>Plin.</strong></span> <span class='ocrx_word' id='word_1_233' title='bbox 1805 1434 1910 1468; x_wconf 81' lang='lat' dir='ltr'><strong>Epist.</strong></span> <span class='ocrx_word' id='word_1_234' title='bbox 1924 1435 1964 1462; x_wconf 86' lang='lat'><strong>11.</strong></span> <span class='ocrx_word' id='word_1_235' title='bbox 1982 1434 2033 1462; x_wconf 91' lang='lat'><strong>17.</strong></span> <span class='ocrx_word' id='word_1_236' title='bbox 2051 1434 2102 1462; x_wconf 90' lang='lat'><strong>16.</strong></span> 
     </span>
     <span class='ocr_line' id='line_1_21' title="bbox 283 1475 2107 1515; baseline 0 -9"><span class='ocrx_word' id='word_1_237' title='bbox 283 1479 339 1506; x_wconf 90' lang='lat' dir='ltr'><strong>Dr.</strong></span> <span class='ocrx_word' id='word_1_238' title='bbox 353 1478 393 1506; x_wconf 82' lang='lat' dir='ltr'><strong>ad</strong></span> <span class='ocrx_word' id='word_1_239' title='bbox 409 1477 480 1507; x_wconf 82' lang='lat' dir='ltr'><strong>Liv.</strong></span> <span class='ocrx_word' id='word_1_240' title='bbox 493 1479 549 1506; x_wconf 77' lang='lat' dir='ltr'><strong>lv.</strong></span> <span class='ocrx_word' id='word_1_241' title='bbox 564 1479 616 1506; x_wconf 82' lang='lat'><strong>53.</strong></span> <span class='ocrx_word' id='word_1_242' title='bbox 635 1478 666 1512; x_wconf 68' lang='lat' dir='ltr'><strong>S.</strong></span> <span class='ocrx_word' id='word_1_243' title='bbox 684 1479 735 1506; x_wconf 89' lang='lat'><strong>11.</strong></span> <span class='ocrx_word' id='word_1_244' title='bbox 754 1479 794 1506; x_wconf 90' lang='lat'><strong>11.</strong></span> <span class='ocrx_word' id='word_1_245' title='bbox 810 1479 839 1507; x_wconf 95' lang='grc'><strong>7.</strong></span> <span class='ocrx_word' id='word_1_246' title='bbox 858 1479 889 1513; x_wconf 68' lang='lat' dir='ltr'><strong>S.</strong></span> <span class='ocrx_word' id='word_1_247' title='bbox 905 1478 952 1514; x_wconf 72' lang='grc'><strong>9.]</strong></span> <span class='ocrx_word' id='word_1_248' title='bbox 980 1478 1141 1506; x_wconf 76' lang='lat' dir='ltr'><strong>nemiuem</strong></span> <span class='ocrx_word' id='word_1_249' title='bbox 1151 1475 1188 1506; x_wconf 77' lang='lat'><em>&#39;1&#39;11</em></span> <span class='ocrx_word' id='word_1_250' title='bbox 1203 1476 1297 1505; x_wconf 76' lang='lat' dir='ltr'><strong>domo</strong></span> <span class='ocrx_word' id='word_1_251' title='bbox 1312 1477 1574 1515; x_wconf 68' lang='lat' dir='ltr'><strong>relinquerimus</strong></span> <span class='ocrx_word' id='word_1_252' title='bbox 1596 1478 1617 1507; x_wconf 82' lang='lat' dir='ltr'><strong>f.</strong></span> <span class='ocrx_word' id='word_1_253' title='bbox 1666 1478 1736 1506; x_wconf 78' lang='lat' dir='ltr'><strong>eius</strong></span> <span class='ocrx_word' id='word_1_254' title='bbox 1751 1486 1808 1513; x_wconf 84' lang='lat' dir='ltr'><strong>pro</strong></span> <span class='ocrx_word' id='word_1_255' title='bbox 1823 1478 1906 1507; x_wconf 69' lang='lat' dir='ltr'><strong>cic-is</strong></span> <span class='ocrx_word' id='word_1_256' title='bbox 1926 1487 1955 1513; x_wconf 85' lang='lat' dir='ltr'><strong>p.</strong></span> <span class='ocrx_word' id='word_1_257' title='bbox 2005 1477 2107 1506; x_wconf 79' lang='lat' dir='ltr'><strong>simul</strong></span> 
     </span>
     <span class='ocr_line' id='line_1_22' title="bbox 284 1520 2102 1561; baseline 0.001 -12"><span class='ocrx_word' id='word_1_258' title='bbox 284 1525 317 1550; x_wconf 84' lang='lat' dir='ltr'><strong>et</strong></span> <span class='ocrx_word' id='word_1_259' title='bbox 330 1523 453 1550; x_wconf 69' lang='lat' dir='ltr'><strong>eximie</strong></span> <span class='ocrx_word' id='word_1_260' title='bbox 466 1523 502 1552; x_wconf 86' lang='lat' dir='ltr'><strong>F.</strong></span> <span class='ocrx_word' id='word_1_261' title='bbox 517 1524 547 1551; x_wconf 87' lang='grc'><strong>3.</strong></span> <span class='ocrx_word' id='word_1_262' title='bbox 563 1524 598 1551; x_wconf 88' lang='lat' dir='ltr'><strong>G.</strong></span> <span class='ocrx_word' id='word_1_263' title='bbox 624 1524 662 1551; x_wconf 91' lang='lat' dir='ltr'><strong>D.</strong></span> <span class='ocrx_word' id='word_1_264' title='bbox 677 1524 712 1552; x_wconf 94' lang='grc'><strong>0.</strong></span> <span class='ocrx_word' id='word_1_265' title='bbox 727 1530 756 1557; x_wconf 80' lang='lat' dir='ltr'><strong>p.</strong></span> <span class='ocrx_word' id='word_1_266' title='bbox 772 1523 793 1552; x_wconf 85' lang='lat' dir='ltr'><strong>t&#39;.</strong></span> <span class='ocrx_word' id='word_1_267' title='bbox 809 1520 838 1552; x_wconf 78' lang='grc' dir='ltr'><strong>δ.</strong></span> <span class='ocrx_word' id='word_1_268' title='bbox 853 1524 889 1552; x_wconf 91' lang='lat' dir='ltr'><strong>L.</strong></span> <span class='ocrx_word' id='word_1_269' title='bbox 905 1525 954 1552; x_wconf 91' lang='lat' dir='ltr'><strong>ed.</strong></span> <span class='ocrx_word' id='word_1_270' title='bbox 969 1532 1014 1558; x_wconf 82' lang='lat' dir='ltr'><strong>pr.</strong></span> <span class='ocrx_word' id='word_1_271' title='bbox 1040 1526 1125 1553; x_wconf 89' lang='lat' dir='ltr'><strong>lunt.</strong></span> <span class='ocrx_word' id='word_1_272' title='bbox 1142 1526 1170 1552; x_wconf 75' lang='lat'><strong>2.</strong></span> <span class='ocrx_word' id='word_1_273' title='bbox 1197 1525 1231 1553; x_wconf 94' lang='lat' dir='ltr'><strong>In</strong></span> <span class='ocrx_word' id='word_1_274' title='bbox 1247 1527 1319 1552; x_wconf 86' lang='lat' dir='ltr'><strong>cett.</strong></span> <span class='ocrx_word' id='word_1_275' title='bbox 1333 1527 1364 1550; x_wconf 80' lang='lat' dir='ltr'><strong>et</strong></span> <span class='ocrx_word' id='word_1_276' title='bbox 1380 1531 1481 1558; x_wconf 75' lang='lat' dir='ltr'><strong>prave</strong></span> <span class='ocrx_word' id='word_1_277' title='bbox 1495 1526 1619 1553; x_wconf 89' lang='lat' dir='ltr'><strong>exulat.</strong></span> <span class='ocrx_word' id='word_1_278' title='bbox 1669 1527 1703 1552; x_wconf 84' lang='lat' dir='ltr'><strong>et</strong></span> <span class='ocrx_word' id='word_1_279' title='bbox 1723 1522 1808 1551; x_wconf 61' lang='lat' dir='ltr'><strong>milii</strong></span> <span class='ocrx_word' id='word_1_280' title='bbox 1820 1525 1879 1561; x_wconf 82' lang='lat' dir='ltr'><strong>qui</strong></span> <span class='ocrx_word' id='word_1_281' title='bbox 1891 1531 1941 1550; x_wconf 80' lang='lat' dir='ltr'><strong>me</strong></span> <span class='ocrx_word' id='word_1_282' title='bbox 1952 1521 2102 1560; x_wconf 74' lang='lat' dir='ltr'><strong>gladiolo</strong></span> 
     </span>
     <span class='ocr_line' id='line_1_23' title="bbox 285 1566 2103 1606; baseline 0.001 -12"><span class='ocrx_word' id='word_1_283' title='bbox 285 1570 320 1598; x_wconf 79' lang='lat' dir='ltr'><strong>G,</strong></span> <span class='ocrx_word' id='word_1_284' title='bbox 335 1569 371 1597; x_wconf 84' lang='lat' dir='ltr'><strong>P,</strong></span> <span class='ocrx_word' id='word_1_285' title='bbox 398 1571 431 1596; x_wconf 83' lang='lat' dir='ltr'><strong>et</strong></span> <span class='ocrx_word' id='word_1_286' title='bbox 445 1566 529 1595; x_wconf 72' lang='lat' dir='ltr'><strong>mihi</strong></span> <span class='ocrx_word' id='word_1_287' title='bbox 540 1568 600 1605; x_wconf 76' lang='lat' dir='ltr'><strong>qui</strong></span> <span class='ocrx_word' id='word_1_288' title='bbox 611 1576 661 1595; x_wconf 82' lang='lat' dir='ltr'><strong>me</strong></span> <span class='ocrx_word' id='word_1_289' title='bbox 672 1567 787 1606; x_wconf 71' lang='lat' dir='ltr'><strong>gladio</strong></span> <span class='ocrx_word' id='word_1_290' title='bbox 800 1570 839 1597; x_wconf 91' lang='lat' dir='ltr'><strong>D.</strong></span> <span class='ocrx_word' id='word_1_291' title='bbox 865 1576 915 1595; x_wconf 82' lang='lat' dir='ltr'><strong>me</strong></span> <span class='ocrx_word' id='word_1_292' title='bbox 929 1571 1021 1597; x_wconf 83' lang='lat' dir='ltr'><strong>abest</strong></span> <span class='ocrx_word' id='word_1_293' title='bbox 1036 1577 1055 1598; x_wconf 90' lang='lat' dir='ltr'><strong>a</strong></span> <span class='ocrx_word' id='word_1_294' title='bbox 1069 1569 1091 1598; x_wconf 82' lang='lat' dir='ltr'><strong>f.</strong></span> <span class='ocrx_word' id='word_1_295' title='bbox 1107 1573 1134 1597; x_wconf 89' lang='lat' dir='ltr'><strong>et</strong></span> <span class='ocrx_word' id='word_1_296' title='bbox 1151 1577 1185 1598; x_wconf 80' lang='grc' dir='ltr'><strong>π.</strong></span> <span class='ocrx_word' id='word_1_297' title='bbox 1230 1577 1295 1606; x_wconf 80' lang='lat' dir='ltr'><strong>per</strong></span> <span class='ocrx_word' id='word_1_298' title='bbox 1307 1567 1536 1597; x_wconf 71' lang='lat' dir='ltr'><strong>huiusmodid&#39;.</strong></span> <span class='ocrx_word' id='word_1_299' title='bbox 1551 1567 1839 1598; x_wconf 75' lang='lat' dir='ltr'><strong>hur&#39;uscemodied.</strong></span> <span class='ocrx_word' id='word_1_300' title='bbox 1853 1569 1961 1598; x_wconf 77' lang='lat' dir='ltr'><strong>Scriv.</strong></span> <span class='ocrx_word' id='word_1_301' title='bbox 1976 1573 2008 1598; x_wconf 91' lang='lat' dir='ltr'><strong>ut</strong></span> <span class='ocrx_word' id='word_1_302' title='bbox 2024 1569 2103 1598; x_wconf 83' lang='lat' dir='ltr'><strong>alibi</strong></span> 
     </span>
     <span class='ocr_line' id='line_1_24' title="bbox 284 1612 2102 1654; baseline -0.001 -11"><span class='ocrx_word' id='word_1_303' title='bbox 284 1620 394 1649; x_wconf 77' lang='lat' dir='ltr'><strong>saepe.</strong></span> <span class='ocrx_word' id='word_1_304' title='bbox 443 1613 636 1641; x_wconf 70' lang='lat' dir='ltr'><strong>comitabar</strong></span> <span class='ocrx_word' id='word_1_305' title='bbox 648 1615 684 1643; x_wconf 91' lang='lat' dir='ltr'><strong>P.</strong></span> <span class='ocrx_word' id='word_1_306' title='bbox 733 1613 906 1654; x_wconf 82' lang='lat' dir='ltr'><strong>etfugure</strong></span> <span class='ocrx_word' id='word_1_307' title='bbox 918 1615 955 1642; x_wconf 92' lang='lat' dir='ltr'><strong>L.</strong></span> <span class='ocrx_word' id='word_1_308' title='bbox 971 1614 992 1642; x_wconf 85' lang='lat' dir='ltr'><strong>f.</strong></span> <span class='ocrx_word' id='word_1_309' title='bbox 1037 1617 1236 1651; x_wconf 80' lang='lat' dir='ltr'><strong>perterrere</strong></span> <span class='ocrx_word' id='word_1_310' title='bbox 1250 1616 1285 1643; x_wconf 86' lang='lat' dir='ltr'><strong>B.</strong></span> <span class='ocrx_word' id='word_1_311' title='bbox 1306 1612 1335 1643; x_wconf 71' lang='grc' dir='ltr'><strong>ὃ.</strong></span> <span class='ocrx_word' id='word_1_312' title='bbox 1356 1614 1377 1642; x_wconf 84' lang='lat' dir='ltr'><strong>f.</strong></span> <span class='ocrx_word' id='word_1_313' title='bbox 1404 1616 1552 1643; x_wconf 53' lang='lat' dir='ltr'><strong>xvower.</strong></span> <span class='ocrx_word' id='word_1_314' title='bbox 1573 1619 1601 1643; x_wconf 87' lang='lat' dir='ltr'><strong>et</strong></span> <span class='ocrx_word' id='word_1_315' title='bbox 1621 1615 1763 1643; x_wconf 79' lang='lat' dir='ltr'><strong>Scriver.</strong></span> <span class='ocrx_word' id='word_1_316' title='bbox 1807 1618 1991 1651; x_wconf 76' lang='lat' dir='ltr'><strong>proterere</strong></span> <span class='ocrx_word' id='word_1_317' title='bbox 2012 1616 2046 1644; x_wconf 88' lang='lat' dir='ltr'><strong>G.</strong></span> <span class='ocrx_word' id='word_1_318' title='bbox 2067 1615 2102 1643; x_wconf 88' lang='lat' dir='ltr'><strong>P.</strong></span> 
     </span>
     <span class='ocr_line' id='line_1_25' title="bbox 280 1658 2102 1701; baseline 0.002 -15"><span class='ocrx_word' id='word_1_319' title='bbox 280 1667 488 1695; x_wconf 78' lang='lat' dir='ltr'><strong>procurrere</strong></span> <span class='ocrx_word' id='word_1_320' title='bbox 503 1667 532 1694; x_wconf 83' lang='lat' dir='ltr'><strong>p.</strong></span> <span class='ocrx_word' id='word_1_321' title='bbox 581 1667 636 1686; x_wconf 77' lang='lat' dir='ltr'><strong>eos</strong></span> <span class='ocrx_word' id='word_1_322' title='bbox 650 1658 833 1697; x_wconf 77' lang='lat' dir='ltr'><strong>adgressus</strong></span> <span class='ocrx_word' id='word_1_323' title='bbox 852 1661 888 1688; x_wconf 85' lang='lat' dir='ltr'><strong>F.</strong></span> <span class='ocrx_word' id='word_1_324' title='bbox 906 1661 933 1688; x_wconf 91' lang='lat'><strong>1.</strong></span> <span class='ocrx_word' id='word_1_325' title='bbox 948 1661 978 1688; x_wconf 87' lang='grc'><strong>3.</strong></span> <span class='ocrx_word' id='word_1_326' title='bbox 1001 1662 1035 1688; x_wconf 89' lang='lat' dir='ltr'><strong>G.</strong></span> <span class='ocrx_word' id='word_1_327' title='bbox 1055 1661 1093 1688; x_wconf 90' lang='lat' dir='ltr'><strong>D.</strong></span> <span class='ocrx_word' id='word_1_328' title='bbox 1115 1661 1150 1688; x_wconf 86' lang='lat' dir='ltr'><strong>P.</strong></span> <span class='ocrx_word' id='word_1_329' title='bbox 1172 1659 1192 1688; x_wconf 85' lang='lat' dir='ltr'><strong>f.</strong></span> <span class='ocrx_word' id='word_1_330' title='bbox 1214 1668 1249 1688; x_wconf 86' lang='grc' dir='ltr'><strong>π.</strong></span> <span class='ocrx_word' id='word_1_331' title='bbox 1274 1661 1311 1688; x_wconf 83' lang='lat' dir='ltr'><strong>Iu</strong></span> <span class='ocrx_word' id='word_1_332' title='bbox 1334 1660 1468 1693; x_wconf 82' lang='lat' dir='ltr'><strong>reliquis</strong></span> <span class='ocrx_word' id='word_1_333' title='bbox 1493 1668 1668 1694; x_wconf 76' lang='lat' dir='ltr'><strong>pronomen</strong></span> <span class='ocrx_word' id='word_1_334' title='bbox 1693 1663 1796 1690; x_wconf 76' lang='lat' dir='ltr'><strong>abest.</strong></span> <span class='ocrx_word' id='word_1_335' title='bbox 1845 1660 2043 1701; x_wconf 70' lang='lat' dir='ltr'><strong>nee-fugam.</strong></span> <span class='ocrx_word' id='word_1_336' title='bbox 2064 1661 2102 1689; x_wconf 86' lang='lat'><strong>1).</strong></span> 
     </span>
     <span class='ocr_line' id='line_1_26' title="bbox 285 1702 1639 1740; baseline 0.001 -8"><span class='ocrx_word' id='word_1_337' title='bbox 285 1702 433 1732; x_wconf 67' lang='lat' dir='ltr'><strong>viderint</strong></span> <span class='ocrx_word' id='word_1_338' title='bbox 447 1706 481 1733; x_wconf 90' lang='lat' dir='ltr'><strong>G.</strong></span> <span class='ocrx_word' id='word_1_339' title='bbox 496 1706 536 1733; x_wconf 87' lang='lat' dir='ltr'><strong>D.</strong></span> <span class='ocrx_word' id='word_1_340' title='bbox 553 1712 573 1733; x_wconf 89' lang='lat' dir='ltr'><strong>a</strong></span> <span class='ocrx_word' id='word_1_341' title='bbox 586 1713 626 1734; x_wconf 89' lang='lat' dir='ltr'><strong>m.</strong></span> <span class='ocrx_word' id='word_1_342' title='bbox 641 1713 669 1739; x_wconf 83' lang='lat' dir='ltr'><strong>p.</strong></span> <span class='ocrx_word' id='word_1_343' title='bbox 685 1706 721 1734; x_wconf 88' lang='lat' dir='ltr'><strong>P.</strong></span> <span class='ocrx_word' id='word_1_344' title='bbox 737 1705 757 1734; x_wconf 83' lang='lat' dir='ltr'><strong>f.</strong></span> <span class='ocrx_word' id='word_1_345' title='bbox 772 1706 808 1733; x_wconf 90' lang='lat' dir='ltr'><strong>L.</strong></span> <span class='ocrx_word' id='word_1_346' title='bbox 857 1703 1027 1732; x_wconf 79' lang='lat' dir='ltr'><strong>audacter</strong></span> <span class='ocrx_word' id='word_1_347' title='bbox 1040 1714 1069 1740; x_wconf 88' lang='lat' dir='ltr'><strong>p.</strong></span> <span class='ocrx_word' id='word_1_348' title='bbox 1086 1706 1118 1733; x_wconf 89' lang='lat' dir='ltr'><strong>in</strong></span> <span class='ocrx_word' id='word_1_349' title='bbox 1133 1713 1194 1739; x_wconf 85' lang='lat' dir='ltr'><strong>quo</strong></span> <span class='ocrx_word' id='word_1_350' title='bbox 1208 1704 1373 1733; x_wconf 70' lang='lat' dir='ltr'><strong>resistunt</strong></span> <span class='ocrx_word' id='word_1_351' title='bbox 1389 1713 1451 1733; x_wconf 85' lang='lat' dir='ltr'><strong>non</strong></span> <span class='ocrx_word' id='word_1_352' title='bbox 1466 1709 1639 1740; x_wconf 84' lang='lat' dir='ltr'><strong>comparet.</strong></span> 
     </span>
    </p>

    <p class='ocr_par' dir='ltr' id='par_1_6' title="bbox 283 1748 2105 1971">
     <span class='ocr_line' id='line_1_27' title="bbox 375 1748 2102 1788; baseline -0.001 -10"><span class='ocrx_word' id='word_1_353' title='bbox 375 1748 503 1778; x_wconf 71' lang='lat' dir='ltr'><strong>de&#39;rv&#39;lur</strong></span> <span class='ocrx_word' id='word_1_354' title='bbox 516 1751 632 1779; x_wconf 78' lang='lat' dir='ltr'><strong>Venet.</strong></span> <span class='ocrx_word' id='word_1_355' title='bbox 642 1752 671 1777; x_wconf 82' lang='lat'><strong>4.</strong></span> <span class='ocrx_word' id='word_1_356' title='bbox 697 1748 905 1777; x_wconf 70' lang='lat' dir='ltr'><strong>validissime</strong></span> <span class='ocrx_word' id='word_1_357' title='bbox 919 1758 1100 1787; x_wconf 77' lang='lat' dir='ltr'><strong>aggressus</strong></span> <span class='ocrx_word' id='word_1_358' title='bbox 1110 1750 1130 1779; x_wconf 83' lang='lat' dir='ltr'><strong>f.</strong></span> <span class='ocrx_word' id='word_1_359' title='bbox 1145 1754 1173 1779; x_wconf 87' lang='lat' dir='ltr'><strong>et</strong></span> <span class='ocrx_word' id='word_1_360' title='bbox 1190 1758 1301 1779; x_wconf 86' lang='lat' dir='ltr'><strong>omnes</strong></span> <span class='ocrx_word' id='word_1_361' title='bbox 1317 1751 1385 1779; x_wconf 88' lang='lat' dir='ltr'><strong>edd.</strong></span> <span class='ocrx_word' id='word_1_362' title='bbox 1397 1754 1474 1779; x_wconf 84' lang='lat' dir='ltr'><strong>vett.</strong></span> <span class='ocrx_word' id='word_1_363' title='bbox 1490 1755 1619 1785; x_wconf 84' lang='lat' dir='ltr'><strong>praeter</strong></span> <span class='ocrx_word' id='word_1_364' title='bbox 1630 1752 1714 1780; x_wconf 85' lang='lat' dir='ltr'><strong>lunt.</strong></span> <span class='ocrx_word' id='word_1_365' title='bbox 1730 1753 1779 1788; x_wconf 80' lang='lat'><strong>2.,</strong></span> <span class='ocrx_word' id='word_1_366' title='bbox 1805 1758 1889 1786; x_wconf 84' lang='lat' dir='ltr'><strong>quae</strong></span> <span class='ocrx_word' id='word_1_367' title='bbox 1903 1753 2001 1781; x_wconf 82' lang='lat' dir='ltr'><strong>habet</strong></span> <span class='ocrx_word' id='word_1_368' title='bbox 2016 1749 2102 1779; x_wconf 64' lang='lat' dir='ltr'><em>etali-</em></span> 
     </span>
     <span class='ocr_line' id='line_1_28' title="bbox 285 1794 2105 1833; baseline 0.001 -10"><span class='ocrx_word' id='word_1_369' title='bbox 285 1794 441 1824; x_wconf 74' lang='lat' dir='ltr'><strong>dt‘ssimus</strong></span> <span class='ocrx_word' id='word_1_370' title='bbox 455 1803 505 1822; x_wconf 84' lang='lat' dir='ltr'><strong>me</strong></span> <span class='ocrx_word' id='word_1_371' title='bbox 518 1802 717 1833; x_wconf 73' lang='lat' dir='ltr'><strong>aggressus:</strong></span> <span class='ocrx_word' id='word_1_372' title='bbox 738 1796 786 1824; x_wconf 83' lang='lat' dir='ltr'><strong>ita</strong></span> <span class='ocrx_word' id='word_1_373' title='bbox 799 1794 927 1823; x_wconf 65' lang='lat' dir='ltr'><strong>viribus</strong></span> <span class='ocrx_word' id='word_1_374' title='bbox 942 1796 1060 1830; x_wconf 80' lang='lat' dir='ltr'><strong>ubique</strong></span> <span class='ocrx_word' id='word_1_375' title='bbox 1074 1797 1230 1825; x_wconf 80' lang='lat' dir='ltr'><strong>deleatur.</strong></span> <span class='ocrx_word' id='word_1_376' title='bbox 1257 1797 1326 1825; x_wconf 80' lang='lat' dir='ltr'><strong>Hoc</strong></span> <span class='ocrx_word' id='word_1_377' title='bbox 1340 1800 1448 1825; x_wconf 84' lang='lat' dir='ltr'><strong>autem</strong></span> <span class='ocrx_word' id='word_1_378' title='bbox 1463 1799 1660 1825; x_wconf 66' lang='lat' dir='ltr'><strong>vocabulum</strong></span> <span class='ocrx_word' id='word_1_379' title='bbox 1674 1797 1772 1826; x_wconf 83' lang='lat' dir='ltr'><strong>etiam</strong></span> <span class='ocrx_word' id='word_1_380' title='bbox 1787 1797 1819 1825; x_wconf 88' lang='lat' dir='ltr'><strong>in</strong></span> <span class='ocrx_word' id='word_1_381' title='bbox 1829 1799 1864 1826; x_wconf 82' lang='lat' dir='ltr'><strong>B.</strong></span> <span class='ocrx_word' id='word_1_382' title='bbox 1881 1798 2006 1830; x_wconf 86' lang='lat' dir='ltr'><strong>deesse,</strong></span> <span class='ocrx_word' id='word_1_383' title='bbox 2021 1798 2105 1831; x_wconf 79' lang='lat' dir='ltr'><strong>quod</strong></span> 
     </span>
     <span class='ocr_line' id='line_1_29' title="bbox 283 1839 2105 1878; baseline -0.001 -8"><span class='ocrx_word' id='word_1_384' title='bbox 283 1843 367 1870; x_wconf 85' lang='lat' dir='ltr'><strong>Elm.</strong></span> <span class='ocrx_word' id='word_1_385' title='bbox 383 1851 400 1870; x_wconf 84' lang='lat' dir='ltr'><strong>e</strong></span> <span class='ocrx_word' id='word_1_386' title='bbox 413 1841 484 1870; x_wconf 80' lang='lat' dir='ltr'><strong>suis</strong></span> <span class='ocrx_word' id='word_1_387' title='bbox 499 1841 662 1875; x_wconf 74' lang='lat' dir='ltr'><strong>excerptis</strong></span> <span class='ocrx_word' id='word_1_388' title='bbox 678 1842 826 1878; x_wconf 84' lang='lat' dir='ltr'><strong>adnotat,</strong></span> <span class='ocrx_word' id='word_1_389' title='bbox 852 1841 1029 1870; x_wconf 83' lang='lat' dir='ltr'><strong>collatione</strong></span> <span class='ocrx_word' id='word_1_390' title='bbox 1043 1842 1144 1870; x_wconf 85' lang='lat' dir='ltr'><strong>Modii</strong></span> <span class='ocrx_word' id='word_1_391' title='bbox 1158 1849 1222 1869; x_wconf 87' lang='lat' dir='ltr'><strong>non</strong></span> <span class='ocrx_word' id='word_1_392' title='bbox 1240 1844 1483 1878; x_wconf 80' lang='lat' dir='ltr'><strong>comprobatur,</strong></span> <span class='ocrx_word' id='word_1_393' title='bbox 1511 1849 1594 1875; x_wconf 83' lang='lat' dir='ltr'><strong>quae</strong></span> <span class='ocrx_word' id='word_1_394' title='bbox 1616 1840 1744 1870; x_wconf 71' lang='lat' dir='ltr'><strong>ritibus</strong></span> <span class='ocrx_word' id='word_1_395' title='bbox 1763 1843 1862 1871; x_wconf 83' lang='lat' dir='ltr'><strong>addit.</strong></span> <span class='ocrx_word' id='word_1_396' title='bbox 1910 1850 1961 1870; x_wconf 80' lang='lat' dir='ltr'><strong>me</strong></span> <span class='ocrx_word' id='word_1_397' title='bbox 1982 1839 2105 1869; x_wconf 66' lang='lat' dir='ltr'><strong>validis</strong></span> 
     </span>
     <span class='ocr_line' id='line_1_30' title="bbox 283 1885 2103 1924; baseline 0.001 -10"><span class='ocrx_word' id='word_1_398' title='bbox 283 1886 411 1914; x_wconf 72' lang='lat' dir='ltr'><strong>viribus</strong></span> <span class='ocrx_word' id='word_1_399' title='bbox 425 1887 459 1915; x_wconf 90' lang='lat'><strong>0.</strong></span> <span class='ocrx_word' id='word_1_400' title='bbox 474 1886 507 1924; x_wconf 80' lang='grc' dir='ltr'><strong>β.</strong></span> <span class='ocrx_word' id='word_1_401' title='bbox 531 1888 567 1915; x_wconf 87' lang='grc' dir='ltr'><strong>1η</strong></span> <span class='ocrx_word' id='word_1_402' title='bbox 583 1887 651 1915; x_wconf 83' lang='lat' dir='ltr'><strong>cod.</strong></span> <span class='ocrx_word' id='word_1_403' title='bbox 667 1886 774 1915; x_wconf 82' lang='lat' dir='ltr'><strong>Gueif.</strong></span> <span class='ocrx_word' id='word_1_404' title='bbox 789 1886 926 1915; x_wconf 82' lang='lat' dir='ltr'><strong>vocibus</strong></span> <span class='ocrx_word' id='word_1_405' title='bbox 941 1885 1064 1914; x_wconf 64' lang='lat' dir='ltr'><strong>validis</strong></span> <span class='ocrx_word' id='word_1_406' title='bbox 1080 1885 1206 1915; x_wconf 70' lang='lat' dir='ltr'><strong>viribus</strong></span> <span class='ocrx_word' id='word_1_407' title='bbox 1219 1894 1321 1921; x_wconf 85' lang='lat' dir='ltr'><strong>supra</strong></span> <span class='ocrx_word' id='word_1_408' title='bbox 1335 1888 1492 1922; x_wconf 82' lang='lat' dir='ltr'><strong>scriptum</strong></span> <span class='ocrx_word' id='word_1_409' title='bbox 1506 1890 1554 1916; x_wconf 77' lang='lat' dir='ltr'><strong>est</strong></span> <span class='ocrx_word' id='word_1_410' title='bbox 1570 1885 1712 1916; x_wconf 73' lang='lat' dir='ltr'><strong>validus.</strong></span> <span class='ocrx_word' id='word_1_411' title='bbox 1739 1888 1871 1922; x_wconf 84' lang='lat' dir='ltr'><strong>Seiopp.</strong></span> <span class='ocrx_word' id='word_1_412' title='bbox 1891 1889 1988 1923; x_wconf 83' lang='lat' dir='ltr'><strong>Susp.</strong></span> <span class='ocrx_word' id='word_1_413' title='bbox 2001 1888 2058 1917; x_wconf 87' lang='lat'><strong>111.</strong></span> <span class='ocrx_word' id='word_1_414' title='bbox 2073 1889 2103 1915; x_wconf 84' lang='lat'><strong>8.</strong></span> 
     </span>
     <span class='ocr_line' id='line_1_31' title="bbox 283 1929 2103 1971; baseline 0 -10"><span class='ocrx_word' id='word_1_415' title='bbox 283 1932 399 1961; x_wconf 88' lang='lat' dir='ltr'><strong>maluit</strong></span> <span class='ocrx_word' id='word_1_416' title='bbox 420 1930 627 1960; x_wconf 66' lang='lat' dir='ltr'><strong>validissime</strong></span> <span class='ocrx_word' id='word_1_417' title='bbox 642 1939 691 1959; x_wconf 83' lang='lat' dir='ltr'><strong>me</strong></span> <span class='ocrx_word' id='word_1_418' title='bbox 705 1939 898 1970; x_wconf 79' lang='lat' dir='ltr'><strong>aggressus.</strong></span> <span class='ocrx_word' id='word_1_419' title='bbox 947 1930 1117 1960; x_wconf 71' lang='lat' dir='ltr'><strong>adiectum</strong></span> <span class='ocrx_word' id='word_1_420' title='bbox 1138 1940 1174 1962; x_wconf 84' lang='grc' dir='ltr'><strong>π.</strong></span> <span class='ocrx_word' id='word_1_421' title='bbox 1201 1932 1375 1960; x_wconf 69' lang='lat' dir='ltr'><strong>abrec-tum</strong></span> <span class='ocrx_word' id='word_1_422' title='bbox 1390 1942 1420 1967; x_wconf 85' lang='lat' dir='ltr'><strong>p.</strong></span> <span class='ocrx_word' id='word_1_423' title='bbox 1468 1935 1564 1959; x_wconf 79' lang='lat' dir='ltr'><strong>retro</strong></span> <span class='ocrx_word' id='word_1_424' title='bbox 1585 1929 1754 1970; x_wconf 53' lang='lat' dir='ltr'><strong>reflexum</strong></span> <span class='ocrx_word' id='word_1_425' title='bbox 1774 1942 1840 1962; x_wconf 86' lang='lat' dir='ltr'><strong>non</strong></span> <span class='ocrx_word' id='word_1_426' title='bbox 1854 1929 2057 1971; x_wconf 65' lang='lat' dir='ltr'><strong>irreflexum</strong></span> <span class='ocrx_word' id='word_1_427' title='bbox 2072 1936 2103 1961; x_wconf 87' lang='lat' dir='ltr'><strong>ut</strong></span> 
     </span>
    </p>
   </div>
   <div class='ocr_carea' id='block_1_6' title="bbox 284 2018 1169 3208">
    <p class='ocr_par' dir='ltr' id='par_1_7' title="bbox 284 2018 1169 2868">
     <span class='ocr_line' id='line_1_32' title="bbox 286 2018 1162 2060; baseline 0 -2"><span class='ocrx_word' id='word_1_428' title='bbox 286 2019 407 2059; x_wconf 88' lang='lat' dir='ltr'><strong>Codd.</strong></span> <span class='ocrx_word' id='word_1_429' title='bbox 457 2033 543 2059; x_wconf 89' lang='lat' dir='ltr'><strong>cum</strong></span> <span class='ocrx_word' id='word_1_430' title='bbox 586 2018 689 2059; x_wconf 90' lang='lat' dir='ltr'><strong>Oud.</strong></span> <span class='ocrx_word' id='word_1_431' title='bbox 733 2020 981 2059; x_wconf 83' lang='lat' dir='ltr'><strong>scribendum</strong></span> <span class='ocrx_word' id='word_1_432' title='bbox 1024 2021 1162 2060; x_wconf 85' lang='lat' dir='ltr'><strong>curavi.</strong></span> 
     </span>
     <span class='ocr_line' id='line_1_33' title="bbox 287 2077 1165 2129; baseline 0 -13"><span class='ocrx_word' id='word_1_433' title='bbox 287 2078 419 2123; x_wconf 81' lang='lat' dir='ltr'><strong>Quam</strong></span> <span class='ocrx_word' id='word_1_434' title='bbox 445 2078 545 2115; x_wconf 87' lang='lat' dir='ltr'><strong>enim</strong></span> <span class='ocrx_word' id='word_1_435' title='bbox 570 2077 761 2129; x_wconf 84' lang='lat' dir='ltr'><strong>particula</strong></span> <span class='ocrx_word' id='word_1_436' title='bbox 780 2078 960 2129; x_wconf 83' lang='lat' dir='ltr'><strong>positivis</strong></span> <span class='ocrx_word' id='word_1_437' title='bbox 983 2078 1165 2116; x_wconf 82' lang='lat' dir='ltr'><strong>adiuncta</strong></span> 
     </span>
     <span class='ocr_line' id='line_1_34' title="bbox 285 2133 1162 2186; baseline 0.001 -15"><span class='ocrx_word' id='word_1_438' title='bbox 285 2133 446 2172; x_wconf 79' lang='lat' dir='ltr'><strong>intendit</strong></span> <span class='ocrx_word' id='word_1_439' title='bbox 470 2134 811 2186; x_wconf 78' lang='lat' dir='ltr'><strong>significationen13</strong></span> <span class='ocrx_word' id='word_1_440' title='bbox 844 2133 909 2186; x_wconf 88' lang='lat' dir='ltr'><strong>[cf.</strong></span> <span class='ocrx_word' id='word_1_441' title='bbox 936 2134 1035 2173; x_wconf 72' lang='lat' dir='ltr'><strong>Met.</strong></span> <span class='ocrx_word' id='word_1_442' title='bbox 1054 2133 1098 2172; x_wconf 91' lang='lat' dir='ltr'><strong>II.</strong></span> <span class='ocrx_word' id='word_1_443' title='bbox 1125 2148 1162 2185; x_wconf 90' lang='lat' dir='ltr'><strong>p.</strong></span> 
     </span>
     <span class='ocr_line' id='line_1_35' title="bbox 288 2189 1162 2243; baseline -0.002 -12"><span class='ocrx_word' id='word_1_444' title='bbox 288 2195 381 2231; x_wconf 90' lang='lat'><strong>148.</strong></span> <span class='ocrx_word' id='word_1_445' title='bbox 407 2189 473 2229; x_wconf 82' lang='lat' dir='ltr'><strong>IV.</strong></span> <span class='ocrx_word' id='word_1_446' title='bbox 504 2204 542 2242; x_wconf 91' lang='lat' dir='ltr'><strong>p.</strong></span> <span class='ocrx_word' id='word_1_447' title='bbox 571 2194 664 2231; x_wconf 90' lang='lat'><strong>242.</strong></span> <span class='ocrx_word' id='word_1_448' title='bbox 696 2190 801 2230; x_wconf 75' lang='lat' dir='ltr'><strong>VIII.</strong></span> <span class='ocrx_word' id='word_1_449' title='bbox 832 2205 868 2243; x_wconf 88' lang='lat' dir='ltr'><strong>p.</strong></span> <span class='ocrx_word' id='word_1_450' title='bbox 897 2195 992 2231; x_wconf 89' lang='lat'><strong>505.</strong></span> <span class='ocrx_word' id='word_1_451' title='bbox 1028 2191 1162 2230; x_wconf 83' lang='lat' dir='ltr'><strong>Barth.</strong></span> 
     </span>
     <span class='ocr_line' id='line_1_36' title="bbox 284 2246 1163 2298; baseline -0.001 -12"><span class='ocrx_word' id='word_1_452' title='bbox 284 2248 386 2286; x_wconf 88' lang='lat' dir='ltr'><strong>Adv.</strong></span> <span class='ocrx_word' id='word_1_453' title='bbox 413 2246 600 2286; x_wconf 86' lang='lat' dir='ltr'><strong>XXXIII.</strong></span> <span class='ocrx_word' id='word_1_454' title='bbox 628 2261 659 2285; x_wconf 86' lang='lat' dir='ltr'><strong>e.</strong></span> <span class='ocrx_word' id='word_1_455' title='bbox 688 2251 749 2288; x_wconf 92' lang='lat'><strong>12.</strong></span> <span class='ocrx_word' id='word_1_456' title='bbox 777 2261 813 2298; x_wconf 90' lang='lat' dir='ltr'><strong>p.</strong></span> <span class='ocrx_word' id='word_1_457' title='bbox 833 2252 951 2288; x_wconf 86' lang='lat'><strong>1524.</strong></span> <span class='ocrx_word' id='word_1_458' title='bbox 978 2247 1163 2286; x_wconf 83' lang='lat' dir='ltr'><strong>Ruddim.</strong></span> 
     </span>
     <span class='ocr_line' id='line_1_37' title="bbox 285 2303 1163 2356; baseline 0.001 -14"><span class='ocrx_word' id='word_1_459' title='bbox 285 2304 378 2343; x_wconf 87' lang='lat' dir='ltr'><strong>lnst.</strong></span> <span class='ocrx_word' id='word_1_460' title='bbox 395 2303 440 2342; x_wconf 89' lang='lat' dir='ltr'><strong>ll.</strong></span> <span class='ocrx_word' id='word_1_461' title='bbox 466 2318 503 2356; x_wconf 91' lang='lat' dir='ltr'><strong>p.</strong></span> <span class='ocrx_word' id='word_1_462' title='bbox 520 2308 612 2344; x_wconf 88' lang='lat'><strong>307.</strong></span> <span class='ocrx_word' id='word_1_463' title='bbox 640 2308 715 2342; x_wconf 89' lang='lat' dir='ltr'><strong>not.</strong></span> <span class='ocrx_word' id='word_1_464' title='bbox 743 2304 884 2343; x_wconf 84' lang='lat' dir='ltr'><strong>Stallb.</strong></span> <span class='ocrx_word' id='word_1_465' title='bbox 910 2304 978 2343; x_wconf 93' lang='lat' dir='ltr'><strong>Dr.</strong></span> <span class='ocrx_word' id='word_1_466' title='bbox 1006 2305 1056 2344; x_wconf 84' lang='lat' dir='ltr'><strong>ad</strong></span> <span class='ocrx_word' id='word_1_467' title='bbox 1076 2304 1163 2343; x_wconf 89' lang='lat' dir='ltr'><strong>Liv.</strong></span> 
     </span>
     <span class='ocr_line' id='line_1_38' title="bbox 286 2359 1166 2412; baseline 0.001 -13"><span class='ocrx_word' id='word_1_468' title='bbox 286 2360 351 2399; x_wconf 92' lang='lat' dir='ltr'><strong>IV.</strong></span> <span class='ocrx_word' id='word_1_469' title='bbox 374 2365 439 2402; x_wconf 90' lang='lat'><strong>31.</strong></span> <span class='ocrx_word' id='word_1_470' title='bbox 466 2362 496 2412; x_wconf 56' lang='grc' dir='ltr'><strong>ᾗ.</strong></span> <span class='ocrx_word' id='word_1_471' title='bbox 513 2366 548 2401; x_wconf 93' lang='grc'><strong>2.</strong></span> <span class='ocrx_word' id='word_1_472' title='bbox 576 2360 661 2400; x_wconf 75' lang='lat' dir='ltr'><strong>Liv,</strong></span> <span class='ocrx_word' id='word_1_473' title='bbox 676 2359 849 2400; x_wconf 82' lang='lat' dir='ltr'><strong>XXXV.</strong></span> <span class='ocrx_word' id='word_1_474' title='bbox 867 2366 930 2402; x_wconf 87' lang='lat'><strong>15.</strong></span> <span class='ocrx_word' id='word_1_475' title='bbox 957 2361 1166 2401; x_wconf 74' lang='lat' dir='ltr'><strong>Antiocho</strong></span> 
     </span>
     <span class='ocr_line' id='line_1_39' title="bbox 288 2417 1165 2471; baseline -0.002 -14"><span class='ocrx_word' id='word_1_476' title='bbox 288 2433 407 2471; x_wconf 79' lang='lat' dir='ltr'><strong>quam</strong></span> <span class='ocrx_word' id='word_1_477' title='bbox 425 2418 590 2457; x_wconf 72' lang='lat' dir='ltr'><strong>similem</strong></span> <span class='ocrx_word' id='word_1_478' title='bbox 614 2417 762 2470; x_wconf 66' lang='lat' dir='ltr'><strong>duret]</strong></span> <span class='ocrx_word' id='word_1_479' title='bbox 827 2419 935 2464; x_wconf 76' lang='lat' dir='ltr'><strong>Quin</strong></span> <span class='ocrx_word' id='word_1_480' title='bbox 957 2419 1062 2469; x_wconf 86' lang='lat' dir='ltr'><strong>quod</strong></span> <span class='ocrx_word' id='word_1_481' title='bbox 1089 2419 1165 2457; x_wconf 84' lang='lat' dir='ltr'><strong>duo</strong></span> 
     </span>
     <span class='ocr_line' id='line_1_40' title="bbox 287 2474 1167 2528; baseline 0 -15"><span class='ocrx_word' id='word_1_482' title='bbox 287 2474 400 2513; x_wconf 87' lang='lat' dir='ltr'><strong>codd.</strong></span> <span class='ocrx_word' id='word_1_483' title='bbox 432 2475 640 2527; x_wconf 78' lang='lat' dir='ltr'><strong>praebent,</strong></span> <span class='ocrx_word' id='word_1_484' title='bbox 672 2475 825 2527; x_wconf 82' lang='lat' dir='ltr'><strong>probari</strong></span> <span class='ocrx_word' id='word_1_485' title='bbox 852 2476 985 2526; x_wconf 84' lang='lat' dir='ltr'><strong>nequit</strong></span> <span class='ocrx_word' id='word_1_486' title='bbox 1010 2479 1167 2528; x_wconf 88' lang='lat' dir='ltr'><strong>propter</strong></span> 
     </span>
     <span class='ocr_line' id='line_1_41' title="bbox 288 2530 1166 2584; baseline 0 -14"><span class='ocrx_word' id='word_1_487' title='bbox 288 2532 589 2578; x_wconf 62' lang='lat' dir='ltr'><strong>coniunctium,</strong></span> <span class='ocrx_word' id='word_1_488' title='bbox 629 2532 718 2583; x_wconf 83' lang='lat' dir='ltr'><strong>quia</strong></span> <span class='ocrx_word' id='word_1_489' title='bbox 749 2530 889 2570; x_wconf 84' lang='lat' dir='ltr'><strong>melius</strong></span> <span class='ocrx_word' id='word_1_490' title='bbox 921 2532 1021 2570; x_wconf 86' lang='lat' dir='ltr'><strong>haec</strong></span> <span class='ocrx_word' id='word_1_491' title='bbox 1051 2532 1166 2584; x_wconf 85' lang='lat' dir='ltr'><strong>parti-</strong></span> 
     </span>
     <span class='ocr_line' id='line_1_42' title="bbox 288 2587 1166 2640; baseline 0 -13"><span class='ocrx_word' id='word_1_492' title='bbox 288 2588 394 2635; x_wconf 87' lang='lat' dir='ltr'><strong>cula,</strong></span> <span class='ocrx_word' id='word_1_493' title='bbox 426 2602 511 2627; x_wconf 85' lang='lat' dir='ltr'><strong>enm</strong></span> <span class='ocrx_word' id='word_1_494' title='bbox 544 2592 607 2627; x_wconf 76' lang='lat' dir='ltr'><strong>est</strong></span> <span class='ocrx_word' id='word_1_495' title='bbox 636 2587 878 2626; x_wconf 81' lang='lat' dir='ltr'><strong>adhortantis</strong></span> <span class='ocrx_word' id='word_1_496' title='bbox 910 2602 979 2640; x_wconf 85' lang='lat' dir='ltr'><strong>per</strong></span> <span class='ocrx_word' id='word_1_497' title='bbox 1010 2589 1166 2627; x_wconf 88' lang='lat' dir='ltr'><strong>interro-</strong></span> 
     </span>
     <span class='ocr_line' id='line_1_43' title="bbox 289 2644 1168 2697; baseline 0 -13"><span class='ocrx_word' id='word_1_498' title='bbox 289 2645 714 2697; x_wconf 60' lang='lat' dir='ltr'><strong>gafionmnindieativo</strong></span> <span class='ocrx_word' id='word_1_499' title='bbox 730 2645 831 2696; x_wconf 83' lang='lat' dir='ltr'><strong>iungi</strong></span> <span class='ocrx_word' id='word_1_500' title='bbox 846 2645 950 2683; x_wconf 84' lang='lat' dir='ltr'><strong>solet</strong></span> <span class='ocrx_word' id='word_1_501' title='bbox 962 2644 1168 2696; x_wconf 77' lang='lat' dir='ltr'><strong>[effleins.</strong></span> 
     </span>
     <span class='ocr_line' id='line_1_44' title="bbox 288 2701 1169 2751; baseline 0.001 -10"><span class='ocrx_word' id='word_1_502' title='bbox 288 2702 338 2741; x_wconf 88' lang='lat' dir='ltr'><strong>ad</strong></span> <span class='ocrx_word' id='word_1_503' title='bbox 356 2702 470 2742; x_wconf 86' lang='lat' dir='ltr'><strong>Ovid.</strong></span> <span class='ocrx_word' id='word_1_504' title='bbox 493 2703 582 2741; x_wconf 89' lang='lat' dir='ltr'><strong>Am.</strong></span> <span class='ocrx_word' id='word_1_505' title='bbox 604 2701 648 2740; x_wconf 88' lang='lat' dir='ltr'><strong>ll.</strong></span> <span class='ocrx_word' id='word_1_506' title='bbox 673 2706 736 2742; x_wconf 91' lang='lat'><strong>19.</strong></span> <span class='ocrx_word' id='word_1_507' title='bbox 762 2701 792 2751; x_wconf 61' lang='grc' dir='ltr'><strong>ξ.</strong></span> <span class='ocrx_word' id='word_1_508' title='bbox 816 2705 850 2743; x_wconf 89' lang='grc'><strong>9.</strong></span> <span class='ocrx_word' id='word_1_509' title='bbox 880 2701 981 2740; x_wconf 85' lang='lat' dir='ltr'><strong>Cort.</strong></span> <span class='ocrx_word' id='word_1_510' title='bbox 1000 2702 1049 2740; x_wconf 85' lang='lat' dir='ltr'><strong>ad</strong></span> <span class='ocrx_word' id='word_1_511' title='bbox 1070 2701 1169 2742; x_wconf 86' lang='lat' dir='ltr'><strong>Sall.</strong></span> 
     </span>
     <span class='ocr_line' id='line_1_45' title="bbox 290 2757 1168 2809; baseline 0.001 -12"><span class='ocrx_word' id='word_1_512' title='bbox 290 2758 372 2798; x_wconf 85' lang='lat' dir='ltr'><strong>Cat.</strong></span> <span class='ocrx_word' id='word_1_513' title='bbox 389 2763 453 2800; x_wconf 89' lang='lat'><strong>20.</strong></span> <span class='ocrx_word' id='word_1_514' title='bbox 480 2757 548 2798; x_wconf 88' lang='lat' dir='ltr'><strong>Dr.</strong></span> <span class='ocrx_word' id='word_1_515' title='bbox 574 2759 624 2798; x_wconf 89' lang='lat' dir='ltr'><strong>ad</strong></span> <span class='ocrx_word' id='word_1_516' title='bbox 650 2758 734 2797; x_wconf 90' lang='lat' dir='ltr'><strong>Liv.</strong></span> <span class='ocrx_word' id='word_1_517' title='bbox 756 2758 785 2798; x_wconf 92' lang='lat' dir='ltr'><strong>l.</strong></span> <span class='ocrx_word' id='word_1_518' title='bbox 800 2763 864 2799; x_wconf 89' lang='lat'><strong>57.</strong></span> <span class='ocrx_word' id='word_1_519' title='bbox 891 2759 921 2809; x_wconf 71' lang='grc' dir='ltr'><strong>ὁ.</strong></span> <span class='ocrx_word' id='word_1_520' title='bbox 939 2763 975 2798; x_wconf 95' lang='grc'><strong>7.</strong></span> <span class='ocrx_word' id='word_1_521' title='bbox 1003 2758 1086 2796; x_wconf 89' lang='lat' dir='ltr'><strong>Vll.</strong></span> <span class='ocrx_word' id='word_1_522' title='bbox 1102 2764 1168 2800; x_wconf 89' lang='lat'><strong>40.</strong></span> 
     </span>
     <span class='ocr_line' id='line_1_46' title="bbox 289 2814 1167 2868; baseline -0.002 -14"><span class='ocrx_word' id='word_1_523' title='bbox 289 2816 318 2865; x_wconf 62' lang='grc' dir='ltr'><strong>ς’.</strong></span> <span class='ocrx_word' id='word_1_524' title='bbox 334 2815 470 2856; x_wconf 87' lang='lat' dir='ltr'><strong>18.1X.</strong></span> <span class='ocrx_word' id='word_1_525' title='bbox 484 2821 545 2857; x_wconf 91' lang='grc'><strong>10.</strong></span> <span class='ocrx_word' id='word_1_526' title='bbox 557 2818 587 2868; x_wconf 79' lang='lat'><strong>§.</strong></span> <span class='ocrx_word' id='word_1_527' title='bbox 599 2821 634 2856; x_wconf 89' lang='lat'><strong>7.</strong></span> <span class='ocrx_word' id='word_1_528' title='bbox 657 2815 756 2854; x_wconf 86' lang='lat' dir='ltr'><strong>Cort.</strong></span> <span class='ocrx_word' id='word_1_529' title='bbox 766 2815 816 2854; x_wconf 84' lang='lat' dir='ltr'><strong>ad</strong></span> <span class='ocrx_word' id='word_1_530' title='bbox 830 2815 978 2854; x_wconf 88' lang='lat' dir='ltr'><strong>Lucan.</strong></span> <span class='ocrx_word' id='word_1_531' title='bbox 996 2814 1037 2853; x_wconf 91' lang='lat' dir='ltr'><strong>II.</strong></span> <span class='ocrx_word' id='word_1_532' title='bbox 1055 2816 1167 2868; x_wconf 82' lang='lat'><strong>319]</strong></span> 
     </span>
    </p>

    <p class='ocr_par' dir='ltr' id='par_1_8' title="bbox 289 2872 1168 3208">
     <span class='ocr_line' id='line_1_47' title="bbox 346 2872 1168 2923; baseline -0.001 -11"><span class='ocrx_word' id='word_1_533' title='bbox 346 2874 489 2912; x_wconf 75' lang='lat' dir='ltr'><strong>animis</strong></span> <span class='ocrx_word' id='word_1_534' title='bbox 514 2879 553 2913; x_wconf 79' lang='lat' dir='ltr'><strong>et</strong></span> <span class='ocrx_word' id='word_1_535' title='bbox 578 2873 727 2913; x_wconf 71' lang='lat' dir='ltr'><strong>viribus</strong></span> <span class='ocrx_word' id='word_1_536' title='bbox 764 2872 869 2923; x_wconf 90' lang='lat' dir='ltr'><strong>quod</strong></span> <span class='ocrx_word' id='word_1_537' title='bbox 899 2887 922 2911; x_wconf 87' lang='lat' dir='ltr'><strong>a</strong></span> <span class='ocrx_word' id='word_1_538' title='bbox 947 2873 1026 2910; x_wconf 86' lang='lat' dir='ltr'><strong>viro</strong></span> <span class='ocrx_word' id='word_1_539' title='bbox 1051 2873 1168 2911; x_wconf 85' lang='lat' dir='ltr'><strong>docto</strong></span> 
     </span>
     <span class='ocr_line' id='line_1_48' title="bbox 289 2929 1167 2969; baseline -0.001 -2"><span class='ocrx_word' id='word_1_540' title='bbox 289 2929 393 2968; x_wconf 85' lang='lat' dir='ltr'><strong>male</strong></span> <span class='ocrx_word' id='word_1_541' title='bbox 417 2933 603 2968; x_wconf 86' lang='lat' dir='ltr'><strong>mutatum</strong></span> <span class='ocrx_word' id='word_1_542' title='bbox 631 2934 713 2969; x_wconf 86' lang='lat' dir='ltr'><strong>erat</strong></span> <span class='ocrx_word' id='word_1_543' title='bbox 731 2930 768 2968; x_wconf 91' lang='lat' dir='ltr'><strong>in</strong></span> <span class='ocrx_word' id='word_1_544' title='bbox 790 2943 842 2968; x_wconf 74' lang='lat' dir='ltr'><strong>ex</strong></span> <span class='ocrx_word' id='word_1_545' title='bbox 864 2930 1014 2968; x_wconf 76' lang='lat' dir='ltr'><strong>viribus</strong></span> <span class='ocrx_word' id='word_1_546' title='bbox 1035 2929 1167 2967; x_wconf 88' lang='lat' dir='ltr'><strong>desen·</strong></span> 
     </span>
     <span class='ocr_line' id='line_1_49' title="bbox 291 2985 1168 3039; baseline 0.001 -15"><span class='ocrx_word' id='word_1_547' title='bbox 291 2986 345 3024; x_wconf 89' lang='lat' dir='ltr'><strong>dit</strong></span> <span class='ocrx_word' id='word_1_548' title='bbox 364 2985 468 3024; x_wconf 86' lang='lat' dir='ltr'><strong>Oud.</strong></span> <span class='ocrx_word' id='word_1_549' title='bbox 490 3000 539 3024; x_wconf 86' lang='lat' dir='ltr'><strong>ex</strong></span> <span class='ocrx_word' id='word_1_550' title='bbox 552 2986 649 3025; x_wconf 88' lang='lat' dir='ltr'><strong>Met.</strong></span> <span class='ocrx_word' id='word_1_551' title='bbox 665 2985 769 3025; x_wconf 93' lang='lat' dir='ltr'><strong>VIII.</strong></span> <span class='ocrx_word' id='word_1_552' title='bbox 784 3000 822 3039; x_wconf 89' lang='lat' dir='ltr'><strong>p.</strong></span> <span class='ocrx_word' id='word_1_553' title='bbox 839 2989 933 3027; x_wconf 85' lang='lat'><strong>539.</strong></span> <span class='ocrx_word' id='word_1_554' title='bbox 948 2985 1051 3024; x_wconf 74' lang='lat' dir='ltr'><strong>Dict.</strong></span> <span class='ocrx_word' id='word_1_555' title='bbox 1068 2985 1168 3025; x_wconf 73' lang='lat' dir='ltr'><strong>Cret.</strong></span> 
     </span>
     <span class='ocr_line' id='line_1_50' title="bbox 290 3041 1166 3094; baseline 0.001 -14"><span class='ocrx_word' id='word_1_556' title='bbox 290 3041 334 3081; x_wconf 93' lang='lat' dir='ltr'><strong>II.</strong></span> <span class='ocrx_word' id='word_1_557' title='bbox 368 3047 431 3082; x_wconf 88' lang='lat'><strong>51.</strong></span> <span class='ocrx_word' id='word_1_558' title='bbox 466 3047 529 3083; x_wconf 84' lang='lat'><strong>36.</strong></span> <span class='ocrx_word' id='word_1_559' title='bbox 560 3043 630 3082; x_wconf 90' lang='lat' dir='ltr'><strong>Dr.</strong></span> <span class='ocrx_word' id='word_1_560' title='bbox 664 3043 713 3082; x_wconf 88' lang='lat' dir='ltr'><strong>ad.</strong></span> <span class='ocrx_word' id='word_1_561' title='bbox 743 3043 829 3081; x_wconf 90' lang='lat' dir='ltr'><strong>Liv.</strong></span> <span class='ocrx_word' id='word_1_562' title='bbox 862 3041 908 3081; x_wconf 90' lang='lat' dir='ltr'><strong>ll.</strong></span> <span class='ocrx_word' id='word_1_563' title='bbox 941 3047 1006 3083; x_wconf 88' lang='lat'><strong>27.</strong></span> <span class='ocrx_word' id='word_1_564' title='bbox 1038 3044 1068 3094; x_wconf 57' lang='lat' dir='ltr'><strong>Q.</strong></span> <span class='ocrx_word' id='word_1_565' title='bbox 1104 3047 1166 3083; x_wconf 89' lang='lat'><strong>12.</strong></span> 
     </span>
     <span class='ocr_line' id='line_1_51' title="bbox 292 3097 1168 3153; baseline 0.001 -17"><span class='ocrx_word' id='word_1_566' title='bbox 292 3098 376 3150; x_wconf 76' lang='lat' dir='ltr'><strong>[Vl.</strong></span> <span class='ocrx_word' id='word_1_567' title='bbox 393 3103 456 3140; x_wconf 88' lang='lat'><strong>23.</strong></span> <span class='ocrx_word' id='word_1_568' title='bbox 478 3100 507 3149; x_wconf 60' lang='grc' dir='ltr'><strong>ᾧ.</strong></span> <span class='ocrx_word' id='word_1_569' title='bbox 524 3101 577 3153; x_wconf 87' lang='grc'><strong>8.]</strong></span> <span class='ocrx_word' id='word_1_570' title='bbox 606 3100 728 3138; x_wconf 62' lang='grc' dir='ltr'><strong>(ΪθηΙη</strong></span> <span class='ocrx_word' id='word_1_571' title='bbox 756 3100 806 3139; x_wconf 83' lang='lat' dir='ltr'><strong>ad</strong></span> <span class='ocrx_word' id='word_1_572' title='bbox 827 3099 934 3150; x_wconf 67' lang='lat' dir='ltr'><strong>Virg.</strong></span> <span class='ocrx_word' id='word_1_573' title='bbox 956 3097 1004 3138; x_wconf 87' lang='lat' dir='ltr'><strong>G.</strong></span> <span class='ocrx_word' id='word_1_574' title='bbox 1020 3099 1086 3137; x_wconf 60' lang='lat' dir='ltr'><strong>lv,</strong></span> <span class='ocrx_word' id='word_1_575' title='bbox 1102 3104 1168 3139; x_wconf 80' lang='lat'><strong>83.</strong></span> 
     </span>
     <span class='ocr_line' id='line_1_52' title="bbox 292 3156 1168 3208; baseline -0.001 -14"><span class='ocrx_word' id='word_1_576' title='bbox 292 3156 355 3207; x_wconf 83' lang='lat' dir='ltr'><strong>qui</strong></span> <span class='ocrx_word' id='word_1_577' title='bbox 382 3157 505 3195; x_wconf 80' lang='grc' dir='ltr'><strong>αηὶηιὶ</strong></span> <span class='ocrx_word' id='word_1_578' title='bbox 530 3171 598 3208; x_wconf 87' lang='lat' dir='ltr'><strong>pro</strong></span> <span class='ocrx_word' id='word_1_579' title='bbox 627 3157 769 3196; x_wconf 81' lang='lat' dir='ltr'><strong>ferocia</strong></span> <span class='ocrx_word' id='word_1_580' title='bbox 796 3170 988 3208; x_wconf 72' lang='lat' dir='ltr'><strong>generosa</strong></span> <span class='ocrx_word' id='word_1_581' title='bbox 1011 3156 1082 3195; x_wconf 88' lang='lat' dir='ltr'><strong>dici</strong></span> <span class='ocrx_word' id='word_1_582' title='bbox 1103 3157 1168 3195; x_wconf 86' lang='lat' dir='ltr'><strong>do-</strong></span> 
     </span>
    </p>
   </div>
   <div class='ocr_carea' id='block_1_7' title="bbox 1223 2020 2107 3196">
    <p class='ocr_par' dir='ltr' id='par_1_9' title="bbox 1223 2020 2105 2301">
     <span class='ocr_line' id='line_1_53' title="bbox 1225 2020 2105 2073; baseline -0.001 -15"><span class='ocrx_word' id='word_1_583' title='bbox 1225 2024 1298 2059; x_wconf 81' lang='lat' dir='ltr'><strong>cet.</strong></span> <span class='ocrx_word' id='word_1_584' title='bbox 1356 2020 1484 2060; x_wconf 80' lang='lat' dir='ltr'><strong>Recte</strong></span> <span class='ocrx_word' id='word_1_585' title='bbox 1521 2021 1618 2059; x_wconf 87' lang='lat' dir='ltr'><strong>enim</strong></span> <span class='ocrx_word' id='word_1_586' title='bbox 1656 2021 1720 2060; x_wconf 83' lang='lat' dir='ltr'><strong>hic</strong></span> <span class='ocrx_word' id='word_1_587' title='bbox 1751 2021 1827 2060; x_wconf 77' lang='lat' dir='ltr'><strong>sibi</strong></span> <span class='ocrx_word' id='word_1_588' title='bbox 1859 2024 2105 2073; x_wconf 80' lang='lat' dir='ltr'><strong>opponuntur</strong></span> 
     </span>
     <span class='ocr_line' id='line_1_54' title="bbox 1224 2077 2102 2129; baseline -0.002 -12"><span class='ocrx_word' id='word_1_589' title='bbox 1224 2079 1452 2117; x_wconf 59' lang='lat' dir='ltr'><strong>(rutinorum.</strong></span> <span class='ocrx_word' id='word_1_590' title='bbox 1488 2079 1607 2116; x_wconf 80' lang='lat' dir='ltr'><strong>virtus</strong></span> <span class='ocrx_word' id='word_1_591' title='bbox 1645 2082 1684 2116; x_wconf 88' lang='lat' dir='ltr'><strong>et</strong></span> <span class='ocrx_word' id='word_1_592' title='bbox 1721 2092 1945 2129; x_wconf 77' lang='lat' dir='ltr'><strong>corporum</strong></span> <span class='ocrx_word' id='word_1_593' title='bbox 1977 2077 2102 2116; x_wconf 86' lang='lat' dir='ltr'><strong>robur.</strong></span> 
     </span>
     <span class='ocr_line' id='line_1_55' title="bbox 1225 2133 2105 2187; baseline -0.001 -15"><span class='ocrx_word' id='word_1_594' title='bbox 1225 2133 1298 2187; x_wconf 83' lang='lat' dir='ltr'><strong>[Ita</strong></span> <span class='ocrx_word' id='word_1_595' title='bbox 1336 2149 1450 2173; x_wconf 78' lang='lat' dir='ltr'><strong>arma</strong></span> <span class='ocrx_word' id='word_1_596' title='bbox 1487 2138 1526 2172; x_wconf 85' lang='lat' dir='ltr'><strong>et</strong></span> <span class='ocrx_word' id='word_1_597' title='bbox 1563 2135 1719 2174; x_wconf 70' lang='lat' dir='ltr'><strong>(mimus</strong></span> <span class='ocrx_word' id='word_1_598' title='bbox 1750 2135 1825 2173; x_wconf 86' lang='lat' dir='ltr'><strong>sihi</strong></span> <span class='ocrx_word' id='word_1_599' title='bbox 1857 2137 2105 2186; x_wconf 86' lang='lat' dir='ltr'><strong>opponuntur</strong></span> 
     </span>
     <span class='ocr_line' id='line_1_56' title="bbox 1223 2190 2101 2243; baseline -0.002 -14"><span class='ocrx_word' id='word_1_600' title='bbox 1223 2191 1309 2229; x_wconf 82' lang='lat' dir='ltr'><strong>Liv.</strong></span> <span class='ocrx_word' id='word_1_601' title='bbox 1326 2190 1455 2230; x_wconf 89' lang='lat' dir='ltr'><strong>XXII.</strong></span> <span class='ocrx_word' id='word_1_602' title='bbox 1472 2195 1508 2232; x_wconf 90' lang='lat'><strong>5.</strong></span> <span class='ocrx_word' id='word_1_603' title='bbox 1523 2191 1554 2242; x_wconf 60' lang='grc' dir='ltr'><strong>ξ.</strong></span> <span class='ocrx_word' id='word_1_604' title='bbox 1570 2195 1606 2232; x_wconf 93' lang='grc'><strong>8.</strong></span> <span class='ocrx_word' id='word_1_605' title='bbox 1623 2191 1686 2243; x_wconf 89' lang='lat' dir='ltr'><strong>qui</strong></span> <span class='ocrx_word' id='word_1_606' title='bbox 1703 2191 1814 2230; x_wconf 89' lang='lat' dir='ltr'><strong>locus</strong></span> <span class='ocrx_word' id='word_1_607' title='bbox 1830 2191 1971 2230; x_wconf 89' lang='lat' dir='ltr'><strong>eodem</strong></span> <span class='ocrx_word' id='word_1_608' title='bbox 1986 2190 2101 2229; x_wconf 86' lang='lat' dir='ltr'><strong>modo</strong></span> 
     </span>
     <span class='ocr_line' id='line_1_57' title="bbox 1224 2247 1812 2301; baseline 0 -15"><span class='ocrx_word' id='word_1_609' title='bbox 1224 2247 1411 2299; x_wconf 80' lang='lat' dir='ltr'><strong>explicari</strong></span> <span class='ocrx_word' id='word_1_610' title='bbox 1438 2247 1607 2286; x_wconf 86' lang='lat' dir='ltr'><strong>debebat</strong></span> <span class='ocrx_word' id='word_1_611' title='bbox 1632 2248 1680 2286; x_wconf 90' lang='lat' dir='ltr'><strong>ab</strong></span> <span class='ocrx_word' id='word_1_612' title='bbox 1707 2247 1812 2301; x_wconf 59' lang='lat' dir='ltr'><strong>Inte]</strong></span> 
     </span>
    </p>

    <p class='ocr_par' dir='ltr' id='par_1_10' title="bbox 1226 2303 2104 2414">
     <span class='ocr_line' id='line_1_58' title="bbox 1282 2303 2104 2356; baseline -0.001 -13"><span class='ocrx_word' id='word_1_613' title='bbox 1282 2305 1459 2344; x_wconf 76' lang='lat' dir='ltr'><strong>ambulet</strong></span> <span class='ocrx_word' id='word_1_614' title='bbox 1518 2304 1600 2356; x_wconf 92' lang='lat' dir='ltr'><strong>[De</strong></span> <span class='ocrx_word' id='word_1_615' title='bbox 1624 2318 1665 2343; x_wconf 86' lang='lat' dir='ltr'><strong>re</strong></span> <span class='ocrx_word' id='word_1_616' title='bbox 1692 2305 1740 2344; x_wconf 80' lang='lat' dir='ltr'><strong>cs.</strong></span> <span class='ocrx_word' id='word_1_617' title='bbox 1764 2304 1866 2343; x_wconf 77' lang='lat' dir='ltr'><strong>cort.</strong></span> <span class='ocrx_word' id='word_1_618' title='bbox 1893 2305 1944 2344; x_wconf 89' lang='lat' dir='ltr'><strong>ad</strong></span> <span class='ocrx_word' id='word_1_619' title='bbox 1956 2303 2104 2343; x_wconf 85' lang='lat' dir='ltr'><strong>Lucan.</strong></span> 
     </span>
     <span class='ocr_line' id='line_1_59' title="bbox 1226 2360 1409 2414; baseline 0.022 -15"><span class='ocrx_word' id='word_1_620' title='bbox 1226 2360 1270 2400; x_wconf 90' lang='grc'><strong>11.</strong></span> <span class='ocrx_word' id='word_1_621' title='bbox 1300 2362 1409 2414; x_wconf 92' lang='grc'><strong>100.]</strong></span> 
     </span>
    </p>

    <p class='ocr_par' dir='ltr' id='par_1_11' title="bbox 1225 2417 2107 3096">
     <span class='ocr_line' id='line_1_60' title="bbox 1278 2417 2104 2470; baseline -0.001 -13"><span class='ocrx_word' id='word_1_622' title='bbox 1278 2423 1525 2470; x_wconf 70' lang='lat' dir='ltr'><strong>proterrere.</strong></span> <span class='ocrx_word' id='word_1_623' title='bbox 1597 2419 1837 2458; x_wconf 77' lang='lat' dir='ltr'><strong>Perterrere</strong></span> <span class='ocrx_word' id='word_1_624' title='bbox 1896 2417 2104 2470; x_wconf 82' lang='lat' dir='ltr'><strong>legendum</strong></span> 
     </span>
     <span class='ocr_line' id='line_1_61' title="bbox 1226 2473 2104 2527; baseline -0.002 -14"><span class='ocrx_word' id='word_1_625' title='bbox 1226 2489 1320 2513; x_wconf 83' lang='lat' dir='ltr'><strong>esse</strong></span> <span class='ocrx_word' id='word_1_626' title='bbox 1345 2477 1479 2515; x_wconf 82' lang='lat' dir='ltr'><strong>statuit</strong></span> <span class='ocrx_word' id='word_1_627' title='bbox 1506 2476 1664 2527; x_wconf 82' lang='lat' dir='ltr'><strong>Sciopp.</strong></span> <span class='ocrx_word' id='word_1_628' title='bbox 1693 2476 1813 2527; x_wconf 85' lang='lat' dir='ltr'><strong>Susp.</strong></span> <span class='ocrx_word' id='word_1_629' title='bbox 1835 2474 1900 2513; x_wconf 93' lang='lat' dir='ltr'><strong>III.</strong></span> <span class='ocrx_word' id='word_1_630' title='bbox 1917 2479 1954 2516; x_wconf 91' lang='lat'><strong>8.</strong></span> <span class='ocrx_word' id='word_1_631' title='bbox 1977 2489 2008 2513; x_wconf 90' lang='lat' dir='ltr'><strong>c.</strong></span> <span class='ocrx_word' id='word_1_632' title='bbox 2030 2473 2104 2512; x_wconf 71' lang='lat' dir='ltr'><strong>Bo-</strong></span> 
     </span>
     <span class='ocr_line' id='line_1_62' title="bbox 1225 2531 2105 2584; baseline -0.002 -13"><span class='ocrx_word' id='word_1_633' title='bbox 1225 2532 1386 2571; x_wconf 85' lang='lat' dir='ltr'><strong>cichem.</strong></span> <span class='ocrx_word' id='word_1_634' title='bbox 1406 2531 1531 2584; x_wconf 84' lang='lat' dir='ltr'><strong>Epist.</strong></span> <span class='ocrx_word' id='word_1_635' title='bbox 1555 2537 1618 2573; x_wconf 88' lang='lat'><strong>71.</strong></span> <span class='ocrx_word' id='word_1_636' title='bbox 1645 2545 1667 2569; x_wconf 86' lang='lat' dir='ltr'><strong>e</strong></span> <span class='ocrx_word' id='word_1_637' title='bbox 1687 2531 1766 2570; x_wconf 88' lang='lat' dir='ltr'><strong>Ms.</strong></span> <span class='ocrx_word' id='word_1_638' title='bbox 1782 2531 1970 2570; x_wconf 84' lang='lat' dir='ltr'><strong>Ciantani.</strong></span> <span class='ocrx_word' id='word_1_639' title='bbox 2022 2531 2105 2569; x_wconf 86' lang='lat' dir='ltr'><strong>Sed</strong></span> 
     </span>
     <span class='ocr_line' id='line_1_63' title="bbox 1227 2588 2106 2641; baseline 0 -14"><span class='ocrx_word' id='word_1_640' title='bbox 1227 2588 1330 2628; x_wconf 90' lang='lat' dir='ltr'><strong>Oud.</strong></span> <span class='ocrx_word' id='word_1_641' title='bbox 1345 2589 1447 2628; x_wconf 89' lang='lat' dir='ltr'><strong>bene</strong></span> <span class='ocrx_word' id='word_1_642' title='bbox 1466 2591 1736 2641; x_wconf 83' lang='lat' dir='ltr'><strong>interpretatur</strong></span> <span class='ocrx_word' id='word_1_643' title='bbox 1756 2593 2018 2640; x_wconf 78' lang='lat' dir='ltr'><strong>proterrere:</strong></span> <span class='ocrx_word' id='word_1_644' title='bbox 2049 2589 2106 2627; x_wconf 77' lang='grc' dir='ltr'><strong>ἰη-</strong></span> 
     </span>
     <span class='ocr_line' id='line_1_64' title="bbox 1228 2644 2107 2698; baseline -0.003 -13"><span class='ocrx_word' id='word_1_645' title='bbox 1228 2647 1336 2685; x_wconf 71' lang='lat' dir='ltr'><strong>iecto</strong></span> <span class='ocrx_word' id='word_1_646' title='bbox 1356 2651 1514 2686; x_wconf 76' lang='lat' dir='ltr'><strong>terrore</strong></span> <span class='ocrx_word' id='word_1_647' title='bbox 1535 2645 1777 2698; x_wconf 79' lang='lat' dir='ltr'><strong>propellere</strong></span> <span class='ocrx_word' id='word_1_648' title='bbox 1796 2649 1833 2683; x_wconf 90' lang='lat' dir='ltr'><strong>et</strong></span> <span class='ocrx_word' id='word_1_649' title='bbox 1854 2645 1974 2683; x_wconf 85' lang='lat' dir='ltr'><strong>ferme</strong></span> <span class='ocrx_word' id='word_1_650' title='bbox 1995 2646 2029 2683; x_wconf 91' lang='lat' dir='ltr'><strong>in</strong></span> <span class='ocrx_word' id='word_1_651' title='bbox 2052 2644 2107 2682; x_wconf 89' lang='lat' dir='ltr'><strong>su-</strong></span> 
     </span>
     <span class='ocr_line' id='line_1_65' title="bbox 1228 2701 2105 2753; baseline -0.001 -13"><span class='ocrx_word' id='word_1_652' title='bbox 1228 2716 1314 2753; x_wconf 75' lang='lat' dir='ltr'><strong>gam</strong></span> <span class='ocrx_word' id='word_1_653' title='bbox 1339 2702 1450 2751; x_wconf 78' lang='lat' dir='ltr'><strong>dare3</strong></span> <span class='ocrx_word' id='word_1_654' title='bbox 1477 2703 1565 2741; x_wconf 85' lang='lat' dir='ltr'><strong>coll.</strong></span> <span class='ocrx_word' id='word_1_655' title='bbox 1581 2706 1657 2741; x_wconf 88' lang='lat' dir='ltr'><strong>not.</strong></span> <span class='ocrx_word' id='word_1_656' title='bbox 1678 2702 1760 2740; x_wconf 83' lang='lat' dir='ltr'><strong>suis</strong></span> <span class='ocrx_word' id='word_1_657' title='bbox 1786 2701 1836 2741; x_wconf 87' lang='lat' dir='ltr'><strong>ad</strong></span> <span class='ocrx_word' id='word_1_658' title='bbox 1859 2701 1975 2741; x_wconf 84' lang='lat' dir='ltr'><strong>Caes.</strong></span> <span class='ocrx_word' id='word_1_659' title='bbox 1999 2701 2046 2741; x_wconf 92' lang='lat' dir='ltr'><strong>B.</strong></span> <span class='ocrx_word' id='word_1_660' title='bbox 2058 2701 2105 2740; x_wconf 87' lang='lat' dir='ltr'><strong>G.</strong></span> 
     </span>
     <span class='ocr_line' id='line_1_66' title="bbox 1227 2756 2105 2809; baseline 0.001 -13"><span class='ocrx_word' id='word_1_661' title='bbox 1227 2759 1276 2798; x_wconf 77' lang='lat' dir='ltr'><strong>V.</strong></span> <span class='ocrx_word' id='word_1_662' title='bbox 1304 2763 1368 2800; x_wconf 86' lang='lat'><strong>58.</strong></span> <span class='ocrx_word' id='word_1_663' title='bbox 1400 2760 1534 2799; x_wconf 89' lang='lat' dir='ltr'><strong>Burm.</strong></span> <span class='ocrx_word' id='word_1_664' title='bbox 1560 2759 1609 2798; x_wconf 87' lang='lat' dir='ltr'><strong>ad</strong></span> <span class='ocrx_word' id='word_1_665' title='bbox 1634 2759 1743 2809; x_wconf 79' lang='lat' dir='ltr'><strong>Virg.</strong></span> <span class='ocrx_word' id='word_1_666' title='bbox 1769 2756 1871 2797; x_wconf 87' lang='lat' dir='ltr'><strong>Aen.</strong></span> <span class='ocrx_word' id='word_1_667' title='bbox 1897 2757 1984 2797; x_wconf 90' lang='lat' dir='ltr'><strong>XII.</strong></span> <span class='ocrx_word' id='word_1_668' title='bbox 2012 2761 2105 2799; x_wconf 88' lang='lat'><strong>291.</strong></span> 
     </span>
     <span class='ocr_line' id='line_1_67' title="bbox 1228 2814 2106 2869; baseline -0.001 -14"><span class='ocrx_word' id='word_1_669' title='bbox 1228 2816 1276 2855; x_wconf 88' lang='lat' dir='ltr'><strong>cf.</strong></span> <span class='ocrx_word' id='word_1_670' title='bbox 1303 2816 1401 2856; x_wconf 83' lang='lat' dir='ltr'><strong>Met.</strong></span> <span class='ocrx_word' id='word_1_671' title='bbox 1421 2816 1488 2855; x_wconf 92' lang='lat' dir='ltr'><strong>IV.</strong></span> <span class='ocrx_word' id='word_1_672' title='bbox 1513 2831 1550 2869; x_wconf 92' lang='lat' dir='ltr'><strong>p.</strong></span> <span class='ocrx_word' id='word_1_673' title='bbox 1573 2819 1665 2857; x_wconf 85' lang='lat'><strong>280.</strong></span> <span class='ocrx_word' id='word_1_674' title='bbox 1686 2814 1787 2854; x_wconf 72' lang='lat' dir='ltr'><strong>vul.</strong></span> <span class='ocrx_word' id='word_1_675' title='bbox 1814 2829 1850 2867; x_wconf 88' lang='lat' dir='ltr'><strong>p.</strong></span> <span class='ocrx_word' id='word_1_676' title='bbox 1868 2819 1960 2856; x_wconf 90' lang='lat'><strong>553.</strong></span> <span class='ocrx_word' id='word_1_677' title='bbox 1988 2814 2106 2867; x_wconf 77' lang='lat' dir='ltr'><strong>[Stat.</strong></span> 
     </span>
     <span class='ocr_line' id='line_1_68' title="bbox 1228 2871 2106 2914; baseline -0.002 -3"><span class='ocrx_word' id='word_1_678' title='bbox 1228 2872 1354 2912; x_wconf 91' lang='lat' dir='ltr'><strong>Theb.</strong></span> <span class='ocrx_word' id='word_1_679' title='bbox 1382 2873 1426 2912; x_wconf 92' lang='lat' dir='ltr'><strong>II.</strong></span> <span class='ocrx_word' id='word_1_680' title='bbox 1456 2877 1548 2914; x_wconf 86' lang='lat'><strong>645.</strong></span> <span class='ocrx_word' id='word_1_681' title='bbox 1580 2871 1803 2911; x_wconf 86' lang='lat' dir='ltr'><strong>Plautinum</strong></span> <span class='ocrx_word' id='word_1_682' title='bbox 1829 2872 1905 2911; x_wconf 90' lang='lat' dir='ltr'><strong>hoc</strong></span> <span class='ocrx_word' id='word_1_683' title='bbox 1940 2872 2106 2911; x_wconf 88' lang='lat' dir='ltr'><strong>vocabu-</strong></span> 
     </span>
     <span class='ocr_line' id='line_1_69' title="bbox 1227 2927 2106 2970; baseline -0.002 -2"><span class='ocrx_word' id='word_1_684' title='bbox 1227 2930 1305 2968; x_wconf 85' lang='lat' dir='ltr'><strong>lum</strong></span> <span class='ocrx_word' id='word_1_685' title='bbox 1333 2932 1447 2970; x_wconf 84' lang='lat' dir='ltr'><strong>etiam</strong></span> <span class='ocrx_word' id='word_1_686' title='bbox 1475 2929 1649 2969; x_wconf 84' lang='lat' dir='ltr'><strong>Ciceroni</strong></span> <span class='ocrx_word' id='word_1_687' title='bbox 1683 2928 1850 2968; x_wconf 75' lang='lat' dir='ltr'><strong>vindicat</strong></span> <span class='ocrx_word' id='word_1_688' title='bbox 1874 2928 2023 2968; x_wconf 83' lang='lat' dir='ltr'><strong>Moser.</strong></span> <span class='ocrx_word' id='word_1_689' title='bbox 2056 2927 2106 2966; x_wconf 84' lang='lat' dir='ltr'><strong>ad</strong></span> 
     </span>
     <span class='ocr_line' id='line_1_70' title="bbox 1229 2985 2105 3040; baseline -0.001 -16"><span class='ocrx_word' id='word_1_690' title='bbox 1229 2985 1308 3025; x_wconf 77' lang='lat' dir='ltr'><strong>Cic.</strong></span> <span class='ocrx_word' id='word_1_691' title='bbox 1324 2987 1373 3026; x_wconf 90' lang='lat' dir='ltr'><strong>de</strong></span> <span class='ocrx_word' id='word_1_692' title='bbox 1388 2987 1490 3040; x_wconf 82' lang='lat' dir='ltr'><strong>Rep.</strong></span> <span class='ocrx_word' id='word_1_693' title='bbox 1512 2986 1537 3025; x_wconf 92' lang='lat' dir='ltr'><strong>I.</strong></span> <span class='ocrx_word' id='word_1_694' title='bbox 1554 2990 1592 3027; x_wconf 87' lang='grc'><strong>3.</strong></span> <span class='ocrx_word' id='word_1_695' title='bbox 1612 2999 1649 3037; x_wconf 92' lang='lat' dir='ltr'><strong>p.</strong></span> <span class='ocrx_word' id='word_1_696' title='bbox 1669 2990 1750 3030; x_wconf 83' lang='lat'><strong>17..</strong></span> <span class='ocrx_word' id='word_1_697' title='bbox 1773 2987 1836 3037; x_wconf 87' lang='lat' dir='ltr'><strong>qui</strong></span> <span class='ocrx_word' id='word_1_698' title='bbox 1850 2985 1964 3038; x_wconf 83' lang='lat' dir='ltr'><strong>plura</strong></span> <span class='ocrx_word' id='word_1_699' title='bbox 1977 2998 2105 3023; x_wconf 84' lang='lat' dir='ltr'><strong>exem-</strong></span> 
     </span>
     <span class='ocr_line' id='line_1_71' title="bbox 1227 3043 1494 3096; baseline 0.007 -16"><span class='ocrx_word' id='word_1_700' title='bbox 1227 3043 1295 3095; x_wconf 80' lang='lat' dir='ltr'><strong>pla</strong></span> <span class='ocrx_word' id='word_1_701' title='bbox 1320 3044 1494 3096; x_wconf 61' lang='lat' dir='ltr'><strong>profert]</strong></span> 
     </span>
    </p>

    <p class='ocr_par' dir='ltr' id='par_1_12' title="bbox 1231 3097 2106 3196">
     <span class='ocr_line' id='line_1_72' title="bbox 1287 3097 2106 3152; baseline -0.002 -13"><span class='ocrx_word' id='word_1_702' title='bbox 1287 3100 1384 3140; x_wconf 54' lang='lat' dir='ltr'><strong>(hm</strong></span> <span class='ocrx_word' id='word_1_703' title='bbox 1400 3100 1466 3139; x_wconf 72' lang='lat' dir='ltr'><strong>Vl.</strong></span> <span class='ocrx_word' id='word_1_704' title='bbox 1493 3105 1607 3140; x_wconf 69' lang='lat' dir='ltr'><strong>retro</strong></span> <span class='ocrx_word' id='word_1_705' title='bbox 1620 3101 1828 3152; x_wconf 65' lang='lat' dir='ltr'><strong>reflexum.</strong></span> <span class='ocrx_word' id='word_1_706' title='bbox 1872 3099 1986 3138; x_wconf 88' lang='lat' dir='ltr'><strong>Hunc</strong></span> <span class='ocrx_word' id='word_1_707' title='bbox 1999 3097 2106 3150; x_wconf 85' lang='lat' dir='ltr'><strong>pleo-</strong></span> 
     </span>
     <span class='ocr_line' id='line_1_73' title="bbox 1231 3156 2105 3196; baseline -0.002 -1"><span class='ocrx_word' id='word_1_708' title='bbox 1231 3172 1404 3196; x_wconf 68' lang='lat' dir='ltr'><strong>nasmuin</strong></span> <span class='ocrx_word' id='word_1_709' title='bbox 1417 3156 1702 3196; x_wconf 78' lang='lat' dir='ltr'><strong>desenditOUd.</strong></span> <span class='ocrx_word' id='word_1_710' title='bbox 1713 3168 1762 3194; x_wconf 81' lang='lat' dir='ltr'><strong>ex</strong></span> <span class='ocrx_word' id='word_1_711' title='bbox 1770 3156 1962 3195; x_wconf 78' lang='lat' dir='ltr'><strong>similibus</strong></span> <span class='ocrx_word' id='word_1_712' title='bbox 1978 3169 2105 3194; x_wconf 81' lang='lat' dir='ltr'><strong>exem-</strong></span> 
     </span>
    </p>
   </div>
  </div>
 </body>
</html>
