2155 3590
658 165 839 206 LIBER
874 166 996 206 Vlll.
1057 165 1184 207 CAP.
1214 166 1354 207 XXX.

627 382 1064 431 CAPUT
1165 383 1357 431 XXX.

213 502 300 543 Hac
323 502 485 542 infamia
509 503 769 554 consternati,
796 517 896 556 quae
920 517 991 558 per
1013 517 1083 544 ora
1107 503 1236 558 populi
1262 502 1377 544 facilc
1400 502 1549 558 dilapsa
1572 503 1712 545 merito
1736 504 1886 546 invisos

102 574 148 600 ac
184 559 434 600 detestabiles
470 573 538 600 cos
574 560 726 600 cunctis
762 561 997 611 effecerant,
1035 567 1189 600 noctem
1215 561 1338 600 ferme
1363 559 1469 600 circa
1492 560 1678 611 mediani,
1713 561 1886 601 collectis

101 615 302 666 omnihus,
329 615 464 656 furtim
491 615 651 656 castello
676 616 898 666 facessunt,
924 616 1104 670 bonaque
1123 616 1277 657 itineris
1295 623 1405 670 parte
1424 623 1515 656 autc
1533 615 1683 656 iubaris
1703 624 1886 657 exortum

103 670 324 722 transacta,
356 671 434 711 iam
464 671 527 712 die
558 672 666 712 claro
691 672 922 712 solitudines
946 672 1057 712 avias
1082 673 1236 723 nancti,
1270 673 1391 712 multa
1417 686 1549 712 secum
1573 672 1681 726 prius
1706 673 1888 712 collocuti

92 727 314 782 accingunt
337 742 380 768 se
404 741 491 768 inco
516 728 668 779 funeri3
701 729 849 782 deaque
878 728 1059 770 vehiculo
1084 743 1170 770 meo
1195 729 1349 770 sublata
1373 735 1412 770 et
1435 728 1541 769 humi
1565 728 1760 784 reposita,
1792 743 1887 769 cun-

189 863 232 884 (ιι-
245 856 281 884 G.
294 857 326 884 2.
340 863 370 890 p.
384 857 423 886 D.
469 855 651 896 infamiam
664 864 693 891 p.
719 855 855 895 iufarz'a
867 857 907 887 D.
931 855 1054 895 usaria
1066 857 1102 886 L.
1137 856 1330 885 coeternati
1339 858 1375 886 G.
1389 859 1420 886 2.
1467 855 1599 884 dilassa
1611 858 1646 886 G.
1659 857 1692 885 2.
1737 854 1888 884 decesea-

99 899 169 929 bles
188 902 228 930 1).
276 904 394 929 cuncos
414 902 450 930 G.
464 903 494 930 1.
546 899 737 939 effecerant
750 903 786 931 F.
801 903 832 930 3.
847 903 882 931 G.
899 904 928 930 1.
941 904 972 930 2.
986 904 1025 931 D.
1038 902 1075 931 P.
1090 911 1120 937 p.
1144 904 1184 931 In
1196 905 1267 931 cett.
1283 900 1459 939 effecerat.
1510 899 1712 938 effecerant.
1748 899 1889 929 Noctem

100 949 137 975 G.
149 948 183 981 ι1.
195 947 227 976 2.
241 947 280 974 D.
327 949 425 974 nocte
438 955 468 982 p.
483 946 507 976 f.
552 945 694 975 castelle
707 946 747 976 D.
785 946 976 986 fac-escunt
988 949 1024 975 G.
1041 948 1069 976 1.
1081 949 1112 976 2.
1126 949 1166 976 D.
1213 951 1371 975 ararium
1384 949 1502 976 habent
1514 948 1550 976 F.
1561 948 1713 977 1.3.G.1.
1727 947 1762 975 0.
1777 955 1807 982 p.
1822 947 1843 975 f.
1857 944 1887 976 ὃ.

100 995 132 1020 et
144 992 215 1021 edd.
234 994 310 1020 vett.
330 999 432 1026 usque
451 993 492 1021 ad
511 992 620 1029 Calin,
646 992 701 1026 qui
715 999 787 1021 cum
806 1000 894 1026 seqq.
914 993 986 1021 edd.
1000 995 1031 1020 et
1043 993 1080 1021 B.
1094 994 1131 1021 G.
1143 994 1176 1021 2.
1189 993 1227 1021 D.
1242 993 1319 1027 legit
1334 995 1457 1021 onum.
1481 992 1564 1027 Quid
1577 992 1675 1021 ceteri
1687 992 1778 1020 codd.
1792 999 1888 1026 prae-

98 1038 216 1073 beant,
241 1045 282 1065 ex
294 1037 373 1064 Oud.
388 1037 594 1066 adnotatione
607 1037 747 1072 intelligi
760 1037 881 1071 nequit.
928 1035 967 1064 de
980 1035 1076 1064 claro
1087 1039 1170 1065 lunt.
1187 1039 1216 1066 1.
1231 1039 1261 1067 2.
1274 1038 1350 1067 Ald.
1397 1035 1448 1064 die
1461 1036 1560 1065 clara
1573 1034 1602 1066 δ.
1617 1037 1639 1066 f.
1652 1039 1688 1066 Ο.
1701 1040 1736 1065 ut
1747 1038 1888 1066 Met.1x.

98 1089 130 1116 p.
149 1083 225 1111 597.
259 1081 396 1119 fanaque
416 1076 542 1109 'clara
565 1081 638 1111 die.
686 1080 867 1110 solitudine
885 1080 973 1111 G.'2.
1020 1081 1142 1110 nancti
1160 1082 1198 1111 1⁴¹.
1217 1083 1249 1110 3.
1281 1082 1322 1111 cf.
1341 1083 1381 1111 ad
1402 1083 1563 1112 Menvll.
1587 1091 1619 1117 p.
1637 1084 1713 1111 473.
1749 1081 1828 1109 nati
1848 1083 1886 1110 D.

99 1126 228 1154 nae-tim
242 1128 278 1155 G.
295 1128 323 1155 1.
348 1126 477 1164 neptim
490 1128 543 1164 0.,
568 1128 651 1161 quod
665 1127 827 1161 posterius
840 1127 888 1156 ita
900 1129 1004 1155 ortum
1017 1135 1090 1156 esse
1104 1127 1303 1165 putaverim,
1327 1131 1361 1156 ut
1374 1128 1519 1163 siguum,
1538 1135 1600 1162 quo
1613 1135 1634 1155 n
1647 1129 1702 1156 vel
1714 1134 1745 1154 m
1758 1127 1887 1155 indica-

100 1175 167 1207 tur,
193 1173 453 1209 superadditum,
477 1173 564 1201 nand
577 1173 691 1201 idoneo
710 1174 780 1200 loco
800 1172 999 1207 adscriptum
1023 1171 1138 1210 fuerit,
1164 1175 1196 1200 et
1214 1174 1309 1206 quum
1330 1172 1458 1207 proprie
1475 1173 1576 1201 scribi
1593 1172 1714 1200 nancti
1730 1172 1886 1206 debuerit,

100 1217 197 1245 hodie
214 1217 341 1244 nacez'm
360 1219 417 1246 vel
434 1216 564 1253 napum
583 1220 750 1251 appareat.
795 1216 893 1253 prae’us
911 1223 1021 1244 secum
1034 1219 1116 1246 Mss.
1130 1217 1287 1252 plurimos
1307 1221 1336 1246 et
1350 1218 1419 1246 edd.
1440 1220 1515 1247 ante
1529 1218 1619 1246 Colv.
1633 1217 1810 1252 scripsisse
1823 1225 1887 1245 non

99 1261 320 1298 securnprae‘us
333 1262 427 1290 testis
441 1265 489 1291 est
504 1263 582 1291 Oud.
592 1283 599 1297 ‚
625 1269 818 1295 quamquam
833 1261 1024 1290 nominatim
1037 1263 1125 1290 codd.
1139 1269 1204 1291 nou
1216 1263 1340 1291 afferat.
1365 1262 1516 1291 Ordinem
1529 1269 1639 1290 secum
1647 1262 1746 1299 prius
1758 1262 1791 1290 in
1804 1263 1839 1290 F.
1859 1264 1886 1290 l.

98 1308 129 1334 3.
144 1308 180 1335 G.
196 1308 225 1335 1.
239 1308 270 1335 2.
284 1308 322 1335 D.
336 1308 373 1335 B.
386 1306 514 1345 inveni,
540 1308 624 1336 unde
636 1307 716 1336 Oud.
730 1307 912 1336 sententiae
924 1314 988 1336 non
999 1307 1182 1336 subscribo.
1228 1305 1322 1334 modo
1336 1315 1393 1343 pro
1407 1315 1477 1335 meo
1491 1315 1521 1343 p.
1547 1306 1694 1347 funebri
1705 1309 1741 1337 G.
1753 1309 1785 1337 2.
1799 1308 1836 1337 Ρ.
1850 1309 1888 1335 l).

94 1349 246 1379 vehiculo
265 1349 359 1378 modo
378 1359 409 1386 p.

97 1457 381 1514 ταλαμβάνουσι
425 1458 513 1507 τοὺς
558 1459 764 1506 κιφαὰἳους,
817 1454 965 1513 ἇρῥητα

97 1515 203 1556 ἔνδον
237 1515 521 1571 ἐργαζαμὲνονς·
562 1519 626 1556 καὶ
667 1516 780 1569 γέλως
813 1520 854 1556 ἐκ
890 1517 964 1556 τῶν

97 1572 391 1620 ἑπειςελθόντων
424 1570 542 1619 πολὺς
581 1572 756 1626 γίγιέται·
798 1575 862 1612 καὶ
896 1572 964 1620 ἔξω

98 1628 345 1683 ἐκδραμόντες
375 1626 444 1680 ὅλῃ
473 1629 520 1680 τῇ
548 1629 655 1681 κώμῃ
685 1633 740 1679 τῷ
769 1627 870 1683 λόγῳ
895 1628 964 1670 διέ-

97 1689 224 1726 δωκαν
246 1686 320 1725 τῶν
344 1686 467 1740 ἱερέων
495 1685 561 1738 τὴν
585 1684 811 1738 ‹io-thecam]

156 1741 384 1782 CAP.XXX.
409 1743 506 1782 Hac
518 1744 691 1794 'Infamia
706 1742 965 1783 consternati.

100 1813 205 1852 quae
298 1802 522 1853 effecerant.
571 1799 731 1852 [Mirum
756 1804 836 1845 est,
862 1798 967 1849 quod

97 1856 231 1907 optimi
245 1856 388 1907 quique
401 1855 513 1895 codd.
523 1860 748 1894 constanter
760 1854 967 1893 lectionem

98 1916 315 1966 effecerant
332 1913 510 1959 retinent,
532 1925 647 1963 quam
667 1913 702 1949 in
717 1911 872 1950 duobus
884 1915 966 1948 tan-

95 1972 179 2006 tum
196 1969 280 2007 suis
300 1968 403 2007 Oud.
424 1969 586 2015 invenit,
611 1968 779 2018 hincque
801 1967 881 2005 iure
900 1979 966 2005 ne-

97 2022 232 2075 glexit.
279 2024 394 2064 Hunc
417 2023 607 2076 pluralem
631 2025 743 2062 aliter
767 2022 966 2075 explicare

97 2093 266 2131 nequeo,
284 2081 358 2119 nisi
372 2094 509 2121 corum
522 2081 757 2131 cogitatione
770 2079 964 2125 addendo,

98 2149 333 2188 quamquam
345 2137 478 2176 nescio
493 2137 586 2188 quid
597 2137 712 2175 ieiuni
726 2137 762 2174 in
787 2150 836 2175 ea
853 2137 965 2174 inter-

97 2194 318 2245 pretatione
341 2194 457 2240 inest,
484 2194 589 2232 etita
601 2193 679 2233 hac
696 2194 822 2231 minus
840 2193 965 2244 probe

97 2250 242 2288 dictum
265 2249 428 2288 videtur.
452 2249 567 2288 Unde
581 2254 626 2288 al
642 2248 852 2299 legendum
870 2261 966 2286 esse

99 2303 310 2357 aliquando
347 2307 595 2357 suspicabar,
635 2319 710 2343 nec
744 2305 962 2357 negandum

98 2361 418 2414 est,singularem
427 2365 613 2416 effecerat
625 2362 674 2400 ad
687 2362 963 2400 sententiarum

99 2431 242 2458 nexum
260 2418 473 2456 faciliorem
488 2422 528 2456 et
546 2418 825 2469 elegantiorem
839 2416 962 2469 esse]

157 2477 316 2528 deaque
338 2474 526 2514 vehiculo
549 2488 635 2513 mco
659 2475 828 2514 sublata.
872 2473 963 2526 [Be-

99 2531 223 2571 roald.
249 2531 300 2570 ad
323 2531 359 2569 h.
376 2531 399 2570 l.
424 2530 573 2569 haecce
597 2530 774 2570 adnotat:
799 2530 873 2569 Hic
894 2542 961 2567 ve-

99 2588 218 2627 hiculi
241 2587 395 2626 nomine
421 2601 494 2625 non
519 2586 737 2638 plaustrum
761 2586 961 2638 significat,

98 2644 174 2683 sed
203 2644 395 2683 festiviter
430 2644 558 2694 ipsiun
592 2643 818 2689 iumentum,
854 2643 963 2681 cuius

98 2701 260 2740 dorsum
277 2698 446 2739 vehiculi
463 2700 587 2739 vicem
607 2700 833 2750 praestabat
845 2698 964 2745 deae,

100 2770 217 2809 quam
228 2757 461 2796 sententiam
482 2755 672 2795 Scheffer.
691 2756 740 2794 de
750 2755 814 2794 Re
825 2755 863 2793 V
865 2755 964 2794 ehic.

101 2827 136 2852 c.
148 2814 226 2854 1.in
234 2812 371 2852 Polen.
383 2811 520 2864 Suppl.
529 2812 579 2851 ad
588 2812 710 2851 Thes.
719 2813 850 2863 Antiq.
861 2811 906 2851 T.
915 2811 966 2850 V.

100 2870 274 2921 p.1051.
292 2870 346 2909 ita
369 2870 539 2920 corrigit:
565 2868 741 2920 Optime,
765 2868 837 2906 nisi
863 2867 968 2918 quod

102 2939 154 2964 ex
172 2926 284 2965 dictis
296 2929 441 2977 pateat,
464 2939 540 2964 non
557 2930 636 2963 tam
649 2925 840 2963 festiviter
853 2936 969 2976 quam

102 2994 155 3020 cx
194 2982 474 3021 consuetudine
514 2980 738 3020 Latinorum
781 2982 835 3019 ita
872 2993 966 3019 esse

103 3038 258 3077 dictum.
315 3036 433 3085 Quod
445 3037 626 3089 equidem
644 3038 697 3077 ita
708 3051 783 3076 non
804 3036 966 3076 affirma-

104 3094 236 3133 verim.
292 3094 454 3133 Nullum
498 3094 601 3133 enim
641 3093 780 3133 adtulit
819 3091 969 3132 Schefl'.

105 3149 338 3203 exemplum,
350 3152 416 3191 ubi
429 3150 651 3193 vehiculum
663 3149 767 3203 apud
779 3151 968 3202 probatae

1019 1458 1223 1499 latinitatis
1264 1461 1478 1512 scriptores
1518 1474 1568 1501 ea
1608 1461 1888 1511 significatione

1020 1517 1219 1564 invenitur.
1290 1517 1397 1555 Idem
1432 1518 1690 1568 pronuntiarit
1732 1518 1887 1569 quidem

1022 1572 1193 1613 Turneb.
1223 1571 1394 1613 Advers.
1425 1573 1593 1613 XXVII.
1619 1577 1684 1615 26.
1714 1573 1788 1611 sed
1813 1588 1889 1611 una

1020 1633 1169 1668 tantum
1196 1630 1296 1681 legis
1321 1630 1478 1682 Oppiae
1504 1629 1671 1668 dictione
1695 1631 1886 1681 probavit,

1021 1687 1057 1725 in
1084 1700 1161 1738 qua
1184 1691 1337 1725 cautum
1362 1690 1463 1733 erat,
1489 1700 1537 1725 nc
1562 1685 1697 1726 mulier
1721 1688 1888 1725 iuncto

1023 1743 1245 1782 vehiculo
1279 1747 1467 1788 uteretur,
1508 1743 1559 1781 de
1601 1756 1679 1794 qua
1719 1743 1887 1781 dictione

1024 1797 1072 1837 cs.
1087 1798 1173 1837 lntt.
1187 1799 1238 1837 ad
1250 1798 1335 1837 LiV.
1350 1797 1541 1838 XXXIV.
1559 1804 1591 1839 1.
1606 1799 1636 1848 ᾧ.
1652 1803 1688 1839 2.
1708 1802 1748 1836 et
1767 1798 1884 1837 (Iron.

1013 1855 1075 1893 ‘ad
1100 1855 1198 1894 Stat.
1223 1854 1319 1894 Silv.
1343 1854 1370 1894 Ι.
1397 1869 1428 1894 c.
1444 1859 1480 1896 9.
1507 1855 1552 1894 T.
1565 1854 1594 1893 Ι.
1618 1868 1655 1906 p.
1671 1858 1735 1895 98.
1759 1854 1886 1894 Hand.

1024 1910 1269 1962 Quamquam
1299 1911 1411 1962 igitur
1440 1925 1515 1949 non
1551 1911 1791 1961 negaverim,
1828 1925 1886 1950 re-

1023 1967 1219 2014 lliculum,
1243 1971 1285 2006 ut
1309 1982 1451 2008 curvus
1475 1967 1525 2008 cf.
1549 1967 1676 2006 Hand.
1701 1971 1779 2006 not.
1805 1967 1886 2006 crit.

1022 2023 1073 2062 ad
1097 2023 1134 2062 h.
1148 2023 1173 2061 l.
1197 2037 1267 2075 pro
1294 2024 1406 2076 equis
1431 2028 1469 2062 et
1489 2024 1669 2062 iumentis
1687 2023 1885 2062 inuniver-

1021 2092 1110 2118 sum
1121 2080 1312 2131 usurpari,
1331 2084 1458 2118 tamen
1473 2084 1627 2131 praeter
1640 2080 1739 2118 hanc
1752 2079 1887 2118 dictio-

1020 2149 1112 2174 nem
1140 2135 1285 2174 nullum
1315 2140 1405 2175 ante
1434 2136 1645 2187 Apuleium
1674 2135 1802 2174 locum
1832 2137 1884 2174 in-

1020 2192 1154 2230 venire
1166 2195 1355 2244 poteram,
1365 2207 1440 2244 quo
1454 2193 1555 2232 hanc
1567 2193 1885 2244 significationem

1021 2248 1250 2295 stabilirem,
1270 2253 1310 2287 et
1329 2249 1457 2288 media
1475 2253 1622 2288 tantum
1645 2253 1775 2288 aetate
1799 2263 1885 2288 sae-

1018 2305 1107 2357 pius
1131 2305 1356 2345 vehiculum
1378 2318 1413 2345 s.
1435 2306 1642 2346 vehiculas
1665 2319 1806 2357 equum
1832 2306 1884 2343 di-

1020 2366 1123 2402 ctum
1148 2374 1243 2399 esse
1266 2362 1408 2412 probat
1432 2361 1482 2399 du
1509 2361 1626 2413 Cang.
1652 2361 1751 2401 Lex.
1782 2361 1883 2400 med.

1021 2422 1061 2458 et
1084 2418 1148 2456 inf.
1173 2416 1241 2457 lat.
1265 2431 1367 2465 s.v.‚
1392 2418 1466 2456 nisi
1480 2419 1567 2470 quis
1581 2419 1886 2470 itainterpretari

1021 2472 1116 2514 velit
1128 2472 1230 2514 Gell.
1244 2473 1335 2513 XV.
1349 2479 1386 2515 4.
1401 2473 1435 2527 §.
1450 2477 1487 2515 3.
1521 2475 1753 2515 Ventidium
1776 2475 1885 2514 Bas-

1017 2545 1103 2572 sum
1232 2531 1379 2571 victum
1413 2531 1491 2570 sibi
1524 2543 1649 2584 aeyrc
1689 2531 1886 2583 quaesisse

1019 2600 1186 2640 eumque
1196 2587 1366 2626 sordide
1382 2587 1576 2627 invenisse
1595 2586 1886 2639 comparandis

1017 2643 1137 2684 mulis
1161 2647 1200 2683 et
1221 2643 1327 2682 vesci
1336 2643 1479 2689 culis,
1512 2657 1616 2696 quae
1638 2643 1884 2696 mayistratt‘-

1020 2699 1111 2746 buS,
1161 2700 1231 2752 qui
1274 2700 1409 2738 sortia·
1450 2699 1689 2752 provincias
1732 2700 1885 2749 sorem,

1017 2755 1260 2810 praebenda
1291 2755 1459 2807 publice
1489 2755 1761 2796 conduxisset.
1809 2753 1886 2800 Qui

1022 2812 1125 2850 enim
1149 2823 1237 2849 cum
1260 2811 1449 2850 Scheffer.
1476 2810 1580 2851 Gell.
1597 2809 1691 2849 XX.
1714 2816 1748 2851 1.
1767 2811 1797 2862 ξ.
1813 2814 1884 2851 3οε

1023 2868 1169 2920 Neque
1180 2868 1348 2907 insterni
1360 2873 1491 2907 tamen
1510 2867 1684 2906 delicate
1701 2879 1884 2905 arceram

1023 2925 1244 2969 iusserunt,
1270 2925 1459 2976 quoniam
1477 2924 1574 2963 satis
1591 2927 1689 2962 esset
1700 2922 1884 2962 invalido

1023 2980 1272 3020 cuicuimodi
1295 2993 1315 3018 c
1325 2994 1344 3019 e
1353 2995 1375 3020 c
1384 2985 1433 3019 ta
1441 2980 1463 3019 b
1471 2995 1498 3020 u
1507 2980 1553 3018 lu
1559 2993 1609 3025 m,
1633 2978 1885 3019 vectabulum

1021 3035 1237 3076 secundum
1260 3034 1358 3088 Leg.
1383 3035 1482 3075 Tab.
1506 3034 1592 3074 ΧΠ.
1617 3034 1647 3085 ξ.
1676 3037 1738 3075 15.
1763 3034 1814 3073 de
1831 3035 1883 3073 iu-

1023 3095 1153 3131 mento
1183 3090 1394 3144 explicant,
1425 3091 1539 3143 quod·
1557 3091 1796 3143 posteriores
1831 3091 1883 3130 ita

1026 3149 1170 3196 dicunt,
1195 3148 1447 3188 vehementer
1475 3151 1613 3192 errant.
1639 3161 1754 3199 quum
1778 3145 1882 3187 Gell.
