2155 3590
644 136 832 176 LIBER
862 136 915 178 ΙΙ.
975 135 1105 177 CAP.
1135 135 1326 176 XXVII.

1808 136 1888 179 137

82 251 195 347 venbis
218 249 360 292 Aonii
382 250 453 291 vel
472 250 631 290 miselli
653 248 660 305 Ι
687 251 800 290 vatis
824 248 992 305 Pipletis
1021 250 1219 290 laceratus
1250 255 1368 302 atque
1399 250 1621 303 discerptus
1653 251 1766 290 domo
1797 263 1886 305 pro-
1912 253 1977 287 156

82 315 146 348 tur
174 322 234 348 or.

576 456 611 503 C
670 458 717 503 A
774 457 812 502 P
872 457 914 504 U
974 457 1018 503 T
1122 454 1389 506 XXVII.

190 589 253 630 Ao
278 590 368 630 dum
394 589 435 629 in
461 589 644 643 proxima
667 589 798 643 platea
822 590 1010 630 refovens
1037 589 1210 630 animum
1235 588 1399 629 infausti
1425 595 1543 642 atque
1568 589 1778 643 improvidi
1804 603 1888 630 ser-

80 645 206 686 monis
231 646 307 686 mei
332 659 423 686 sero
447 645 704 695 reminiscor,
734 646 972 700 dignumque
992 660 1053 687 me
1074 646 1250 700 pluribus
1269 645 1387 686 etiam
1405 645 1640 686 verberibus
1661 646 1783 686 fuisse
1808 659 1888 686 me-

79 703 155 743 rito
181 702 405 743 consentio:
432 715 523 742 ecce
547 701 624 742 iam
650 702 828 742 ultimum
862 702 1025 742 defletus
1058 709 1175 756 atque
1209 701 1477 742 conclamatus
1508 709 1761 756 processerat
1784 716 1889 742 mor-

80 766 191 810 tuus3
223 759 382 812 rituque
413 758 541 813 patrio
574 765 707 813 utpote
733 773 835 799 unus
868 759 914 799 de
947 758 1199 813 optimatibus
1234 771 1373 812 pompa
1406 757 1558 798 funeris
1585 758 1729 812 publici
1755 759 1889 798 ducta-

79 897 304 928 Adoniomnes
315 899 389 928 [ibri
398 903 427 928 et
438 900 593 928 eddsett.
603 901 771 934 [παρίει-0.
781 899 939 933 (minabet
953 896 1117 928 Abdom’et
1128 896 1156 928 δ.
1170 899 1202 927 in
1211 906 1273 933 quo
1281 903 1346 927 est:
1362 895 1498 928 Adonis.
1523 897 1742 926 musteluatis
1751 897 1891 935 pipletv‘s

76 946 112 974 F.
124 947 152 974 1.
162 946 193 974 3.
208 947 283 974 G.2.
298 946 346 974 ed.
360 953 407 979 pr.
421 945 536 973 Venet.
547 946 577 974 2.
592 948 621 973 et
635 945 763 973 Vicent.
779 943 828 979 [in
842 945 938 972 cuius
951 952 1052 980 marg.
1067 945 1119 972 vir
1132 945 1246 972 doctus
1260 944 1307 973 ita
1319 944 1521 973 emendavit:
1547 941 1673 971 Adonis
1687 942 1741 971 vel
1752 943 1891 972 mustel-

76 989 159 1018 lali‘s
167 989 276 1027 peplis·
289 997 362 1018 cum
374 992 501 1025 glossa:
527 988 734 1017 mustellaeu's
743 997 755 1016 .·
780 988 893 1017 colore
905 989 1084 1017 mustelino
1098 989 1259 1026 concisis]
1274 988 1468 1017 mustelah’s
1476 988 1587 1026 peplis
1601 991 1669 1018 cod.
1683 991 1794 1019 Barth.
1806 991 1890 1018 lunt.

82 1037 107 1065 1.
119 1036 196 1065 Ald.
210 1036 324 1065 Venet.
339 1037 369 1064 4.
392 1036 502 1064 Paris.
527 1034 730 1063 mustelucus
746 1036 781 1064 P.
796 1042 815 1063 a
828 1043 869 1063 m.
884 1044 913 1070 p.
929 1034 965 1070 [a
978 1043 1018 1063 m.
1033 1044 1059 1063 s.
1080 1033 1330 1070 musteluaeus]
1354 1033 1554 1062 mustulatv‘s
1568 1036 1602 1063 Ο.
1617 1033 1848 1063 ηιαειεὶιιῐαῑίε
1860 1043 1890 1069 p.

76 1082 114 1110 D.
129 1087 149 1109 a
161 1088 202 1109 m.
217 1088 243 1110 s.
258 1081 291 1109 in
307 1085 397 1109 textu
422 1079 496 1115 [sed
515 1088 535 1109 a
553 1089 593 1109 m.
608 1089 634 1109 s.
655 1081 689 1109 in
702 1081 849 1116 margine
862 1086 980 1107 musae
998 1080 1091 1107 vatis
1108 1078 1301 1116 pimpletv's]
1347 1079 1545 1107 muse-uleus
1559 1088 1594 1109 π.
1641 1079 1841 1108 musculosfs
1857 1090 1890 1113 φ.

77 1123 187 1152 Adonr'
197 1125 252 1153 vel
263 1123 382 1153 Musae
396 1126 487 1153 vatis
495 1123 694 1162 pr'mpleidos
707 1127 802 1154 habet
816 1127 900 1153 lunt.
914 1127 944 1153 2.
972 1123 1166 1152 mustelam
1175 1123 1315 1160 pe'pleti's
1329 1126 1366 1153 G.
1383 1127 1411 1153 1.
1439 1123 1529 1159 [cum
1543 1127 1655 1160 glossa
1668 1125 1891 1154 interlineari:

78 1169 220 1208 Piplett's
232 1178 350 1198 nomen
359 1171 536 1207 propriane
551 1175 580 1199 et
595 1171 629 1199 in
642 1178 743 1205 marg.
758 1170 918 1204 scriptum
932 1174 997 1198 est:
1023 1168 1091 1196 Hic
1106 1169 1204 1206 tangi
1207 1172 1220 1196 t
1223 1168 1386 1207 fabulam
1402 1168 1441 1196 de
1450 1169 1578 1206 piplele
1589 1173 1625 1197 ee
1637 1173 1759 1198 acteon
1773 1173 1812 1198 ut
1824 1168 1890 1198 ha-

76 1215 187 1244 bemus
200 1216 245 1245 in.
272 1217 446 1245 Praeterea
459 1216 541 1244 nihil
555 1217 747 1244 adnotatum
756 1213 833 1250 esu]
859 1213 914 1242 rel
924 1217 1017 1243 abest
1030 1222 1050 1243 a
1064 1215 1100 1243 P.
1115 1219 1144 1243 et
1159 1212 1187 1243 δ.
1225 1212 1403 1251 decerptus
1418 1215 1440 1244 f.
1480 1213 1608 1242 domum
1624 1224 1653 1251 p.
1695 1213 1892 1252 protrahor

75 1263 112 1290 R.
128 1261 149 1290 f.
162 1262 200 1290 B.
242 1260 430 1298 perturbor
443 1262 478 1289 P.
493 1262 528 1289 G.
542 1263 573 1289 2.
588 1262 625 1289 D.

165 1314 208 1334 ac
220 1304 296 1334 dum
309 1308 444 1335 exulant
458 1312 478 1334 a
492 1305 512 1334 s.
527 1311 556 1334 et
569 1307 607 1334 R.
656 1304 860 1341 r'npro.r2'1uo
875 1306 910 1333 G.
930 1306 957 1332 1.

1007 1304 1146 1344 refoveo
1161 1315 1193 1338 «r.
1209 1310 1237 1332 et
1252 1305 1356 1333 Scriv.
1383 1313 1445 1342 que
1459 1313 1522 1333 non
1537 1310 1699 1341 comparet
1714 1307 1747 1335 in
1755 1307 1890 1335 Vulc.‘.‘.

77 1352 156 1381 Cum
169 1352 240 1380 edd.
253 1354 330 1380 vett.
352 1355 381 1379 et
401 1351 523 1379 Florid.
543 1354 614 1385 post
635 1351 807 1377 consentio
827 1351 977 1384 ponenda
991 1354 1039 1378 est
1061 1350 1163 1378 minor
1177 1350 1360 1379 distinctio.
1387 1354 1417 1378 et
1431 1358 1474 1377 ac
1488 1358 1560 1378 cum
1575 1358 1648 1378 ecce
1663 1352 1780 1380 ceteris
1795 1352 1890 1386 quasi

74 1397 208 1425 insertis
221 1397 423 1431 iungendum
442 1398 496 1424 vel
519 1396 648 1424 omnino
667 1393 868 1432 dignumque
881 1397 1112 1424 revocandum.

657 1447 733 1468 sero
754 1440 775 1469 f.
801 1440 1003 1468 reminiscor
1022 1447 1097 1467 sero
1116 1442 1156 1469 D.
1205 1439 1338 1477 dignum
1353 1448 1404 1466 me
1423 1441 1458 1469 F.
1478 1442 1504 1469 1.
1521 1442 1556 1469 G.
1573 1442 1602 1470 1.
1615 1443 1646 1470 2.
1667 1443 1706 1470 D.
1721 1443 1757 1471 P.
1771 1439 1800 1470 δ.
1814 1443 1852 1470 R.
1868 1441 1890 1469 f.

75 1448 133 1469 ne:
152 1443 201 1470 ed.
220 1449 266 1476 pr.
287 1442 402 1470 Vener.
422 1442 453 1469 2.
472 1442 558 1470 lunt.
580 1442 609 1469 1.

1162 1394 1307 1431 improbi
1318 1403 1375 1430 pro
1388 1393 1571 1431 1‘111prorr'clz'
1582 1399 1628 1424 est
1643 1397 1676 1424 in
1692 1396 1713 1424 f.
1762 1403 1891 1424 sermo-

74 1486 344 1524 rituquepatri'a
356 1487 393 1515 G.
409 1488 437 1515 1.
458 1486 603 1523 praevio
619 1486 639 1515 f.
666 1493 752 1514 uuus
766 1487 854 1514 deest
870 1487 902 1514 in
919 1488 955 1515 G.
974 1488 1002 1514 1.
1028 1483 1248 1513 ductabatur.
1269 1484 1465 1525 Pet-forum
1480 1488 1516 1514 G.
1533 1488 1562 1514 ⁴2.
1576 1487 1614 1514 D.
1628 1487 1664 1514 P.

74 1609 229 1648 incenis
248 1609 270 1646 i.
285 1621 320 1648 e.
333 1608 527 1654 Penthei,
544 1610 654 1648 cuius
674 1609 835 1660 patriam
853 1607 953 1646 The-

77 1666 147 1703 bas
162 1665 287 1704 fuisse
300 1665 542 1704 notissimum
558 1669 631 1711 est,
647 1666 791 1716 quique
801 1669 955 1703 amatre

76 1722 218 1774 Agave
241 1722 457 1760 miserrimo
482 1722 598 1761 modo
625 1722 862 1760 dilaceratus
881 1726 955 1759 tra-

76 1778 193 1825 diturg
223 1777 272 1817 cs.
299 1777 414 1817 Ovid.
440 1777 536 1817 Met.
562 1777 625 1819 III.
659 1783 742 1819 514
767 1792 855 1829 sqq.
906 1778 954 1817 cs.

77 1834 162 1873 lntt.
187 1834 239 1873 ad
263 1833 396 1874 Horat.
425 1834 507 1873 Sat.
536 1834 579 1873 11.
607 1839 644 1876 3.
672 1839 752 1876 303
780 1849 840 1887 sq,
873 1835 954 1873 Ad-

75 1892 254 1930 iectivum
270 1891 430 1931 Aonius
448 1892 546 1930 satis
567 1891 742 1930 defendit
755 1892 866 1930 locus
882 1891 954 1930 Sil.

75 1946 164 1988 XII.
178 1952 272 1989 220.
300 1948 475 1988 Aonium
496 1949 723 2000 plectrum:
747 1948 794 1987 cf.
822 1947 955 2001 Kopp.

74 2005 127 2043 ad
150 2004 265 2043 Mart.
293 2004 387 2056 Cap.
414 2004 446 2055 ξ.
467 2008 560 2045 924.
585 2020 622 2057 p.
638 2010 731 2046 717.
756 2005 821 2043 uhi
844 2005 958 2056 plura

75 2061 250 2100 invenies
276 2064 315 2098 et
332 2060 436 2100 Mss.
463 2063 553 2100 item
577 2061 750 2114 variant]
778 2061 958 2113 Pipletis

76 2117 192 2156 iidem
211 2120 318 2156 recte
337 2117 388 2155 de
407 2116 569 2169 Orpheo
589 2118 842 2170 explicarunt,
868 2118 958 2167 quia

78 2174 241 2226 Piplas,
256 2174 438 2225 Pimpla,
450 2175 545 2212 urbs
559 2179 623 2213 est
635 2174 838 2219 Thraciae.
853 2173 957 2211 unde

77 2243 205 2279 genus
230 2230 298 2269 ille
323 2229 502 2269 ducebat.
523 2228 660 2269 Munk.
682 2230 729 2269 ad
751 2230 854 2282 Hyg.
878 2230 955 2268 sab.

79 2285 190 2326 XIV.
214 2300 251 2339 p.
272 2290 337 2327 38.
378 2285 545 2338 [Restat
569 2292 717 2326 tantum
742 2291 955 2325 monstrum

78 2343 176 2382 illud
193 2342 375 2381 vocabuli
394 2344 663 2383 musteluatis.
690 2343 792 2394 quod
819 2347 957 2394 aperte

79 2399 367 2439 emendandum
382 2403 446 2438 est
459 2400 495 2438 in
509 2401 651 2439 miselli
666 2402 788 2445 rcite's‚¹
809 2401 956 2452 optime

78 2456 325 2496 antecedenti
354 2469 439 2494 voc.
479 2457 661 2509 Pipletis
697 2456 954 2507 respondens.

78 2512 197 2559 Quod
227 2513 328 2551 enim
359 2511 471 2563 Lips.
510 2527 596 2551 cum
630 2512 885 2552 Schickerad.
919 2517 957 2550 et

78 2569 240 2622 Sciopp.
275 2570 495 2608 coniecerat
520 2570 683 2610 Musaei
715 2569 776 2606 vel
803 2569 957 2609 stlvzsici

81 2627 182 2666 catis
203 2630 244 2665 et
263 2626 314 2664 de
339 2626 478 2677 quovis
497 2631 616 2678 poeta
637 2626 710 2664 dici
730 2639 856 2677 posse
871 2639 957 2664 con-

78 2682 213 2729 tendit,
222 2682 340 2720 valde
355 2682 445 2720 mihi
462 2682 587 2734 friget.
600 2696 672 2721 nec
685 2684 811 2720 minus
820 2682 957 2721 Heius.

79 2739 319 2778 coniectura:
346 2739 491 2778 Musae
521 2741 628 2778 nati.
677 2739 826 2777 Dubito
857 2740 958 2777 enim

79 2809 127 2834 an
141 2795 341 2836 Musaeus
359 2794 425 2833 vel
448 2797 622 2835 musicus
649 2800 755 2834 rates
779 2795 958 2846 coniungi

83 2850 216 2898 liceat,
244 2852 431 2903 quoniam
454 2866 572 2891 unum
597 2852 751 2890 videtur
776 2865 872 2889 esse
896 2865 958 2890 su-

79 2908 282 2960 perfluum.
350 2909 534 2949 Musteus
587 2909 687 2947 enim
723 2922 795 2960 pro
828 2913 957 2960 poeta

81 2968 308 3016 usurpatum
341 2965 481 3014 legitur
516 2978 578 3016 ap.
613 2965 765 3003 Auson.
797 2978 858 3016 ep.
893 2970 956 3005 11.

83 3021 159 3059 init.
180 3025 221 3059 et
239 3025 304 3062 21.
326 3026 421 3060 extr.
456 3021 485 3059 C
488 3025 570 3060 erte
595 3022 629 3058 si
655 3021 869 3060 defendere
894 3035 958 3060 ve-

86 3077 153 3123 lis,
178 3091 253 3116 non
280 3078 333 3116 ita
358 3082 452 3131 apte
477 3078 553 3117 hoc
579 3078 722 3116 dictum
748 3091 842 3116 esse
864 3079 958 3117 mihi

85 3134 293 3172 concedes.
321 3133 435 3173 Unde
460 3148 728 3180 commoveor,
751 3139 794 3173 ut
816 3135 961 3174 miselli

1015 1609 1274 1647 coniecturam
1293 1609 1406 1647 unice
1427 1609 1700 1660 comprobem,
1727 1620 1827 1658 quae
1853 1612 1893 1646 et

1015 1679 1038 1704 a
1080 1679 1203 1703 sensu
1247 1669 1287 1703 et
1328 1679 1351 1704 a
1387 1665 1594 1703 verborum
1632 1665 1892 1703 concinnitate

1015 1722 1222 1773 aptissima
1249 1725 1321 1760 est.
1348 1721 1407 1760 lta
1433 1723 1534 1760 enim
1560 1723 1704 1774 optime
1728 1721 1803 1759 sihi
1824 1735 1890 1773 op-

1014 1783 1210 1831 ponuntur
1244 1779 1421 1818 misellus
1457 1782 1496 1817 et
1520 1778 1734 1831 superbus,
1773 1791 1891 1828 quum

1016 1834 1219 1874 Pentheus
1245 1836 1430 1886 superbia
1460 1839 1586 1873 morte
1616 1835 1719 1873 haud
1750 1835 1892 1873 iniusta

1015 1893 1189 1944 perierit,
1222 1891 1289 1928 ille
1313 1905 1406 1930 vero
1439 1891 1665 1930 seminarum
1699 1890 1891 1929 furoribus

1015 1949 1158 1988 misere
1177 1949 1312 1986 insons
1327 1948 1495 1987 caderet.
1522 1947 1609 1987 Huc
1622 1947 1773 1986 accedit
1786 1947 1892 1999 quod

1016 2006 1223 2043 verborum
1243 2005 1455 2056 descriptio
1476 2005 1707 2043 adiectivum
1721 2004 1891 2055 requirit,

1016 2062 1123 2112 quod
1155 2061 1283 2100 fusius
1315 2062 1581 2100 condicionem
1617 2060 1768 2112 Orphei
1797 2060 1891 2099 indi-

1017 2122 1098 2164 cet,
1125 2131 1227 2169 quae
1251 2120 1287 2156 in
1309 2117 1490 2156 Pentheo
1511 2117 1805 2156 accuratissime
1830 2121 1893 2155 est

1016 2175 1259 2228 designata]

1070 2232 1310 2283 prorui-bor.
1360 2231 1425 2270 De
1456 2232 1532 2270 hac
1562 2244 1659 2269 voce
1690 2229 1793 2269 Oud.
1825 2243 1892 2268 ex-

1016 2288 1107 2327 citat
1138 2287 1352 2327 Comment.
1385 2288 1435 2326 ad
1467 2287 1581 2326 Caes.
1613 2287 1661 2325 de
1690 2286 1736 2325 B.
1770 2287 1817 2326 G.
1844 2285 1891 2333 11,

1017 2349 1079 2385 19.
1106 2343 1191 2382 Vll.
1218 2348 1283 2385 81.
1314 2345 1402 2384 Liv.
1434 2345 1483 2383 V.
1516 2349 1581 2385 45.
1614 2344 1642 2394 ὁ.
1675 2348 1710 2384 5.
1750 2342 1890 2395 Cuper.

1015 2401 1185 2439 observ.
1198 2400 1242 2440 II.
1252 2415 1283 2439 c.
1295 2406 1330 2442 5.
1341 2401 1492 2440 essinsra
1504 2400 1554 2439 ad
1563 2401 1658 2439 Met.
1667 2399 1734 2438 IX.
1749 2413 1786 2451 p.
1797 2404 1890 2442 648.

1073 2457 1160 2496 Cn.
1176 2457 1344 2496 XXVII.
1390 2471 1546 2511 pompa
1549 2456 1719 2507 ,sumeris
1728 2456 1892 2508 publici

1016 2515 1266 2554 ductabatur
1268 2529 1351 2567 per
1357 2518 1388 2568 f
1386 2529 1511 2555 orum.
1528 2514 1610 2566 [Sic
1619 2513 1779 2551 Tacitus
1789 2513 1890 2551 Ann.

1016 2571 1079 2609 III.
1100 2575 1135 2610 5.
1157 2571 1250 2609 dicit
1264 2572 1432 2624 public-i
1452 2573 1613 2623 funeris
1632 2583 1815 2621 pompa.-
1840 2569 1892 2607 de

1017 2629 1127 2666 cuius
1151 2628 1261 2666 vocis
1286 2628 1416 2677 signis.
1443 2627 1626 2665 disseruit
1644 2625 1772 2664 Doed.
1793 2625 1891 2677 Syn.

1017 2684 1083 2722 lv.
1119 2698 1153 2736 p.
1182 2689 1274 2725 408.
1316 2684 1417 2722 Cort.
1452 2683 1504 2721 ad
1529 2683 1673 2722 Lucan.
1700 2681 1768 2720 VI.
1795 2686 1888 2723 531.-

1017 2741 1178 2779 Herald.
1206 2741 1253 2779 ad
1281 2742 1429 2780 Arnob.
1456 2754 1494 2791 p.
1521 2743 1610 2781 203.
1636 2738 1811 2777 Kirchm.
1840 2739 1892 2778 de

1017 2797 1114 2836 Fun.
1137 2797 1251 2836 Rom.
1266 2797 1292 2836 I.
1319 2811 1355 2849 p.
1376 2801 1441 2838 20.
1468 2796 1632 2836 Ducere
1657 2795 1708 2833 de
1729 2798 1890 2848 funeri-

1020 2854 1090 2894 lms
1113 2855 1413 2893 usitatissimum
1439 2857 1511 2891 est.
1539 2852 1587 2892 cf.
1608 2851 1802 2903 Spartian.
1818 2852 1889 2891 Se·

1016 2924 1095 2949 ver.
1110 2925 1141 2949 c.
1157 2916 1193 2951 7.
1221 2912 1360 2950 Funus
1386 2910 1533 2949 (leimle
1546 2910 1772 2948 censorium
1792 2909 1891 2949 Per-

1016 2969 1166 3007 tinacis
1190 2968 1363 3019 inm-qim'
1388 2967 1521 3005 dua-it.
1645 2979 1890 3019 quamquam

1014 3029 1158 3076 postea
1174 3025 1221 3062 isl
1235 3037 1375 3062 nomen
1387 3023 1541 3062 aboleri
1549 3022 1720 3061 coluerit
1731 3023 1891 3075 quippe

1019 3094 1131 3119 omen
1158 3094 1391 3119 mntem-um.
1439 3093 1459 3117 ι.
1486 3091 1518 3116 e.
1551 3092 1770 3117 ominosum
1801 3091 1891 3117 anu-

1018 3137 1087 3175 cis.
1114 3135 1172 3175 lta
1192 3136 1378 3190 eninnhic
1394 3136 1500 3174 locus
1516 3135 1785 3173 emendandus
1799 3136 1890 3187 est]
