<?xml version="1.0" encoding="UTF-8"?>
<!DOCTYPE html PUBLIC "-//W3C//DTD XHTML 1.0 Transitional//EN"
    "http://www.w3.org/TR/xhtml1/DTD/xhtml1-transitional.dtd">
<html xmlns="http://www.w3.org/1999/xhtml" xml:lang="en" lang="en">
 <head>
  <title>
</title>
<meta http-equiv="Content-Type" content="text/html;charset=utf-8" />
  <meta name='ocr-system' content='tesseract 3.04.00' />
  <meta name='ocr-capabilities' content='ocr_page ocr_carea ocr_par ocr_line ocrx_word'/>
</head>
<body>
  <div class='ocr_page' id='page_1' title='image "./operaomnia01apuluoft/operaomnia01apuluoft_0578.png"; bbox 0 0 2221 3667; ppageno 0'>
   <div class='ocr_carea' id='block_1_1' title="bbox 317 158 401 201">
    <p class='ocr_par' dir='ltr' id='par_1_1' title="bbox 317 158 401 201">
     <span class='ocr_line' id='line_1_1' title="bbox 317 158 401 201; baseline 0.012 -1"><span class='ocrx_word' id='word_1_1' title='bbox 317 158 401 201; x_wconf 85' lang='grc'>404</span> 
     </span>
    </p>
   </div>
   <div class='ocr_carea' id='block_1_2' title="bbox 575 154 1876 200">
    <p class='ocr_par' dir='ltr' id='par_1_2' title="bbox 575 154 1876 200">
     <span class='ocr_line' id='line_1_2' title="bbox 575 154 1876 200; baseline -0.003 -1"><span class='ocrx_word' id='word_1_2' title='bbox 575 158 623 199; x_wconf 89' lang='lat' dir='ltr'>L.</span> <span class='ocrx_word' id='word_1_3' title='bbox 652 158 872 200; x_wconf 86' lang='lat' dir='ltr'>APULEII</span> <span class='ocrx_word' id='word_1_4' title='bbox 901 156 1304 199; x_wconf 80' lang='lat' dir='ltr'>MADAURENSIS</span> <span class='ocrx_word' id='word_1_5' title='bbox 1333 154 1876 198; x_wconf 79' lang='lat' dir='ltr'><strong>METAMORPHOSEON</strong></span> 
     </span>
    </p>
   </div>
   <div class='ocr_carea' id='block_1_3' title="bbox 317 266 2115 381">
    <p class='ocr_par' dir='ltr' id='par_1_3' title="bbox 317 266 2115 381">
     <span class='ocr_line' id='line_1_3' title="bbox 318 266 2113 326; baseline -0.002 -17"><span class='ocrx_word' id='word_1_6' title='bbox 318 283 390 309; x_wconf 86' lang='lat' dir='ltr'>nec</span> <span class='ocrx_word' id='word_1_7' title='bbox 414 269 531 310; x_wconf 81' lang='lat' dir='ltr'>ullam</span> <span class='ocrx_word' id='word_1_8' title='bbox 557 269 621 311; x_wconf 88' lang='lat' dir='ltr'>vel</span> <span class='ocrx_word' id='word_1_9' title='bbox 646 271 799 312; x_wconf 89' lang='lat' dir='ltr'>dubiam</span> <span class='ocrx_word' id='word_1_10' title='bbox 826 272 907 326; x_wconf 89' lang='lat' dir='ltr'>spei</span> <span class='ocrx_word' id='word_1_11' title='bbox 934 269 1105 311; x_wconf 82' lang='lat' dir='ltr'>melioris</span> <span class='ocrx_word' id='word_1_12' title='bbox 1125 269 1229 309; x_wconf 77' lang='lat' dir='ltr'>viam</span> <span class='ocrx_word' id='word_1_13' title='bbox 1249 268 1386 309; x_wconf 74' lang='lat' dir='ltr'>volens</span> <span class='ocrx_word' id='word_1_14' title='bbox 1412 269 1607 320; x_wconf 82' lang='lat' dir='ltr'>omittere,</span> <span class='ocrx_word' id='word_1_15' title='bbox 1630 268 1697 309; x_wconf 85' lang='lat' dir='ltr'>scd</span> <span class='ocrx_word' id='word_1_16' title='bbox 1716 268 1825 308; x_wconf 79' lang='lat' dir='ltr'>adire</span> <span class='ocrx_word' id='word_1_17' title='bbox 1850 266 2113 319; x_wconf 86' lang='lat' dir='ltr'>cuiuscunque</span> 
     </span>
     <span class='ocr_line' id='line_1_4' title="bbox 317 322 2115 381; baseline -0.002 -16"><span class='ocrx_word' id='word_1_18' title='bbox 317 326 378 365; x_wconf 88' lang='lat' dir='ltr'>dei</span> <span class='ocrx_word' id='word_1_19' title='bbox 419 326 597 378; x_wconf 80' lang='lat' dir='ltr'>veniam,</span> <span class='ocrx_word' id='word_1_20' title='bbox 631 329 799 369; x_wconf 72' lang='lat' dir='ltr'>sacratis</span> <span class='ocrx_word' id='word_1_21' title='bbox 827 328 976 368; x_wconf 87' lang='lat' dir='ltr'>foribus</span> <span class='ocrx_word' id='word_1_22' title='bbox 1003 325 1216 380; x_wconf 77' lang='lat' dir='ltr'>proximat-</span> <span class='ocrx_word' id='word_1_23' title='bbox 1267 325 1388 366; x_wconf 82' lang='lat' dir='ltr'>Videt</span> <span class='ocrx_word' id='word_1_24' title='bbox 1418 326 1519 366; x_wconf 87' lang='lat' dir='ltr'>dona</span> <span class='ocrx_word' id='word_1_25' title='bbox 1544 326 1738 381; x_wconf 81' lang='lat' dir='ltr'>pretiosa,</span> <span class='ocrx_word' id='word_1_26' title='bbox 1767 331 1805 365; x_wconf 82' lang='lat' dir='ltr'>et</span> <span class='ocrx_word' id='word_1_27' title='bbox 1828 322 1992 364; x_wconf 78' lang='lat' dir='ltr'>lacinias</span> <span class='ocrx_word' id='word_1_28' title='bbox 2017 335 2115 363; x_wconf 82' lang='lat' dir='ltr'>auro</span> 
     </span>
    </p>
   </div>
   <div class='ocr_carea' id='block_1_4' title="bbox 320 441 895 474">
    <p class='ocr_par' dir='ltr' id='par_1_4' title="bbox 320 441 895 474">
     <span class='ocr_line' id='line_1_5' title="bbox 320 441 895 474; baseline 0.005 -5"><span class='ocrx_word' id='word_1_29' title='bbox 320 442 495 471; x_wconf 74' lang='lat' dir='ltr'><em>obmittere</em></span> <span class='ocrx_word' id='word_1_30' title='bbox 510 445 544 474; x_wconf 87' lang='lat' dir='ltr'>P.</span> <span class='ocrx_word' id='word_1_31' title='bbox 560 441 588 474; x_wconf 78' lang='grc' dir='ltr'><strong>ὃ.</strong></span> <span class='ocrx_word' id='word_1_32' title='bbox 615 444 793 473; x_wconf 75' lang='lat' dir='ltr'>obmictere</span> <span class='ocrx_word' id='word_1_33' title='bbox 808 447 843 473; x_wconf 89' lang='lat' dir='ltr'>G.</span> <span class='ocrx_word' id='word_1_34' title='bbox 857 446 895 472; x_wconf 91' lang='lat' dir='ltr'>D.</span> 
     </span>
    </p>
   </div>
   <div class='ocr_carea' id='block_1_5' title="bbox 945 438 2118 481">
    <p class='ocr_par' dir='ltr' id='par_1_5' title="bbox 945 438 2118 481">
     <span class='ocr_line' id='line_1_6' title="bbox 945 438 2118 481; baseline 0 -11"><span class='ocrx_word' id='word_1_35' title='bbox 945 442 1104 479; x_wconf 73' lang='lat' dir='ltr'>cuiusque</span> <span class='ocrx_word' id='word_1_36' title='bbox 1120 450 1148 476; x_wconf 80' lang='lat' dir='ltr'>p.</span> <span class='ocrx_word' id='word_1_37' title='bbox 1188 441 1325 481; x_wconf 73' lang='lat' dir='ltr'>solibus</span> <span class='ocrx_word' id='word_1_38' title='bbox 1338 444 1421 471; x_wconf 83' lang='lat' dir='ltr'>Elm.</span> <span class='ocrx_word' id='word_1_39' title='bbox 1436 443 1511 471; x_wconf 84' lang='lat' dir='ltr'>edit.</span> <span class='ocrx_word' id='word_1_40' title='bbox 1526 451 1630 472; x_wconf 85' lang='lat' dir='ltr'>errore</span> <span class='ocrx_word' id='word_1_41' title='bbox 1644 441 1886 478; x_wconf 75' lang='lat' dir='ltr'>typographico.</span> <span class='ocrx_word' id='word_1_42' title='bbox 1934 438 2023 467; x_wconf 80' lang='lat' dir='ltr'>dmm</span> <span class='ocrx_word' id='word_1_43' title='bbox 2037 445 2118 476; x_wconf 77' lang='lat' dir='ltr'>pre-</span> 
     </span>
    </p>
   </div>
   <div class='ocr_carea' id='block_1_6' title="bbox 319 486 2121 614">
    <p class='ocr_par' dir='ltr' id='par_1_6' title="bbox 319 486 2121 614">
     <span class='ocr_line' id='line_1_7' title="bbox 321 486 2121 525; baseline 0 -11"><span class='ocrx_word' id='word_1_44' title='bbox 321 488 410 516; x_wconf 75' lang='lat' dir='ltr'>tiosa</span> <span class='ocrx_word' id='word_1_45' title='bbox 425 488 445 518; x_wconf 83' lang='lat' dir='ltr'>s.</span> <span class='ocrx_word' id='word_1_46' title='bbox 460 499 491 523; x_wconf 81' lang='grc' dir='ltr'><strong>φ.</strong></span> <span class='ocrx_word' id='word_1_47' title='bbox 505 490 541 518; x_wconf 86' lang='lat' dir='ltr'>F.</span> <span class='ocrx_word' id='word_1_48' title='bbox 560 492 586 518; x_wconf 87' lang='lat'>1.</span> <span class='ocrx_word' id='word_1_49' title='bbox 601 488 701 525; x_wconf 75' lang='lat' dir='ltr'>(teste</span> <span class='ocrx_word' id='word_1_50' title='bbox 713 492 860 520; x_wconf 73' lang='lat' dir='ltr'>Elmenh.</span> <span class='ocrx_word' id='word_1_51' title='bbox 873 489 930 516; x_wconf 82' lang='lat' dir='ltr'>sed</span> <span class='ocrx_word' id='word_1_52' title='bbox 945 496 1008 516; x_wconf 91' lang='lat' dir='ltr'>non</span> <span class='ocrx_word' id='word_1_53' title='bbox 1022 495 1143 516; x_wconf 76' lang='lat' dir='ltr'>verum.</span> <span class='ocrx_word' id='word_1_54' title='bbox 1169 489 1248 516; x_wconf 77' lang='lat' dir='ltr'>Nam</span> <span class='ocrx_word' id='word_1_55' title='bbox 1263 488 1378 517; x_wconf 90' lang='lat' dir='ltr'>mirum</span> <span class='ocrx_word' id='word_1_56' title='bbox 1392 492 1451 524; x_wconf 79' lang='lat' dir='ltr'>est,</span> <span class='ocrx_word' id='word_1_57' title='bbox 1466 495 1562 521; x_wconf 77' lang='lat' dir='ltr'>quum</span> <span class='ocrx_word' id='word_1_58' title='bbox 1576 489 1609 516; x_wconf 95' lang='lat' dir='ltr'>in</span> <span class='ocrx_word' id='word_1_59' title='bbox 1622 491 1773 516; x_wconf 75' lang='lat' dir='ltr'>contextu</span> <span class='ocrx_word' id='word_1_60' title='bbox 1788 487 1938 515; x_wconf 75' lang='lat' dir='ltr'>ed.vu1c.</span> <span class='ocrx_word' id='word_1_61' title='bbox 1949 487 1977 513; x_wconf 85' lang='lat'>2.</span> <span class='ocrx_word' id='word_1_62' title='bbox 1993 486 2121 520; x_wconf 74' lang='lat' dir='ltr'>legatur</span> 
     </span>
     <span class='ocr_line' id='line_1_8' title="bbox 319 528 2119 571; baseline -0.002 -11"><span class='ocrx_word' id='word_1_63' title='bbox 319 534 488 571; x_wconf 71' lang='lat' dir='ltr'>speciosa,</span> <span class='ocrx_word' id='word_1_64' title='bbox 515 535 598 563; x_wconf 81' lang='lat' dir='ltr'>idem</span> <span class='ocrx_word' id='word_1_65' title='bbox 613 543 633 564; x_wconf 88' lang='lat' dir='ltr'>a</span> <span class='ocrx_word' id='word_1_66' title='bbox 645 536 859 568; x_wconf 72' lang='lat' dir='ltr'>Lindenbrog.</span> <span class='ocrx_word' id='word_1_67' title='bbox 879 534 984 560; x_wconf 84' lang='lat' dir='ltr'>denuo</span> <span class='ocrx_word' id='word_1_68' title='bbox 1004 533 1038 561; x_wconf 89' lang='lat' dir='ltr'>in</span> <span class='ocrx_word' id='word_1_69' title='bbox 1056 539 1157 567; x_wconf 74' lang='lat' dir='ltr'>marg.</span> <span class='ocrx_word' id='word_1_70' title='bbox 1172 541 1189 561; x_wconf 88' lang='lat' dir='ltr'>e</span> <span class='ocrx_word' id='word_1_71' title='bbox 1203 533 1270 562; x_wconf 88' lang='lat' dir='ltr'>cod.</span> <span class='ocrx_word' id='word_1_72' title='bbox 1286 534 1321 562; x_wconf 87' lang='lat' dir='ltr'>F.</span> <span class='ocrx_word' id='word_1_73' title='bbox 1338 534 1366 561; x_wconf 87' lang='grc'><strong>1.</strong></span> <span class='ocrx_word' id='word_1_74' title='bbox 1382 536 1543 562; x_wconf 70' lang='lat' dir='ltr'>enotatum</span> <span class='ocrx_word' id='word_1_75' title='bbox 1558 541 1640 561; x_wconf 80' lang='lat' dir='ltr'>esse.</span> <span class='ocrx_word' id='word_1_76' title='bbox 1665 533 1757 561; x_wconf 87' lang='lat' dir='ltr'>Unde</span> <span class='ocrx_word' id='word_1_77' title='bbox 1771 535 1861 566; x_wconf 73' lang='lat' dir='ltr'>puio,</span> <span class='ocrx_word' id='word_1_78' title='bbox 1890 530 2055 559; x_wconf 83' lang='lat' dir='ltr'>scribendi</span> <span class='ocrx_word' id='word_1_79' title='bbox 2069 528 2119 557; x_wconf 77' lang='lat' dir='ltr'>{e-</span> 
     </span>
     <span class='ocr_line' id='line_1_9' title="bbox 319 574 2120 614; baseline -0.002 -8"><span class='ocrx_word' id='word_1_80' title='bbox 319 579 495 608; x_wconf 71' lang='lat' dir='ltr'>minatione</span> <span class='ocrx_word' id='word_1_81' title='bbox 509 588 581 609; x_wconf 87' lang='lat' dir='ltr'>eum</span> <span class='ocrx_word' id='word_1_82' title='bbox 595 589 668 609; x_wconf 79' lang='lat' dir='ltr'>esse</span> <span class='ocrx_word' id='word_1_83' title='bbox 683 583 827 614; x_wconf 78' lang='lat' dir='ltr'>lapsum3</span> <span class='ocrx_word' id='word_1_84' title='bbox 853 577 1074 613; x_wconf 73' lang='lat' dir='ltr'>quipretfosa</span> <span class='ocrx_word' id='word_1_85' title='bbox 1087 578 1229 606; x_wconf 83' lang='lat' dir='ltr'>scribere</span> <span class='ocrx_word' id='word_1_86' title='bbox 1245 577 1378 613; x_wconf 79' lang='lat' dir='ltr'>voluit.)</span> <span class='ocrx_word' id='word_1_87' title='bbox 1403 579 1578 607; x_wconf 78' lang='lat' dir='ltr'>Praeterea</span> <span class='ocrx_word' id='word_1_88' title='bbox 1587 577 1744 614; x_wconf 68' lang='lat' dir='ltr'>pretiosa</span> <span class='ocrx_word' id='word_1_89' title='bbox 1757 577 1876 612; x_wconf 75' lang='lat' dir='ltr'>legitur</span> <span class='ocrx_word' id='word_1_90' title='bbox 1889 576 1921 604; x_wconf 92' lang='lat' dir='ltr'>in</span> <span class='ocrx_word' id='word_1_91' title='bbox 1935 576 1970 604; x_wconf 83' lang='lat' dir='ltr'>F.</span> <span class='ocrx_word' id='word_1_92' title='bbox 1985 576 2016 604; x_wconf 83' lang='lat'>3.</span> <span class='ocrx_word' id='word_1_93' title='bbox 2032 576 2067 603; x_wconf 89' lang='lat' dir='ltr'>G.</span> <span class='ocrx_word' id='word_1_94' title='bbox 2083 574 2120 603; x_wconf 89' lang='lat' dir='ltr'>P.</span> 
     </span>
    </p>
   </div>
   <div class='ocr_carea' id='block_1_7' title="bbox 319 622 1039 659">
    <p class='ocr_par' dir='ltr' id='par_1_7' title="bbox 319 622 1039 659">
     <span class='ocr_line' id='line_1_10' title="bbox 319 622 1039 659; baseline -0.004 -7"><span class='ocrx_word' id='word_1_95' title='bbox 319 622 359 652; x_wconf 87' lang='lat' dir='ltr'>D.</span> <span class='ocrx_word' id='word_1_96' title='bbox 374 625 407 653; x_wconf 95' lang='grc' dir='ltr'><strong>Ο.</strong></span> <span class='ocrx_word' id='word_1_97' title='bbox 422 633 452 659; x_wconf 78' lang='lat' dir='ltr'>p.</span> <span class='ocrx_word' id='word_1_98' title='bbox 477 626 512 654; x_wconf 86' lang='lat' dir='ltr'>In</span> <span class='ocrx_word' id='word_1_99' title='bbox 526 629 598 654; x_wconf 77' lang='lat' dir='ltr'>cett.</span> <span class='ocrx_word' id='word_1_100' title='bbox 613 626 761 654; x_wconf 79' lang='lat' dir='ltr'>omnihus</span> <span class='ocrx_word' id='word_1_101' title='bbox 775 627 862 651; x_wconf 76' lang='lat' dir='ltr'>extat</span> <span class='ocrx_word' id='word_1_102' title='bbox 876 623 1039 658; x_wconf 75' lang='lat' dir='ltr'>speciosa.</span> 
     </span>
    </p>
   </div>
   <div class='ocr_carea' id='block_1_8' title="bbox 318 721 1210 2583">
    <p class='ocr_par' dir='ltr' id='par_1_8' title="bbox 318 721 1200 1452">
     <span class='ocr_line' id='line_1_11' title="bbox 322 721 1193 774; baseline -0.006 -10"><span class='ocrx_word' id='word_1_103' title='bbox 322 727 444 768; x_wconf 79' lang='lat' dir='ltr'>ctum,</span> <span class='ocrx_word' id='word_1_104' title='bbox 471 737 572 774; x_wconf 90' lang='lat' dir='ltr'>quae</span> <span class='ocrx_word' id='word_1_105' title='bbox 597 736 731 762; x_wconf 84' lang='lat' dir='ltr'>ansam</span> <span class='ocrx_word' id='word_1_106' title='bbox 758 721 935 760; x_wconf 89' lang='lat' dir='ltr'>omnibus</span> <span class='ocrx_word' id='word_1_107' title='bbox 962 722 1193 772; x_wconf 79' lang='lat' dir='ltr'>corruptelis</span> 
     </span>
     <span class='ocr_line' id='line_1_12' title="bbox 321 778 1192 831; baseline -0.002 -13"><span class='ocrx_word' id='word_1_108' title='bbox 321 780 517 831; x_wconf 86' lang='lat' dir='ltr'>praebuit,</span> <span class='ocrx_word' id='word_1_109' title='bbox 550 781 583 817; x_wconf 91' lang='lat' dir='ltr'>in</span> <span class='ocrx_word' id='word_1_110' title='bbox 616 778 746 816; x_wconf 89' lang='lat' dir='ltr'>multis</span> <span class='ocrx_word' id='word_1_111' title='bbox 780 778 1015 816; x_wconf 80' lang='lat' dir='ltr'>editionibus</span> <span class='ocrx_word' id='word_1_112' title='bbox 1053 779 1192 817; x_wconf 82' lang='lat' dir='ltr'>obviis.</span> 
     </span>
     <span class='ocr_line' id='line_1_13' title="bbox 322 833 1194 885; baseline -0.003 -10"><span class='ocrx_word' id='word_1_113' title='bbox 322 835 500 875; x_wconf 64' lang='grc' dir='ltr'>Γαίῃ-ἶσα</span> <span class='ocrx_word' id='word_1_114' title='bbox 526 834 714 873; x_wconf 79' lang='lat' dir='ltr'>vocabulo</span> <span class='ocrx_word' id='word_1_115' title='bbox 741 847 863 884; x_wconf 82' lang='lat' dir='ltr'>saepe</span> <span class='ocrx_word' id='word_1_116' title='bbox 888 848 985 873; x_wconf 85' lang='lat' dir='ltr'>usus</span> <span class='ocrx_word' id='word_1_117' title='bbox 1012 838 1074 872; x_wconf 90' lang='lat' dir='ltr'>est</span> <span class='ocrx_word' id='word_1_118' title='bbox 1086 833 1194 885; x_wconf 88' lang='lat' dir='ltr'>Apu-</span> 
     </span>
     <span class='ocr_line' id='line_1_14' title="bbox 322 890 1194 943; baseline -0.001 -13"><span class='ocrx_word' id='word_1_119' title='bbox 322 891 421 930; x_wconf 87' lang='lat' dir='ltr'>leius</span> <span class='ocrx_word' id='word_1_120' title='bbox 447 892 494 930; x_wconf 70' lang='grc' dir='ltr'><strong>Υ.</strong></span> <span class='ocrx_word' id='word_1_121' title='bbox 515 905 552 942; x_wconf 88' lang='lat' dir='ltr'>p.</span> <span class='ocrx_word' id='word_1_122' title='bbox 575 895 667 931; x_wconf 91' lang='lat'>322.</span> <span class='ocrx_word' id='word_1_123' title='bbox 693 891 852 930; x_wconf 78' lang='lat' dir='ltr'>sublimi</span> <span class='ocrx_word' id='word_1_124' title='bbox 874 890 1078 941; x_wconf 81' lang='lat' dir='ltr'>fabrica</span> <span class='ocrx_word' id='word_1_125' title='bbox 1103 905 1194 943; x_wconf 81' lang='lat' dir='ltr'>per-</span> 
     </span>
     <span class='ocr_line' id='line_1_15' title="bbox 319 947 1195 1001; baseline 0 -14"><span class='ocrx_word' id='word_1_126' title='bbox 319 952 431 1001; x_wconf 80' lang='lat' dir='ltr'>fecta</span> <span class='ocrx_word' id='word_1_127' title='bbox 456 947 521 985; x_wconf 73' lang='lat' dir='ltr'>w.</span> <span class='ocrx_word' id='word_1_128' title='bbox 548 950 692 998; x_wconf 86' lang='lat' dir='ltr'>p.392.</span> <span class='ocrx_word' id='word_1_129' title='bbox 719 947 858 987; x_wconf 73' lang='lat' dir='ltr'>subtili</span> <span class='ocrx_word' id='word_1_130' title='bbox 879 947 1086 1000; x_wconf 73' lang='lat' dir='ltr'>fabrica</span> <span class='ocrx_word' id='word_1_131' title='bbox 1118 953 1195 987; x_wconf 72' lang='lat' dir='ltr'>stu-</span> 
     </span>
     <span class='ocr_line' id='line_1_16' title="bbox 324 1002 1196 1056; baseline -0.002 -13"><span class='ocrx_word' id='word_1_132' title='bbox 324 1006 435 1043; x_wconf 80' lang='lat' dir='ltr'>diose</span> <span class='ocrx_word' id='word_1_133' title='bbox 459 1004 750 1056; x_wconf 71' lang='lat' dir='ltr'>perpol1&#39;verat.</span> <span class='ocrx_word' id='word_1_134' title='bbox 775 1002 826 1042; x_wconf 94' lang='lat' dir='ltr'>X.</span> <span class='ocrx_word' id='word_1_135' title='bbox 853 1018 890 1056; x_wconf 89' lang='lat' dir='ltr'>p.</span> <span class='ocrx_word' id='word_1_136' title='bbox 918 1008 1010 1044; x_wconf 88' lang='lat'>736.</span> <span class='ocrx_word' id='word_1_137' title='bbox 1036 1004 1196 1044; x_wconf 78' lang='lat' dir='ltr'>sublimi</span> 
     </span>
     <span class='ocr_line' id='line_1_17' title="bbox 318 1060 1197 1112; baseline -0.001 -13"><span class='ocrx_word' id='word_1_138' title='bbox 318 1061 524 1112; x_wconf 80' lang='lat' dir='ltr'>fabrica</span> <span class='ocrx_word' id='word_1_139' title='bbox 549 1061 791 1106; x_wconf 72' lang='lat' dir='ltr'>instructas,</span> <span class='ocrx_word' id='word_1_140' title='bbox 817 1061 881 1099; x_wconf 87' lang='lat' dir='ltr'>ubi</span> <span class='ocrx_word' id='word_1_141' title='bbox 907 1060 1002 1099; x_wconf 88' lang='lat' dir='ltr'>Bas.</span> <span class='ocrx_word' id='word_1_142' title='bbox 1022 1065 1054 1100; x_wconf 88' lang='lat'>1.</span> <span class='ocrx_word' id='word_1_143' title='bbox 1075 1062 1197 1100; x_wconf 79' lang='lat' dir='ltr'>variat</span> 
     </span>
     <span class='ocr_line' id='line_1_18' title="bbox 322 1116 1194 1169; baseline 0.003 -15"><span class='ocrx_word' id='word_1_144' title='bbox 322 1118 356 1154; x_wconf 91' lang='lat' dir='ltr'>in</span> <span class='ocrx_word' id='word_1_145' title='bbox 380 1116 544 1168; x_wconf 78' lang='lat' dir='ltr'>fabula.</span> <span class='ocrx_word' id='word_1_146' title='bbox 593 1116 712 1168; x_wconf 88' lang='lat' dir='ltr'>Apol.</span> <span class='ocrx_word' id='word_1_147' title='bbox 745 1131 782 1169; x_wconf 90' lang='lat' dir='ltr'>p.</span> <span class='ocrx_word' id='word_1_148' title='bbox 810 1121 903 1158; x_wconf 83' lang='lat'>530.</span> <span class='ocrx_word' id='word_1_149' title='bbox 931 1118 1095 1157; x_wconf 76' lang='lat' dir='ltr'>occulta</span> <span class='ocrx_word' id='word_1_150' title='bbox 1117 1120 1194 1169; x_wconf 85' lang='lat' dir='ltr'>fa-</span> 
     </span>
     <span class='ocr_line' id='line_1_19' title="bbox 324 1172 1196 1225; baseline 0.001 -14"><span class='ocrx_word' id='word_1_151' title='bbox 324 1173 471 1212; x_wconf 81' lang='lat' dir='ltr'>brica.</span> <span class='ocrx_word' id='word_1_152' title='bbox 523 1172 582 1225; x_wconf 90' lang='lat' dir='ltr'>[In</span> <span class='ocrx_word' id='word_1_153' title='bbox 616 1187 663 1212; x_wconf 88' lang='lat' dir='ltr'>eo</span> <span class='ocrx_word' id='word_1_154' title='bbox 693 1176 820 1211; x_wconf 89' lang='lat' dir='ltr'>tamen</span> <span class='ocrx_word' id='word_1_155' title='bbox 848 1187 1020 1213; x_wconf 86' lang='lat' dir='ltr'>novasse</span> <span class='ocrx_word' id='word_1_156' title='bbox 1044 1173 1196 1212; x_wconf 83' lang='lat' dir='ltr'>videtur</span> 
     </span>
     <span class='ocr_line' id='line_1_20' title="bbox 322 1228 1196 1282; baseline 0.001 -14"><span class='ocrx_word' id='word_1_157' title='bbox 322 1228 516 1280; x_wconf 86' lang='lat' dir='ltr'>Apuleius</span> <span class='ocrx_word' id='word_1_158' title='bbox 552 1231 662 1268; x_wconf 77' lang='lat' dir='ltr'>vocis</span> <span class='ocrx_word' id='word_1_159' title='bbox 704 1230 1043 1282; x_wconf 78' lang='lat' dir='ltr'>significationem,</span> <span class='ocrx_word' id='word_1_160' title='bbox 1091 1231 1196 1281; x_wconf 86' lang='lat' dir='ltr'>quod</span> 
     </span>
     <span class='ocr_line' id='line_1_21' title="bbox 319 1286 1200 1340; baseline 0 -15"><span class='ocrx_word' id='word_1_161' title='bbox 319 1286 570 1338; x_wconf 62' lang='lat' dir='ltr'>fabrifcatiO.</span> <span class='ocrx_word' id='word_1_162' title='bbox 596 1291 710 1326; x_wconf 76' lang='lat' dir='ltr'>actus</span> <span class='ocrx_word' id='word_1_163' title='bbox 732 1287 982 1340; x_wconf 77' lang='lat' dir='ltr'>fabricandi</span> <span class='ocrx_word' id='word_1_164' title='bbox 994 1287 1098 1340; x_wconf 83' lang='lat' dir='ltr'>apud</span> <span class='ocrx_word' id='word_1_165' title='bbox 1112 1301 1200 1325; x_wconf 90' lang='lat' dir='ltr'>eum</span> 
     </span>
     <span class='ocr_line' id='line_1_22' title="bbox 323 1343 1198 1393; baseline 0.002 -13"><span class='ocrx_word' id='word_1_166' title='bbox 323 1343 484 1393; x_wconf 85' lang='lat' dir='ltr'>saepius</span> <span class='ocrx_word' id='word_1_167' title='bbox 510 1347 584 1381; x_wconf 86' lang='lat' dir='ltr'>est.</span> <span class='ocrx_word' id='word_1_168' title='bbox 610 1343 673 1381; x_wconf 88' lang='lat' dir='ltr'>De</span> <span class='ocrx_word' id='word_1_169' title='bbox 700 1357 796 1382; x_wconf 86' lang='lat' dir='ltr'>voce</span> <span class='ocrx_word' id='word_1_170' title='bbox 822 1343 868 1382; x_wconf 85' lang='lat' dir='ltr'>cf.</span> <span class='ocrx_word' id='word_1_171' title='bbox 895 1344 999 1382; x_wconf 78' lang='lat' dir='ltr'>Duk.</span> <span class='ocrx_word' id='word_1_172' title='bbox 1034 1344 1084 1382; x_wconf 83' lang='lat' dir='ltr'>de</span> <span class='ocrx_word' id='word_1_173' title='bbox 1109 1344 1198 1382; x_wconf 82' lang='lat' dir='ltr'>Lat.</span> 
     </span>
     <span class='ocr_line' id='line_1_23' title="bbox 323 1397 750 1452; baseline 0.005 -16"><span class='ocrx_word' id='word_1_174' title='bbox 323 1397 421 1437; x_wconf 91' lang='lat' dir='ltr'>ICT.</span> <span class='ocrx_word' id='word_1_175' title='bbox 448 1412 484 1450; x_wconf 91' lang='lat' dir='ltr'>p.</span> <span class='ocrx_word' id='word_1_176' title='bbox 513 1403 606 1440; x_wconf 85' lang='lat'>365.</span> <span class='ocrx_word' id='word_1_177' title='bbox 631 1399 750 1452; x_wconf 88' lang='lat'>399.]</span> 
     </span>
    </p>

    <p class='ocr_par' dir='ltr' id='par_1_9' title="bbox 326 1456 1210 2583">
     <span class='ocr_line' id='line_1_24' title="bbox 405 1456 1197 1509; baseline 0 -15"><span class='ocrx_word' id='word_1_178' title='bbox 405 1456 524 1495; x_wconf 80' lang='lat' dir='ltr'>adire</span> <span class='ocrx_word' id='word_1_179' title='bbox 580 1457 858 1509; x_wconf 75' lang='lat' dir='ltr'>cuiuscunque</span> <span class='ocrx_word' id='word_1_180' title='bbox 914 1458 982 1496; x_wconf 71' lang='lat' dir='ltr'>dec</span> <span class='ocrx_word' id='word_1_181' title='bbox 1033 1458 1197 1496; x_wconf 70' lang='lat' dir='ltr'>veniam.</span> 
     </span>
     <span class='ocr_line' id='line_1_25' title="bbox 326 1511 1200 1565; baseline 0.001 -15"><span class='ocrx_word' id='word_1_182' title='bbox 326 1511 454 1559; x_wconf 86' lang='lat' dir='ltr'>Quum</span> <span class='ocrx_word' id='word_1_183' title='bbox 481 1513 599 1551; x_wconf 80' lang='lat' dir='ltr'>adire</span> <span class='ocrx_word' id='word_1_184' title='bbox 625 1513 742 1557; x_wconf 80' lang='lat' dir='ltr'>deos,</span> <span class='ocrx_word' id='word_1_185' title='bbox 776 1515 928 1565; x_wconf 75' lang='lat' dir='ltr'>templa</span> <span class='ocrx_word' id='word_1_186' title='bbox 958 1527 1116 1565; x_wconf 77' lang='lat' dir='ltr'><strong>semper</strong></span> <span class='ocrx_word' id='word_1_187' title='bbox 1147 1514 1200 1551; x_wconf 92' lang='lat' dir='ltr'>di-</span> 
     </span>
     <span class='ocr_line' id='line_1_26' title="bbox 326 1569 1201 1621; baseline -0.001 -13"><span class='ocrx_word' id='word_1_188' title='bbox 326 1573 444 1614; x_wconf 87' lang='lat' dir='ltr'>catur,</span> <span class='ocrx_word' id='word_1_189' title='bbox 471 1583 538 1621; x_wconf 87' lang='lat' dir='ltr'>pro</span> <span class='ocrx_word' id='word_1_190' title='bbox 564 1570 617 1607; x_wconf 87' lang='lat' dir='ltr'>ire</span> <span class='ocrx_word' id='word_1_191' title='bbox 642 1569 692 1607; x_wconf 87' lang='lat' dir='ltr'>ad</span> <span class='ocrx_word' id='word_1_192' title='bbox 718 1570 816 1608; x_wconf 90' lang='lat' dir='ltr'>deos</span> <span class='ocrx_word' id='word_1_193' title='bbox 836 1574 1034 1621; x_wconf 82' lang='lat' dir='ltr'>precatum</span> <span class='ocrx_word' id='word_1_194' title='bbox 1049 1583 1201 1621; x_wconf 87' lang='lat' dir='ltr'>eosque</span> 
     </span>
     <span class='ocr_line' id='line_1_27' title="bbox 326 1626 1200 1673; baseline 0 -9"><span class='ocrx_word' id='word_1_195' title='bbox 326 1629 365 1664; x_wconf 90' lang='lat' dir='ltr'>et</span> <span class='ocrx_word' id='word_1_196' title='bbox 390 1639 521 1663; x_wconf 84' lang='lat' dir='ltr'>eorum</span> <span class='ocrx_word' id='word_1_197' title='bbox 546 1626 700 1664; x_wconf 74' lang='lat' dir='ltr'>veniam</span> <span class='ocrx_word' id='word_1_198' title='bbox 727 1627 888 1673; x_wconf 75' lang='lat' dir='ltr'>ambire,</span> <span class='ocrx_word' id='word_1_199' title='bbox 921 1626 969 1665; x_wconf 86' lang='lat' dir='ltr'>cf.</span> <span class='ocrx_word' id='word_1_200' title='bbox 995 1626 1124 1665; x_wconf 88' lang='lat' dir='ltr'>Burm.</span> <span class='ocrx_word' id='word_1_201' title='bbox 1151 1626 1200 1664; x_wconf 83' lang='lat' dir='ltr'>ad</span> 
     </span>
     <span class='ocr_line' id='line_1_28' title="bbox 326 1681 1199 1734; baseline 0.001 -15"><span class='ocrx_word' id='word_1_202' title='bbox 326 1682 433 1733; x_wconf 66' lang='lat' dir='ltr'>Yirg.</span> <span class='ocrx_word' id='word_1_203' title='bbox 449 1683 548 1720; x_wconf 82' lang='lat' dir='ltr'>Aen.</span> <span class='ocrx_word' id='word_1_204' title='bbox 569 1682 635 1721; x_wconf 75' lang='lat' dir='ltr'>IV.</span> <span class='ocrx_word' id='word_1_205' title='bbox 652 1686 716 1724; x_wconf 86' lang='lat'>56.</span> <span class='ocrx_word' id='word_1_206' title='bbox 745 1682 800 1734; x_wconf 90' lang='lat' dir='ltr'>[et</span> <span class='ocrx_word' id='word_1_207' title='bbox 816 1682 899 1722; x_wconf 87' lang='lat' dir='ltr'>Intt.</span> <span class='ocrx_word' id='word_1_208' title='bbox 915 1683 964 1721; x_wconf 86' lang='lat' dir='ltr'>ad</span> <span class='ocrx_word' id='word_1_209' title='bbox 978 1684 1079 1721; x_wconf 86' lang='lat' dir='ltr'>Aen.</span> <span class='ocrx_word' id='word_1_210' title='bbox 1095 1681 1199 1720; x_wconf 72' lang='lat' dir='ltr'>wll.</span> 
     </span>
     <span class='ocr_line' id='line_1_29' title="bbox 328 1739 1200 1792; baseline -0.001 -13"><span class='ocrx_word' id='word_1_211' title='bbox 328 1744 420 1779; x_wconf 80' lang='lat'>544.</span> <span class='ocrx_word' id='word_1_212' title='bbox 471 1739 644 1778; x_wconf 79' lang='lat' dir='ltr'>delubra</span> <span class='ocrx_word' id='word_1_213' title='bbox 670 1739 856 1778; x_wconf 76' lang='lat' dir='ltr'>adeunt</span> <span class='ocrx_word' id='word_1_214' title='bbox 873 1753 1101 1792; x_wconf 73' lang='lat' dir='ltr'>pacemque</span> <span class='ocrx_word' id='word_1_215' title='bbox 1122 1753 1200 1790; x_wconf 79' lang='lat' dir='ltr'>per</span> 
     </span>
     <span class='ocr_line' id='line_1_30' title="bbox 328 1795 1203 1848; baseline -0.001 -14"><span class='ocrx_word' id='word_1_216' title='bbox 328 1810 423 1835; x_wconf 77' lang='lat' dir='ltr'>aras</span> <span class='ocrx_word' id='word_1_217' title='bbox 439 1795 718 1848; x_wconf 69' lang='lat' dir='ltr'>ExquIrnnt,]</span> <span class='ocrx_word' id='word_1_218' title='bbox 746 1796 819 1834; x_wconf 87' lang='lat' dir='ltr'>sed</span> <span class='ocrx_word' id='word_1_219' title='bbox 832 1797 951 1835; x_wconf 79' lang='lat' dir='ltr'>adire</span> <span class='ocrx_word' id='word_1_220' title='bbox 966 1798 1117 1835; x_wconf 76' lang='lat' dir='ltr'>veniam.</span> <span class='ocrx_word' id='word_1_221' title='bbox 1135 1796 1203 1834; x_wconf 75' lang='lat' dir='ltr'>dei</span> 
     </span>
     <span class='ocr_line' id='line_1_31' title="bbox 329 1852 1204 1902; baseline -0.001 -12"><span class='ocrx_word' id='word_1_222' title='bbox 329 1866 377 1891; x_wconf 88' lang='lat' dir='ltr'>ea</span> <span class='ocrx_word' id='word_1_223' title='bbox 389 1852 584 1890; x_wconf 85' lang='lat' dir='ltr'>sententia</span> <span class='ocrx_word' id='word_1_224' title='bbox 603 1865 794 1902; x_wconf 80' lang='lat' dir='ltr'>nusquam</span> <span class='ocrx_word' id='word_1_225' title='bbox 812 1854 847 1890; x_wconf 93' lang='lat' dir='ltr'>in</span> <span class='ocrx_word' id='word_1_226' title='bbox 863 1866 937 1890; x_wconf 92' lang='lat' dir='ltr'>usu</span> <span class='ocrx_word' id='word_1_227' title='bbox 961 1854 1029 1898; x_wconf 87' lang='lat' dir='ltr'>sit,</span> <span class='ocrx_word' id='word_1_228' title='bbox 1055 1852 1204 1890; x_wconf 81' lang='lat' dir='ltr'>dubitat</span> 
     </span>
     <span class='ocr_line' id='line_1_32' title="bbox 329 1908 1203 1960; baseline -0.002 -13"><span class='ocrx_word' id='word_1_229' title='bbox 329 1908 452 1954; x_wconf 85' lang='lat' dir='ltr'>Oud.,</span> <span class='ocrx_word' id='word_1_230' title='bbox 479 1908 638 1947; x_wconf 85' lang='lat' dir='ltr'>latinum</span> <span class='ocrx_word' id='word_1_231' title='bbox 653 1908 690 1946; x_wconf 92' lang='lat' dir='ltr'>id</span> <span class='ocrx_word' id='word_1_232' title='bbox 706 1921 815 1954; x_wconf 85' lang='lat' dir='ltr'>esse,</span> <span class='ocrx_word' id='word_1_233' title='bbox 842 1910 1087 1960; x_wconf 86' lang='lat' dir='ltr'>suspicatus,</span> <span class='ocrx_word' id='word_1_234' title='bbox 1113 1909 1203 1947; x_wconf 86' lang='lat' dir='ltr'>scri·</span> 
     </span>
     <span class='ocr_line' id='line_1_33' title="bbox 329 1964 1205 2016; baseline -0.002 -13"><span class='ocrx_word' id='word_1_235' title='bbox 329 1969 435 2016; x_wconf 90' lang='lat' dir='ltr'>ptum</span> <span class='ocrx_word' id='word_1_236' title='bbox 461 1965 509 2002; x_wconf 89' lang='lat' dir='ltr'>ab</span> <span class='ocrx_word' id='word_1_237' title='bbox 536 1969 692 2003; x_wconf 83' lang='lat' dir='ltr'>auctore</span> <span class='ocrx_word' id='word_1_238' title='bbox 723 1966 906 2004; x_wconf 77' lang='lat' dir='ltr'>adorare</span> <span class='ocrx_word' id='word_1_239' title='bbox 937 1979 1006 2016; x_wconf 88' lang='lat' dir='ltr'>pro</span> <span class='ocrx_word' id='word_1_240' title='bbox 1038 1964 1205 2016; x_wconf 77' lang='lat' dir='ltr'>simplici</span> 
     </span>
     <span class='ocr_line' id='line_1_34' title="bbox 331 2021 1205 2075; baseline 0 -15"><span class='ocrx_word' id='word_1_241' title='bbox 331 2035 451 2060; x_wconf 78' lang='lat' dir='ltr'>orare</span> <span class='ocrx_word' id='word_1_242' title='bbox 475 2022 537 2059; x_wconf 85' lang='lat' dir='ltr'>vel</span> <span class='ocrx_word' id='word_1_243' title='bbox 565 2021 680 2060; x_wconf 84' lang='lat' dir='ltr'>valde</span> <span class='ocrx_word' id='word_1_244' title='bbox 705 2035 816 2059; x_wconf 87' lang='lat' dir='ltr'>orare</span> <span class='ocrx_word' id='word_1_245' title='bbox 844 2021 908 2075; x_wconf 90' lang='lat' dir='ltr'>[cf.</span> <span class='ocrx_word' id='word_1_246' title='bbox 936 2021 1038 2060; x_wconf 85' lang='lat' dir='ltr'>Duk.</span> <span class='ocrx_word' id='word_1_247' title='bbox 1054 2022 1103 2060; x_wconf 90' lang='lat' dir='ltr'>ad</span> <span class='ocrx_word' id='word_1_248' title='bbox 1120 2021 1205 2060; x_wconf 76' lang='lat' dir='ltr'>Liv.</span> 
     </span>
     <span class='ocr_line' id='line_1_35' title="bbox 330 2077 1205 2129; baseline -0.001 -14"><span class='ocrx_word' id='word_1_249' title='bbox 330 2078 398 2116; x_wconf 59' lang='lat' dir='ltr'>Vl.</span> <span class='ocrx_word' id='word_1_250' title='bbox 430 2082 490 2118; x_wconf 89' lang='lat'>12.</span> <span class='ocrx_word' id='word_1_251' title='bbox 517 2078 689 2116; x_wconf 81' lang='lat' dir='ltr'>Broukh.</span> <span class='ocrx_word' id='word_1_252' title='bbox 716 2079 766 2117; x_wconf 77' lang='lat' dir='ltr'>ad</span> <span class='ocrx_word' id='word_1_253' title='bbox 792 2077 953 2129; x_wconf 85' lang='lat' dir='ltr'>P1·0p.l.</span> <span class='ocrx_word' id='word_1_254' title='bbox 976 2083 1012 2118; x_wconf 88' lang='lat'>5.</span> <span class='ocrx_word' id='word_1_255' title='bbox 1029 2083 1095 2119; x_wconf 93' lang='lat'>27.</span> <span class='ocrx_word' id='word_1_256' title='bbox 1122 2077 1205 2115; x_wconf 83' lang='lat' dir='ltr'>Sed</span> 
     </span>
     <span class='ocr_line' id='line_1_36' title="bbox 330 2135 1206 2186; baseline -0.001 -13"><span class='ocrx_word' id='word_1_257' title='bbox 330 2136 403 2173; x_wconf 84' lang='lat' dir='ltr'>nisi</span> <span class='ocrx_word' id='word_1_258' title='bbox 423 2135 579 2186; x_wconf 87' lang='lat' dir='ltr'>Apuleii</span> <span class='ocrx_word' id='word_1_259' title='bbox 602 2136 754 2186; x_wconf 78' lang='lat' dir='ltr'>ingenio</span> <span class='ocrx_word' id='word_1_260' title='bbox 775 2136 941 2173; x_wconf 81' lang='lat' dir='ltr'>tribuere</span> <span class='ocrx_word' id='word_1_261' title='bbox 962 2135 999 2173; x_wconf 89' lang='lat' dir='ltr'>id</span> <span class='ocrx_word' id='word_1_262' title='bbox 1019 2135 1206 2179; x_wconf 79' lang='lat' dir='ltr'>volueris,</span> 
     </span>
     <span class='ocr_line' id='line_1_37' title="bbox 331 2191 1205 2243; baseline -0.001 -14"><span class='ocrx_word' id='word_1_263' title='bbox 331 2191 504 2229; x_wconf 73' lang='lat' dir='ltr'>sortasse</span> <span class='ocrx_word' id='word_1_264' title='bbox 529 2192 577 2230; x_wconf 86' lang='lat' dir='ltr'>ad</span> <span class='ocrx_word' id='word_1_265' title='bbox 592 2191 815 2230; x_wconf 82' lang='lat' dir='ltr'>Lucretium</span> <span class='ocrx_word' id='word_1_266' title='bbox 830 2193 1059 2243; x_wconf 79' lang='lat' dir='ltr'>respexisse</span> <span class='ocrx_word' id='word_1_267' title='bbox 1085 2193 1118 2229; x_wconf 85' lang='lat' dir='ltr'>is</span> <span class='ocrx_word' id='word_1_268' title='bbox 1133 2191 1205 2229; x_wconf 89' lang='lat' dir='ltr'>dici</span> 
     </span>
     <span class='ocr_line' id='line_1_38' title="bbox 331 2247 1208 2299; baseline 0 -13"><span class='ocrx_word' id='word_1_269' title='bbox 331 2252 481 2299; x_wconf 75' lang='lat' dir='ltr'>potest,</span> <span class='ocrx_word' id='word_1_270' title='bbox 507 2249 570 2299; x_wconf 92' lang='lat' dir='ltr'>qui</span> <span class='ocrx_word' id='word_1_271' title='bbox 586 2248 633 2286; x_wconf 71' lang='lat' dir='ltr'>V.</span> <span class='ocrx_word' id='word_1_272' title='bbox 659 2252 776 2288; x_wconf 90' lang='grc'><strong>1228.</strong></span> <span class='ocrx_word' id='word_1_273' title='bbox 798 2247 933 2287; x_wconf 86' lang='lat' dir='ltr'>habet:</span> <span class='ocrx_word' id='word_1_274' title='bbox 960 2248 1058 2287; x_wconf 75' lang='lat' dir='ltr'>Non</span> <span class='ocrx_word' id='word_1_275' title='bbox 1073 2249 1208 2286; x_wconf 69' lang='lat' dir='ltr'>clivom</span> 
     </span>
     <span class='ocr_line' id='line_1_39' title="bbox 328 2304 1209 2356; baseline -0.001 -13"><span class='ocrx_word' id='word_1_276' title='bbox 328 2318 475 2356; x_wconf 79' lang='lat' dir='ltr'>pacem</span> <span class='ocrx_word' id='word_1_277' title='bbox 502 2306 605 2343; x_wconf 70' lang='grc' dir='ltr'>υοίῐε</span> <span class='ocrx_word' id='word_1_278' title='bbox 631 2305 733 2343; x_wconf 77' lang='lat' dir='ltr'>adit.</span> <span class='ocrx_word' id='word_1_279' title='bbox 783 2304 825 2342; x_wconf 92' lang='lat' dir='ltr'>Si</span> <span class='ocrx_word' id='word_1_280' title='bbox 859 2305 950 2356; x_wconf 88' lang='lat' dir='ltr'>quid</span> <span class='ocrx_word' id='word_1_281' title='bbox 982 2304 1209 2343; x_wconf 86' lang='lat' dir='ltr'>mutandum</span> 
     </span>
     <span class='ocr_line' id='line_1_40' title="bbox 333 2361 1210 2413; baseline 0.001 -14"><span class='ocrx_word' id='word_1_282' title='bbox 333 2366 407 2405; x_wconf 81' lang='lat' dir='ltr'>est,</span> <span class='ocrx_word' id='word_1_283' title='bbox 418 2374 490 2411; x_wconf 71' lang='lat' dir='ltr'>ego</span> <span class='ocrx_word' id='word_1_284' title='bbox 506 2361 635 2398; x_wconf 85' lang='lat' dir='ltr'>malim</span> <span class='ocrx_word' id='word_1_285' title='bbox 651 2362 803 2400; x_wconf 71' lang='lat' dir='ltr'>ariibire</span> <span class='ocrx_word' id='word_1_286' title='bbox 816 2362 931 2400; x_wconf 79' lang='lat' dir='ltr'>scribi</span> <span class='ocrx_word' id='word_1_287' title='bbox 947 2362 1210 2413; x_wconf 68' lang='lat' dir='ltr'>cf.Virg.Aen.</span> 
     </span>
     <span class='ocr_line' id='line_1_41' title="bbox 332 2416 1209 2469; baseline 0.001 -15"><span class='ocrx_word' id='word_1_288' title='bbox 332 2416 399 2456; x_wconf 80' lang='lat' dir='ltr'>lv,</span> <span class='ocrx_word' id='word_1_289' title='bbox 427 2422 520 2458; x_wconf 78' lang='grc'><strong>482.</strong></span> <span class='ocrx_word' id='word_1_290' title='bbox 548 2416 680 2456; x_wconf 77' lang='lat' dir='ltr'>Barth.</span> <span class='ocrx_word' id='word_1_291' title='bbox 708 2418 875 2457; x_wconf 83' lang='lat' dir='ltr'>Advers.</span> <span class='ocrx_word' id='word_1_292' title='bbox 901 2416 1014 2457; x_wconf 87' lang='lat' dir='ltr'>XXI.</span> <span class='ocrx_word' id='word_1_293' title='bbox 1043 2423 1078 2458; x_wconf 90' lang='lat'>7.</span> <span class='ocrx_word' id='word_1_294' title='bbox 1105 2419 1209 2469; x_wconf 75' lang='lat' dir='ltr'>cogi-</span> 
     </span>
     <span class='ocr_line' id='line_1_42' title="bbox 333 2473 1210 2527; baseline 0 -15"><span class='ocrx_word' id='word_1_295' title='bbox 333 2474 480 2512; x_wconf 81' lang='lat' dir='ltr'>tatione</span> <span class='ocrx_word' id='word_1_296' title='bbox 499 2473 590 2513; x_wconf 80' lang='lat' dir='ltr'>addi</span> <span class='ocrx_word' id='word_1_297' title='bbox 611 2474 731 2512; x_wconf 79' lang='lat' dir='ltr'>voluit</span> <span class='ocrx_word' id='word_1_298' title='bbox 747 2476 939 2527; x_wconf 77' lang='lat' dir='ltr'>petitum,</span> <span class='ocrx_word' id='word_1_299' title='bbox 966 2488 1041 2526; x_wconf 85' lang='lat' dir='ltr'>qua</span> <span class='ocrx_word' id='word_1_300' title='bbox 1061 2488 1102 2513; x_wconf 90' lang='lat' dir='ltr'>re</span> <span class='ocrx_word' id='word_1_301' title='bbox 1118 2474 1210 2513; x_wconf 90' lang='lat' dir='ltr'>nihil</span> 
     </span>
     <span class='ocr_line' id='line_1_43' title="bbox 332 2530 555 2583; baseline 0.004 -15"><span class='ocrx_word' id='word_1_302' title='bbox 332 2530 555 2583; x_wconf 64' lang='lat' dir='ltr'>proficitur]</span> 
     </span>
    </p>
   </div>
   <div class='ocr_carea' id='block_1_9' title="bbox 334 2598 1218 3216">
    <p class='ocr_par' dir='ltr' id='par_1_10' title="bbox 334 2598 1218 3216">
     <span class='ocr_line' id='line_1_44' title="bbox 392 2598 1211 2639; baseline 0 -2"><span class='ocrx_word' id='word_1_303' title='bbox 392 2598 568 2638; x_wconf 72' lang='lat' dir='ltr'>lacinias</span> <span class='ocrx_word' id='word_1_304' title='bbox 603 2613 708 2638; x_wconf 79' lang='lat' dir='ltr'>auro</span> <span class='ocrx_word' id='word_1_305' title='bbox 746 2599 958 2639; x_wconf 74' lang='lat' dir='ltr'>litteratas.</span> <span class='ocrx_word' id='word_1_306' title='bbox 1018 2598 1121 2639; x_wconf 88' lang='lat' dir='ltr'>Oud.</span> <span class='ocrx_word' id='word_1_307' title='bbox 1160 2599 1211 2637; x_wconf 89' lang='lat' dir='ltr'>de</span> 
     </span>
     <span class='ocr_line' id='line_1_45' title="bbox 334 2654 1211 2708; baseline 0.002 -15"><span class='ocrx_word' id='word_1_308' title='bbox 334 2654 410 2693; x_wconf 87' lang='lat' dir='ltr'>hoc</span> <span class='ocrx_word' id='word_1_309' title='bbox 448 2655 534 2693; x_wconf 91' lang='lat' dir='ltr'>loco</span> <span class='ocrx_word' id='word_1_310' title='bbox 571 2657 767 2694; x_wconf 83' lang='lat' dir='ltr'>sententia</span> <span class='ocrx_word' id='word_1_311' title='bbox 805 2669 852 2693; x_wconf 86' lang='lat' dir='ltr'>ea</span> <span class='ocrx_word' id='word_1_312' title='bbox 888 2660 967 2694; x_wconf 89' lang='lat' dir='ltr'>est:</span> <span class='ocrx_word' id='word_1_313' title='bbox 1001 2655 1211 2708; x_wconf 83' lang='lat' dir='ltr'>Exponunt</span> 
     </span>
     <span class='ocr_line' id='line_1_46' title="bbox 334 2712 1208 2759; baseline 0.002 -10"><span class='ocrx_word' id='word_1_314' title='bbox 334 2716 471 2750; x_wconf 83' lang='lat' dir='ltr'>vestes</span> <span class='ocrx_word' id='word_1_315' title='bbox 486 2715 615 2751; x_wconf 80' lang='lat' dir='ltr'>aureis</span> <span class='ocrx_word' id='word_1_316' title='bbox 632 2712 768 2751; x_wconf 82' lang='lat' dir='ltr'>litteris</span> <span class='ocrx_word' id='word_1_317' title='bbox 784 2713 952 2750; x_wconf 82' lang='lat' dir='ltr'>intextas</span> <span class='ocrx_word' id='word_1_318' title='bbox 963 2712 1023 2750; x_wconf 84' lang='lat' dir='ltr'>vel</span> <span class='ocrx_word' id='word_1_319' title='bbox 1039 2718 1208 2759; x_wconf 82' lang='lat' dir='ltr'>ornatas,</span> 
     </span>
     <span class='ocr_line' id='line_1_47' title="bbox 336 2769 1212 2819; baseline 0.002 -13"><span class='ocrx_word' id='word_1_320' title='bbox 336 2769 386 2806; x_wconf 90' lang='lat' dir='ltr'>de</span> <span class='ocrx_word' id='word_1_321' title='bbox 412 2770 553 2819; x_wconf 88' lang='lat' dir='ltr'>quibus</span> <span class='ocrx_word' id='word_1_322' title='bbox 585 2769 747 2807; x_wconf 81' lang='lat' dir='ltr'>adeatur</span> <span class='ocrx_word' id='word_1_323' title='bbox 772 2769 872 2808; x_wconf 85' lang='lat' dir='ltr'>Dav.</span> <span class='ocrx_word' id='word_1_324' title='bbox 900 2769 1073 2808; x_wconf 83' lang='lat' dir='ltr'>Durandi</span> <span class='ocrx_word' id='word_1_325' title='bbox 1100 2769 1212 2808; x_wconf 86' lang='lat' dir='ltr'>Com-</span> 
     </span>
     <span class='ocr_line' id='line_1_48' title="bbox 336 2824 1213 2879; baseline 0.003 -17"><span class='ocrx_word' id='word_1_326' title='bbox 336 2829 468 2864; x_wconf 74' lang='lat' dir='ltr'>mentt.</span> <span class='ocrx_word' id='word_1_327' title='bbox 495 2825 545 2863; x_wconf 80' lang='lat' dir='ltr'>ad</span> <span class='ocrx_word' id='word_1_328' title='bbox 569 2825 668 2864; x_wconf 90' lang='lat' dir='ltr'>Plin.</span> <span class='ocrx_word' id='word_1_329' title='bbox 691 2824 823 2864; x_wconf 79' lang='lat' dir='ltr'>XXV.</span> <span class='ocrx_word' id='word_1_330' title='bbox 845 2829 880 2866; x_wconf 90' lang='lat'>9.</span> <span class='ocrx_word' id='word_1_331' title='bbox 911 2825 1022 2877; x_wconf 83' lang='lat' dir='ltr'><em>Opes</em></span> <span class='ocrx_word' id='word_1_332' title='bbox 1047 2840 1213 2879; x_wconf 78' lang='lat' dir='ltr'>quoque</span> 
     </span>
     <span class='ocr_line' id='line_1_49' title="bbox 339 2884 1213 2936; baseline 0.001 -17"><span class='ocrx_word' id='word_1_333' title='bbox 339 2886 474 2920; x_wconf 75' lang='lat' dir='ltr'>tantas</span> <span class='ocrx_word' id='word_1_334' title='bbox 505 2884 717 2936; x_wconf 65' lang='lat' dir='ltr'>acquisist,</span> <span class='ocrx_word' id='word_1_335' title='bbox 754 2887 799 2921; x_wconf 77' lang='lat' dir='ltr'>ut</span> <span class='ocrx_word' id='word_1_336' title='bbox 829 2884 871 2921; x_wconf 83' lang='lat' dir='ltr'>in</span> <span class='ocrx_word' id='word_1_337' title='bbox 908 2884 1213 2922; x_wconf 75' lang='lat' dir='ltr'>ostentationem</span> 
     </span>
     <span class='ocr_line' id='line_1_50' title="bbox 340 2940 1212 2992; baseline 0.003 -17"><span class='ocrx_word' id='word_1_338' title='bbox 340 2951 477 2977; x_wconf 81' lang='lat' dir='ltr'>earnm</span> <span class='ocrx_word' id='word_1_339' title='bbox 493 2940 710 2992; x_wconf 68' lang='lat' dir='ltr'>Olympe‘ae</span> <span class='ocrx_word' id='word_1_340' title='bbox 729 2940 865 2978; x_wconf 75' lang='lat' dir='ltr'>aureis</span> <span class='ocrx_word' id='word_1_341' title='bbox 886 2940 1030 2978; x_wconf 73' lang='lat' dir='ltr'>litteris</span> <span class='ocrx_word' id='word_1_342' title='bbox 1056 2940 1097 2977; x_wconf 81' lang='grc' dir='ltr'>ιή</span> <span class='ocrx_word' id='word_1_343' title='bbox 1120 2940 1212 2991; x_wconf 78' lang='lat' dir='ltr'>pal-</span> 
     </span>
     <span class='ocr_line' id='line_1_51' title="bbox 342 2993 1218 3035; baseline 0.006 -6"><span class='ocrx_word' id='word_1_344' title='bbox 342 2993 487 3033; x_wconf 81' lang='lat' dir='ltr'>liorum</span> <span class='ocrx_word' id='word_1_345' title='bbox 521 2997 677 3034; x_wconf 73' lang='lat' dir='ltr'>tesseris</span> <span class='ocrx_word' id='word_1_346' title='bbox 702 2997 897 3035; x_wconf 77' lang='lat' dir='ltr'>insertum</span> <span class='ocrx_word' id='word_1_347' title='bbox 926 3009 1069 3034; x_wconf 78' lang='lat' dir='ltr'>nomen</span> <span class='ocrx_word' id='word_1_348' title='bbox 1105 3010 1218 3035; x_wconf 74' lang='lat' dir='ltr'>snum</span> 
     </span>
     <span class='ocr_line' id='line_1_52' title="bbox 342 3052 1218 3090; baseline 0.003 -3"><span class='ocrx_word' id='word_1_349' title='bbox 342 3055 568 3090; x_wconf 73' lang='lat' dir='ltr'>ostentaret.</span> <span class='ocrx_word' id='word_1_350' title='bbox 602 3052 651 3090; x_wconf 83' lang='lat' dir='ltr'>Et</span> <span class='ocrx_word' id='word_1_351' title='bbox 676 3066 771 3090; x_wconf 89' lang='lat' dir='ltr'>sane</span> <span class='ocrx_word' id='word_1_352' title='bbox 798 3052 1020 3090; x_wconf 83' lang='lat' dir='ltr'>laciniarum</span> <span class='ocrx_word' id='word_1_353' title='bbox 1046 3065 1142 3090; x_wconf 79' lang='lat' dir='ltr'>voce</span> <span class='ocrx_word' id='word_1_354' title='bbox 1168 3052 1218 3090; x_wconf 87' lang='lat' dir='ltr'>de</span> 
     </span>
     <span class='ocr_line' id='line_1_53' title="bbox 340 3107 1216 3160; baseline 0.006 -18"><span class='ocrx_word' id='word_1_355' title='bbox 340 3107 517 3145; x_wconf 68' lang='lat' dir='ltr'>vestibus</span> <span class='ocrx_word' id='word_1_356' title='bbox 532 3122 656 3160; x_wconf 86' lang='lat' dir='ltr'>saepe</span> <span class='ocrx_word' id='word_1_357' title='bbox 670 3122 766 3147; x_wconf 83' lang='lat' dir='ltr'>usus</span> <span class='ocrx_word' id='word_1_358' title='bbox 782 3108 1058 3160; x_wconf 84' lang='lat' dir='ltr'>estApuleius,</span> <span class='ocrx_word' id='word_1_359' title='bbox 1068 3121 1216 3159; x_wconf 86' lang='lat' dir='ltr'>easque</span> 
     </span>
     <span class='ocr_line' id='line_1_54' title="bbox 341 3163 1216 3216; baseline 0.007 -16"><span class='ocrx_word' id='word_1_360' title='bbox 341 3163 440 3200; x_wconf 84' lang='lat' dir='ltr'>iuter</span> <span class='ocrx_word' id='word_1_361' title='bbox 461 3165 588 3202; x_wconf 77' lang='lat' dir='ltr'>votiva</span> <span class='ocrx_word' id='word_1_362' title='bbox 606 3165 766 3204; x_wconf 87' lang='lat' dir='ltr'>donaria</span> <span class='ocrx_word' id='word_1_363' title='bbox 787 3165 910 3204; x_wconf 86' lang='lat' dir='ltr'>fuisse</span> <span class='ocrx_word' id='word_1_364' title='bbox 923 3165 1081 3205; x_wconf 84' lang='lat' dir='ltr'>aliunde</span> <span class='ocrx_word' id='word_1_365' title='bbox 1094 3169 1216 3216; x_wconf 86' lang='lat' dir='ltr'>patet.</span> 
     </span>
    </p>
   </div>
   <div class='ocr_carea' id='block_1_10' title="bbox 1088 622 1523 658">
    <p class='ocr_par' dir='ltr' id='par_1_11' title="bbox 1088 622 1523 658">
     <span class='ocr_line' id='line_1_55' title="bbox 1088 622 1523 658; baseline 0 -8"><span class='ocrx_word' id='word_1_366' title='bbox 1088 622 1236 651; x_wconf 74' lang='lat' dir='ltr'>laminas</span> <span class='ocrx_word' id='word_1_367' title='bbox 1250 633 1281 658; x_wconf 76' lang='grc' dir='ltr'><strong>φ.</strong></span> <span class='ocrx_word' id='word_1_368' title='bbox 1298 631 1353 657; x_wconf 84' lang='lat' dir='ltr'>pro</span> <span class='ocrx_word' id='word_1_369' title='bbox 1367 622 1523 651; x_wconf 71' lang='lat' dir='ltr'>lacinias.</span> 
     </span>
    </p>
   </div>
   <div class='ocr_carea' id='block_1_11' title="bbox 1251 719 2144 2297">
    <p class='ocr_par' dir='ltr' id='par_1_12' title="bbox 1251 719 2144 2297">
     <span class='ocr_line' id='line_1_56' title="bbox 1252 719 2122 772; baseline -0.005 -13"><span class='ocrx_word' id='word_1_370' title='bbox 1252 722 1398 760; x_wconf 83' lang='lat' dir='ltr'>Verum</span> <span class='ocrx_word' id='word_1_371' title='bbox 1425 721 1513 772; x_wconf 90' lang='lat' dir='ltr'>quis</span> <span class='ocrx_word' id='word_1_372' title='bbox 1539 721 1688 766; x_wconf 85' lang='lat' dir='ltr'>credat,</span> <span class='ocrx_word' id='word_1_373' title='bbox 1714 734 1784 759; x_wconf 85' lang='lat' dir='ltr'>eas</span> <span class='ocrx_word' id='word_1_374' title='bbox 1809 724 1945 758; x_wconf 84' lang='lat' dir='ltr'>vestes</span> <span class='ocrx_word' id='word_1_375' title='bbox 1969 719 2122 757; x_wconf 82' lang='lat' dir='ltr'>votivas</span> 
     </span>
     <span class='ocr_line' id='line_1_57' title="bbox 1253 773 2125 826; baseline -0.005 -10"><span class='ocrx_word' id='word_1_376' title='bbox 1253 782 1292 816; x_wconf 91' lang='lat' dir='ltr'>et</span> <span class='ocrx_word' id='word_1_377' title='bbox 1317 777 1522 816; x_wconf 86' lang='lat' dir='ltr'>donativas</span> <span class='ocrx_word' id='word_1_378' title='bbox 1551 777 1676 816; x_wconf 79' lang='lat' dir='ltr'>ramis</span> <span class='ocrx_word' id='word_1_379' title='bbox 1705 777 1894 816; x_wconf 73' lang='lat' dir='ltr'>arborum</span> <span class='ocrx_word' id='word_1_380' title='bbox 1921 781 1960 815; x_wconf 83' lang='lat' dir='ltr'>et</span> <span class='ocrx_word' id='word_1_381' title='bbox 1983 773 2125 826; x_wconf 78' lang='lat' dir='ltr'>templi</span> 
     </span>
     <span class='ocr_line' id='line_1_58' title="bbox 1251 831 2126 887; baseline -0.006 -14"><span class='ocrx_word' id='word_1_382' title='bbox 1251 834 1437 887; x_wconf 75' lang='lat' dir='ltr'>postibus</span> <span class='ocrx_word' id='word_1_383' title='bbox 1463 834 1653 886; x_wconf 74' lang='lat' dir='ltr'>adfixas.-</span> <span class='ocrx_word' id='word_1_384' title='bbox 1677 833 1743 871; x_wconf 91' lang='lat' dir='ltr'>ubi</span> <span class='ocrx_word' id='word_1_385' title='bbox 1768 832 1993 871; x_wconf 80' lang='lat' dir='ltr'>necessario</span> <span class='ocrx_word' id='word_1_386' title='bbox 2020 831 2126 869; x_wconf 84' lang='lat' dir='ltr'>brevi</span> 
     </span>
     <span class='ocr_line' id='line_1_59' title="bbox 1256 887 2126 941; baseline -0.003 -13"><span class='ocrx_word' id='word_1_387' title='bbox 1256 891 1451 935; x_wconf 82' lang='lat' dir='ltr'>consumi,</span> <span class='ocrx_word' id='word_1_388' title='bbox 1478 889 1645 941; x_wconf 82' lang='lat' dir='ltr'>discerpi</span> <span class='ocrx_word' id='word_1_389' title='bbox 1671 893 1786 940; x_wconf 83' lang='lat' dir='ltr'>atque</span> <span class='ocrx_word' id='word_1_390' title='bbox 1807 888 1921 927; x_wconf 84' lang='lat' dir='ltr'>exedi</span> <span class='ocrx_word' id='word_1_391' title='bbox 1941 889 2042 927; x_wconf 87' lang='lat' dir='ltr'>aeris</span> <span class='ocrx_word' id='word_1_392' title='bbox 2062 887 2126 926; x_wconf 84' lang='lat' dir='ltr'>ini·</span> 
     </span>
     <span class='ocr_line' id='line_1_60' title="bbox 1256 944 2127 997; baseline -0.005 -12"><span class='ocrx_word' id='word_1_393' title='bbox 1256 949 1402 997; x_wconf 80' lang='lat' dir='ltr'>quitate</span> <span class='ocrx_word' id='word_1_394' title='bbox 1427 947 1674 984; x_wconf 83' lang='lat' dir='ltr'>debuissent:</span> <span class='ocrx_word' id='word_1_395' title='bbox 1701 959 1786 984; x_wconf 91' lang='lat' dir='ltr'>cum</span> <span class='ocrx_word' id='word_1_396' title='bbox 1799 950 1927 984; x_wconf 84' lang='lat' dir='ltr'>tamen</span> <span class='ocrx_word' id='word_1_397' title='bbox 1944 944 2127 982; x_wconf 84' lang='lat' dir='ltr'>curabant</span> 
     </span>
     <span class='ocr_line' id='line_1_61' title="bbox 1254 1002 2129 1054; baseline -0.002 -14"><span class='ocrx_word' id='word_1_398' title='bbox 1254 1003 1390 1054; x_wconf 78' lang='lat' dir='ltr'>vulgo,</span> <span class='ocrx_word' id='word_1_399' title='bbox 1427 1006 1469 1041; x_wconf 90' lang='lat' dir='ltr'>ut</span> <span class='ocrx_word' id='word_1_400' title='bbox 1505 1016 1553 1040; x_wconf 85' lang='lat' dir='ltr'>ea</span> <span class='ocrx_word' id='word_1_401' title='bbox 1594 1002 1713 1042; x_wconf 87' lang='lat' dir='ltr'>dona.</span> <span class='ocrx_word' id='word_1_402' title='bbox 1758 1006 1939 1053; x_wconf 85' lang='lat' dir='ltr'>quantum</span> <span class='ocrx_word' id='word_1_403' title='bbox 1976 1003 2129 1052; x_wconf 84' lang='lat' dir='ltr'>posset,</span> 
     </span>
     <span class='ocr_line' id='line_1_62' title="bbox 1254 1057 2129 1110; baseline -0.003 -13"><span class='ocrx_word' id='word_1_404' title='bbox 1254 1062 1454 1098; x_wconf 85' lang='lat' dir='ltr'>manerent</span> <span class='ocrx_word' id='word_1_405' title='bbox 1477 1062 1635 1097; x_wconf 89' lang='lat' dir='ltr'>aeterna</span> <span class='ocrx_word' id='word_1_406' title='bbox 1659 1062 1698 1097; x_wconf 87' lang='lat' dir='ltr'>et</span> <span class='ocrx_word' id='word_1_407' title='bbox 1722 1058 1770 1097; x_wconf 90' lang='lat' dir='ltr'>ad</span> <span class='ocrx_word' id='word_1_408' title='bbox 1791 1057 2031 1110; x_wconf 83' lang='lat' dir='ltr'>posteritatis</span> <span class='ocrx_word' id='word_1_409' title='bbox 2049 1069 2129 1095; x_wconf 90' lang='lat' dir='ltr'>me-</span> 
     </span>
     <span class='ocr_line' id='line_1_63' title="bbox 1258 1117 2131 1167; baseline -0.006 -12"><span class='ocrx_word' id='word_1_410' title='bbox 1258 1117 1420 1155; x_wconf 86' lang='lat' dir='ltr'>moriam</span> <span class='ocrx_word' id='word_1_411' title='bbox 1464 1119 1721 1161; x_wconf 79' lang='lat' dir='ltr'>servarentur,</span> <span class='ocrx_word' id='word_1_412' title='bbox 1771 1128 1889 1167; x_wconf 88' lang='lat' dir='ltr'>quare</span> <span class='ocrx_word' id='word_1_413' title='bbox 1932 1117 1970 1152; x_wconf 87' lang='lat' dir='ltr'>et</span> <span class='ocrx_word' id='word_1_414' title='bbox 2016 1125 2131 1151; x_wconf 88' lang='lat' dir='ltr'>suum</span> 
     </span>
     <span class='ocr_line' id='line_1_64' title="bbox 1258 1169 2133 1211; baseline -0.003 0"><span class='ocrx_word' id='word_1_415' title='bbox 1258 1186 1395 1211; x_wconf 90' lang='lat' dir='ltr'>nomen</span> <span class='ocrx_word' id='word_1_416' title='bbox 1423 1172 1673 1211; x_wconf 83' lang='lat' dir='ltr'>dedicatores</span> <span class='ocrx_word' id='word_1_417' title='bbox 1699 1171 1982 1210; x_wconf 82' lang='lat' dir='ltr'>adscribebant.</span> <span class='ocrx_word' id='word_1_418' title='bbox 2031 1169 2133 1208; x_wconf 86' lang='lat' dir='ltr'>Hinc</span> 
     </span>
     <span class='ocr_line' id='line_1_65' title="bbox 1254 1225 2131 1281; baseline -0.003 -13"><span class='ocrx_word' id='word_1_419' title='bbox 1254 1229 1382 1281; x_wconf 80' lang='lat' dir='ltr'>magis</span> <span class='ocrx_word' id='word_1_420' title='bbox 1417 1229 1507 1267; x_wconf 87' lang='lat' dir='ltr'>mihi</span> <span class='ocrx_word' id='word_1_421' title='bbox 1546 1228 1695 1266; x_wconf 82' lang='lat' dir='ltr'>adridet</span> <span class='ocrx_word' id='word_1_422' title='bbox 1731 1228 1845 1267; x_wconf 90' lang='lat' dir='ltr'>lectio</span> <span class='ocrx_word' id='word_1_423' title='bbox 1890 1227 1974 1266; x_wconf 86' lang='lat' dir='ltr'>cod.</span> <span class='ocrx_word' id='word_1_424' title='bbox 2017 1225 2131 1265; x_wconf 84' lang='lat' dir='ltr'>Fulv.</span> 
     </span>
     <span class='ocr_line' id='line_1_66' title="bbox 1262 1282 2133 1337; baseline -0.006 -12"><span class='ocrx_word' id='word_1_425' title='bbox 1262 1287 1451 1331; x_wconf 77' lang='lat' dir='ltr'>laminas,</span> <span class='ocrx_word' id='word_1_426' title='bbox 1496 1285 1698 1337; x_wconf 86' lang='lat' dir='ltr'>potuitque</span> <span class='ocrx_word' id='word_1_427' title='bbox 1740 1288 1873 1324; x_wconf 83' lang='lat' dir='ltr'>auctor</span> <span class='ocrx_word' id='word_1_428' title='bbox 1916 1282 2133 1334; x_wconf 83' lang='lat' dir='ltr'>intelligere</span> 
     </span>
     <span class='ocr_line' id='line_1_67' title="bbox 1260 1342 2132 1393; baseline -0.002 -13"><span class='ocrx_word' id='word_1_429' title='bbox 1260 1342 1428 1393; x_wconf 75' lang='lat' dir='ltr'>clypeos</span> <span class='ocrx_word' id='word_1_430' title='bbox 1442 1343 1594 1379; x_wconf 76' lang='lat' dir='ltr'>votivos</span> <span class='ocrx_word' id='word_1_431' title='bbox 1610 1355 1767 1388; x_wconf 86' lang='lat' dir='ltr'>aereos,</span> <span class='ocrx_word' id='word_1_432' title='bbox 1783 1355 1853 1393; x_wconf 86' lang='lat' dir='ltr'>per</span> <span class='ocrx_word' id='word_1_433' title='bbox 1865 1344 1984 1380; x_wconf 83' lang='lat' dir='ltr'>artem</span> <span class='ocrx_word' id='word_1_434' title='bbox 1999 1343 2132 1391; x_wconf 79' lang='grc' dir='ltr'><em>ἐμπαι-</em></span> 
     </span>
     <span class='ocr_line' id='line_1_68' title="bbox 1258 1395 2134 1450; baseline -0.003 -13"><span class='ocrx_word' id='word_1_435' title='bbox 1258 1395 1390 1450; x_wconf 71' lang='grc' dir='ltr'><strong><em>στικὴν</em></strong></span> <span class='ocrx_word' id='word_1_436' title='bbox 1415 1399 1543 1437; x_wconf 82' lang='lat' dir='ltr'>aureis</span> <span class='ocrx_word' id='word_1_437' title='bbox 1570 1398 1708 1436; x_wconf 84' lang='lat' dir='ltr'>litteris</span> <span class='ocrx_word' id='word_1_438' title='bbox 1735 1398 1956 1449; x_wconf 82' lang='lat' dir='ltr'>inscriptos,</span> <span class='ocrx_word' id='word_1_439' title='bbox 1982 1396 2032 1434; x_wconf 89' lang='lat' dir='ltr'>de</span> <span class='ocrx_word' id='word_1_440' title='bbox 2057 1409 2134 1447; x_wconf 86' lang='lat' dir='ltr'>qua</span> 
     </span>
     <span class='ocr_line' id='line_1_69' title="bbox 1258 1451 2130 1505; baseline -0.003 -13"><span class='ocrx_word' id='word_1_441' title='bbox 1258 1455 1307 1493; x_wconf 77' lang='lat' dir='ltr'>cs.</span> <span class='ocrx_word' id='word_1_442' title='bbox 1334 1456 1383 1493; x_wconf 84' lang='lat' dir='ltr'>ad</span> <span class='ocrx_word' id='word_1_443' title='bbox 1410 1456 1518 1494; x_wconf 87' lang='lat' dir='ltr'>Suet.</span> <span class='ocrx_word' id='word_1_444' title='bbox 1544 1455 1646 1505; x_wconf 80' lang='lat' dir='ltr'>Aug.</span> <span class='ocrx_word' id='word_1_445' title='bbox 1675 1459 1710 1494; x_wconf 86' lang='lat'>7.</span> <span class='ocrx_word' id='word_1_446' title='bbox 1737 1453 1893 1493; x_wconf 84' lang='lat' dir='ltr'>Petron.</span> <span class='ocrx_word' id='word_1_447' title='bbox 1920 1457 1984 1494; x_wconf 88' lang='lat'>32.</span> <span class='ocrx_word' id='word_1_448' title='bbox 2011 1466 2056 1492; x_wconf 83' lang='lat' dir='ltr'>ac</span> <span class='ocrx_word' id='word_1_449' title='bbox 2081 1451 2130 1490; x_wconf 83' lang='lat' dir='ltr'>de</span> 
     </span>
     <span class='ocr_line' id='line_1_70' title="bbox 1260 1509 2137 1563; baseline -0.002 -15"><span class='ocrx_word' id='word_1_450' title='bbox 1260 1511 1413 1563; x_wconf 69' lang='lat' dir='ltr'>clypeis</span> <span class='ocrx_word' id='word_1_451' title='bbox 1439 1511 1514 1550; x_wconf 93' lang='lat' dir='ltr'>illis</span> <span class='ocrx_word' id='word_1_452' title='bbox 1542 1511 1662 1562; x_wconf 85' lang='lat' dir='ltr'>Spon.</span> <span class='ocrx_word' id='word_1_453' title='bbox 1690 1511 1860 1549; x_wconf 84' lang='lat' dir='ltr'>Miscell.</span> <span class='ocrx_word' id='word_1_454' title='bbox 1908 1509 2029 1548; x_wconf 88' lang='lat' dir='ltr'>Immo</span> <span class='ocrx_word' id='word_1_455' title='bbox 2055 1509 2137 1546; x_wconf 82' lang='lat' dir='ltr'>sors</span> 
     </span>
     <span class='ocr_line' id='line_1_71' title="bbox 1260 1565 2135 1618; baseline -0.005 -12"><span class='ocrx_word' id='word_1_456' title='bbox 1260 1572 1350 1606; x_wconf 87' lang='lat' dir='ltr'>ante</span> <span class='ocrx_word' id='word_1_457' title='bbox 1376 1568 1511 1607; x_wconf 88' lang='lat' dir='ltr'>oculos</span> <span class='ocrx_word' id='word_1_458' title='bbox 1537 1567 1672 1606; x_wconf 87' lang='lat' dir='ltr'>babuit</span> <span class='ocrx_word' id='word_1_459' title='bbox 1696 1567 1804 1618; x_wconf 66' lang='lat' dir='ltr'>Yirg.</span> <span class='ocrx_word' id='word_1_460' title='bbox 1831 1568 1932 1605; x_wconf 91' lang='lat' dir='ltr'>Aen.</span> <span class='ocrx_word' id='word_1_461' title='bbox 1951 1565 2015 1604; x_wconf 90' lang='lat' dir='ltr'>Ill.</span> <span class='ocrx_word' id='word_1_462' title='bbox 2035 1568 2135 1606; x_wconf 87' lang='lat'>286:</span> 
     </span>
     <span class='ocr_line' id='line_1_72' title="bbox 1261 1621 2137 1675; baseline -0.001 -14"><span class='ocrx_word' id='word_1_463' title='bbox 1261 1624 1323 1662; x_wconf 79' lang='lat' dir='ltr'>vel</span> <span class='ocrx_word' id='word_1_464' title='bbox 1339 1625 1437 1664; x_wconf 87' lang='lat' dir='ltr'>alias</span> <span class='ocrx_word' id='word_1_465' title='bbox 1453 1637 1706 1675; x_wconf 80' lang='lat' dir='ltr'>quascunque</span> <span class='ocrx_word' id='word_1_466' title='bbox 1721 1623 1877 1662; x_wconf 82' lang='lat' dir='ltr'>tabulas</span> <span class='ocrx_word' id='word_1_467' title='bbox 1891 1622 1995 1661; x_wconf 65' lang='lat' dir='ltr'>Vell.</span> <span class='ocrx_word' id='word_1_468' title='bbox 2010 1621 2055 1661; x_wconf 90' lang='lat' dir='ltr'>Il.</span> <span class='ocrx_word' id='word_1_469' title='bbox 2071 1625 2137 1662; x_wconf 82' lang='lat'>25.</span> 
     </span>
     <span class='ocr_line' id='line_1_73' title="bbox 1261 1679 2136 1733; baseline -0.002 -14"><span class='ocrx_word' id='word_1_470' title='bbox 1261 1680 1328 1733; x_wconf 86' lang='lat' dir='ltr'>[cs.</span> <span class='ocrx_word' id='word_1_471' title='bbox 1356 1680 1556 1719; x_wconf 87' lang='lat' dir='ltr'>Tomasin.</span> <span class='ocrx_word' id='word_1_472' title='bbox 1584 1680 1632 1718; x_wconf 88' lang='lat' dir='ltr'>de</span> <span class='ocrx_word' id='word_1_473' title='bbox 1660 1680 1923 1718; x_wconf 80' lang='lat' dir='ltr'>Donar.Vett.</span> <span class='ocrx_word' id='word_1_474' title='bbox 1950 1692 1982 1718; x_wconf 89' lang='lat' dir='ltr'>c.</span> <span class='ocrx_word' id='word_1_475' title='bbox 2009 1682 2074 1720; x_wconf 88' lang='grc'>20.</span> <span class='ocrx_word' id='word_1_476' title='bbox 2099 1679 2136 1716; x_wconf 86' lang='lat' dir='ltr'>in</span> 
     </span>
     <span class='ocr_line' id='line_1_74' title="bbox 1261 1735 2137 1788; baseline -0.003 -13"><span class='ocrx_word' id='word_1_477' title='bbox 1261 1738 1401 1776; x_wconf 82' lang='lat' dir='ltr'>Graev.</span> <span class='ocrx_word' id='word_1_478' title='bbox 1418 1737 1538 1775; x_wconf 83' lang='lat' dir='ltr'>Thes.</span> <span class='ocrx_word' id='word_1_479' title='bbox 1557 1736 1687 1788; x_wconf 83' lang='lat' dir='ltr'>Antiq.</span> <span class='ocrx_word' id='word_1_480' title='bbox 1702 1735 1789 1775; x_wconf 83' lang='lat' dir='ltr'>XII.</span> <span class='ocrx_word' id='word_1_481' title='bbox 1804 1751 1841 1788; x_wconf 91' lang='lat' dir='ltr'>p.</span> <span class='ocrx_word' id='word_1_482' title='bbox 1858 1740 1949 1776; x_wconf 89' lang='lat'>783.</span> <span class='ocrx_word' id='word_1_483' title='bbox 1973 1735 2137 1774; x_wconf 83' lang='lat' dir='ltr'>Taubm.</span> 
     </span>
     <span class='ocr_line' id='line_1_75' title="bbox 1262 1791 2141 1834; baseline -0.001 -2"><span class='ocrx_word' id='word_1_484' title='bbox 1262 1794 1312 1832; x_wconf 85' lang='lat' dir='ltr'>ad</span> <span class='ocrx_word' id='word_1_485' title='bbox 1338 1792 1581 1832; x_wconf 86' lang='lat' dir='ltr'>Plaut.Rud.</span> <span class='ocrx_word' id='word_1_486' title='bbox 1598 1792 1693 1832; x_wconf 87' lang='lat'>11.5.</span> <span class='ocrx_word' id='word_1_487' title='bbox 1711 1798 1774 1834; x_wconf 89' lang='lat'>22.</span> <span class='ocrx_word' id='word_1_488' title='bbox 1803 1791 2141 1831; x_wconf 81' lang='lat' dir='ltr'>Schott.0bserv.</span> 
     </span>
     <span class='ocr_line' id='line_1_76' title="bbox 1263 1848 2141 1902; baseline -0.002 -14"><span class='ocrx_word' id='word_1_489' title='bbox 1263 1849 1288 1889; x_wconf 95' lang='lat' dir='ltr'>I.</span> <span class='ocrx_word' id='word_1_490' title='bbox 1320 1855 1384 1890; x_wconf 90' lang='lat'>12.</span> <span class='ocrx_word' id='word_1_491' title='bbox 1410 1864 1447 1902; x_wconf 93' lang='lat' dir='ltr'>p.</span> <span class='ocrx_word' id='word_1_492' title='bbox 1468 1853 1530 1891; x_wconf 82' lang='lat'>16.</span> <span class='ocrx_word' id='word_1_493' title='bbox 1558 1848 1750 1900; x_wconf 85' lang='lat' dir='ltr'>Equidem</span> <span class='ocrx_word' id='word_1_494' title='bbox 1777 1848 1880 1888; x_wconf 87' lang='lat' dir='ltr'>Oud.</span> <span class='ocrx_word' id='word_1_495' title='bbox 1905 1849 2141 1888; x_wconf 88' lang='lat' dir='ltr'>sententiam</span> 
     </span>
     <span class='ocr_line' id='line_1_77' title="bbox 1263 1906 2140 1958; baseline -0.002 -14"><span class='ocrx_word' id='word_1_496' title='bbox 1263 1908 1376 1958; x_wconf 88' lang='lat' dir='ltr'>sequi</span> <span class='ocrx_word' id='word_1_497' title='bbox 1397 1921 1471 1945; x_wconf 91' lang='lat' dir='ltr'>non</span> <span class='ocrx_word' id='word_1_498' title='bbox 1493 1920 1668 1957; x_wconf 90' lang='lat' dir='ltr'>possum.</span> <span class='ocrx_word' id='word_1_499' title='bbox 1696 1906 1845 1945; x_wconf 75' lang='lat' dir='ltr'>Vestes</span> <span class='ocrx_word' id='word_1_500' title='bbox 1860 1907 1960 1944; x_wconf 90' lang='lat' dir='ltr'>enim</span> <span class='ocrx_word' id='word_1_501' title='bbox 1974 1917 2140 1956; x_wconf 88' lang='lat' dir='ltr'>suspen-</span> 
     </span>
     <span class='ocr_line' id='line_1_78' title="bbox 1265 1962 2142 2015; baseline -0.002 -14"><span class='ocrx_word' id='word_1_502' title='bbox 1265 1963 1375 2002; x_wconf 81' lang='lat' dir='ltr'>disse</span> <span class='ocrx_word' id='word_1_503' title='bbox 1385 1977 1406 2001; x_wconf 89' lang='lat' dir='ltr'>e</span> <span class='ocrx_word' id='word_1_504' title='bbox 1416 1964 1520 2015; x_wconf 81' lang='lat' dir='ltr'>gravi</span> <span class='ocrx_word' id='word_1_505' title='bbox 1530 1962 1747 2001; x_wconf 84' lang='lat' dir='ltr'>calamitate</span> <span class='ocrx_word' id='word_1_506' title='bbox 1756 1967 1948 2007; x_wconf 84' lang='lat' dir='ltr'>servatos,</span> <span class='ocrx_word' id='word_1_507' title='bbox 1957 1962 2142 2013; x_wconf 88' lang='lat' dir='ltr'>imprimis</span> 
     </span>
     <span class='ocr_line' id='line_1_79' title="bbox 1265 2013 2143 2071; baseline -0.003 -13"><span class='ocrx_word' id='word_1_508' title='bbox 1265 2020 1474 2071; x_wconf 80' lang='lat' dir='ltr'>naufragos</span> <span class='ocrx_word' id='word_1_509' title='bbox 1487 2021 1522 2057; x_wconf 93' lang='lat' dir='ltr'>in</span> <span class='ocrx_word' id='word_1_510' title='bbox 1538 2013 1695 2071; x_wconf 88' lang='lat' dir='ltr'>templis</span> <span class='ocrx_word' id='word_1_511' title='bbox 1712 2024 1750 2058; x_wconf 88' lang='lat' dir='ltr'>et</span> <span class='ocrx_word' id='word_1_512' title='bbox 1763 2020 1963 2058; x_wconf 83' lang='lat' dir='ltr'>arboribus</span> <span class='ocrx_word' id='word_1_513' title='bbox 1979 2018 2143 2069; x_wconf 86' lang='lat' dir='ltr'>apertis-</span> 
     </span>
     <span class='ocr_line' id='line_1_80' title="bbox 1265 2073 2141 2127; baseline -0.003 -13"><span class='ocrx_word' id='word_1_514' title='bbox 1265 2078 1364 2114; x_wconf 86' lang='lat' dir='ltr'>sime</span> <span class='ocrx_word' id='word_1_515' title='bbox 1385 2080 1517 2127; x_wconf 86' lang='lat' dir='ltr'>potest</span> <span class='ocrx_word' id='word_1_516' title='bbox 1541 2076 1722 2127; x_wconf 74' lang='lat' dir='ltr'>intelligi,</span> <span class='ocrx_word' id='word_1_517' title='bbox 1748 2090 1797 2114; x_wconf 84' lang='lat' dir='ltr'>ex</span> <span class='ocrx_word' id='word_1_518' title='bbox 1811 2076 1918 2127; x_wconf 83' lang='lat' dir='ltr'>Virg.</span> <span class='ocrx_word' id='word_1_519' title='bbox 1933 2076 2033 2114; x_wconf 92' lang='lat' dir='ltr'>Aen.</span> <span class='ocrx_word' id='word_1_520' title='bbox 2054 2073 2141 2113; x_wconf 91' lang='lat' dir='ltr'>XII.</span> 
     </span>
     <span class='ocr_line' id='line_1_81' title="bbox 1267 2131 2142 2183; baseline -0.005 -10"><span class='ocrx_word' id='word_1_521' title='bbox 1267 2135 1347 2173; x_wconf 89' lang='grc'>767</span> <span class='ocrx_word' id='word_1_522' title='bbox 1357 2146 1444 2183; x_wconf 81' lang='lat' dir='ltr'>sqq.</span> <span class='ocrx_word' id='word_1_523' title='bbox 1461 2132 1515 2171; x_wconf 90' lang='lat' dir='ltr'>Ibi</span> <span class='ocrx_word' id='word_1_524' title='bbox 1531 2132 1633 2171; x_wconf 91' lang='lat' dir='ltr'>enim</span> <span class='ocrx_word' id='word_1_525' title='bbox 1647 2133 1760 2172; x_wconf 84' lang='lat' dir='ltr'>arbor</span> <span class='ocrx_word' id='word_1_526' title='bbox 1773 2146 1884 2171; x_wconf 86' lang='lat' dir='ltr'>sacra</span> <span class='ocrx_word' id='word_1_527' title='bbox 1892 2131 2027 2170; x_wconf 86' lang='lat' dir='ltr'>Fauno</span> <span class='ocrx_word' id='word_1_528' title='bbox 2041 2144 2142 2169; x_wconf 90' lang='lat' dir='ltr'>com-</span> 
     </span>
     <span class='ocr_line' id='line_1_82' title="bbox 1265 2188 2144 2241; baseline -0.002 -14"><span class='ocrx_word' id='word_1_529' title='bbox 1265 2193 1516 2235; x_wconf 89' lang='lat' dir='ltr'>memoratur,</span> <span class='ocrx_word' id='word_1_530' title='bbox 1543 2203 1644 2240; x_wconf 85' lang='lat' dir='ltr'>quae</span> <span class='ocrx_word' id='word_1_531' title='bbox 1668 2190 1832 2241; x_wconf 81' lang='lat' dir='ltr'>insignis</span> <span class='ocrx_word' id='word_1_532' title='bbox 1857 2192 1939 2227; x_wconf 85' lang='lat' dir='ltr'>erat</span> <span class='ocrx_word' id='word_1_533' title='bbox 1956 2188 2144 2240; x_wconf 85' lang='lat' dir='ltr'>appensis</span> 
     </span>
     <span class='ocr_line' id='line_1_83' title="bbox 1267 2245 2144 2297; baseline -0.002 -13"><span class='ocrx_word' id='word_1_534' title='bbox 1267 2245 1540 2297; x_wconf 78' lang='lat' dir='ltr'>naufragorum</span> <span class='ocrx_word' id='word_1_535' title='bbox 1561 2247 1660 2285; x_wconf 86' lang='lat' dir='ltr'>votis</span> <span class='ocrx_word' id='word_1_536' title='bbox 1686 2247 1933 2297; x_wconf 86' lang='lat' dir='ltr'>potissimum</span> <span class='ocrx_word' id='word_1_537' title='bbox 1954 2245 2144 2290; x_wconf 83' lang='lat' dir='ltr'>vestibus,</span> 
     </span>
    </p>
   </div>
   <div class='ocr_carea' id='block_1_12' title="bbox 1267 2302 2121 2355">
    <p class='ocr_par' dir='ltr' id='par_1_13' title="bbox 1267 2302 2121 2355">
     <span class='ocr_line' id='line_1_84' title="bbox 1267 2302 2121 2355; baseline -0.002 -15"><span class='ocrx_word' id='word_1_538' title='bbox 1267 2303 1451 2355; x_wconf 89' lang='lat' dir='ltr'>idemque</span> <span class='ocrx_word' id='word_1_539' title='bbox 1475 2302 1592 2341; x_wconf 85' lang='lat' dir='ltr'>docet</span> <span class='ocrx_word' id='word_1_540' title='bbox 1618 2302 1711 2342; x_wconf 80' lang='lat' dir='ltr'>Hor.</span> <span class='ocrx_word' id='word_1_541' title='bbox 1736 2302 1812 2342; x_wconf 87' lang='lat' dir='ltr'>Od.</span> <span class='ocrx_word' id='word_1_542' title='bbox 1841 2302 1863 2341; x_wconf 92' lang='lat' dir='ltr'>l.</span> <span class='ocrx_word' id='word_1_543' title='bbox 1891 2306 1927 2343; x_wconf 87' lang='lat'>5.</span> <span class='ocrx_word' id='word_1_544' title='bbox 1958 2306 2006 2343; x_wconf 87' lang='lat'>13</span> <span class='ocrx_word' id='word_1_545' title='bbox 2032 2313 2121 2352; x_wconf 88' lang='lat' dir='ltr'>sqq.</span> 
     </span>
    </p>
   </div>
   <div class='ocr_carea' id='block_1_13' title="bbox 1268 2364 2149 3161">
    <p class='ocr_par' dir='ltr' id='par_1_14' title="bbox 1268 2364 2149 3161">
     <span class='ocr_line' id='line_1_85' title="bbox 1554 2364 1839 2392; baseline 0 -1"><span class='ocrx_word' id='word_1_546' title='bbox 1554 2371 1604 2391; x_wconf 90' lang='lat' dir='ltr'>me</span> <span class='ocrx_word' id='word_1_547' title='bbox 1619 2364 1731 2392; x_wconf 75' lang='lat' dir='ltr'>tabula</span> <span class='ocrx_word' id='word_1_548' title='bbox 1744 2370 1839 2391; x_wconf 85' lang='lat' dir='ltr'>sacer</span> 
     </span>
     <span class='ocr_line' id='line_1_86' title="bbox 1449 2407 1948 2443; baseline -0.004 -5"><span class='ocrx_word' id='word_1_549' title='bbox 1449 2409 1573 2439; x_wconf 67' lang='lat' dir='ltr'>votiva</span> <span class='ocrx_word' id='word_1_550' title='bbox 1587 2408 1695 2443; x_wconf 75' lang='lat' dir='ltr'>paries</span> <span class='ocrx_word' id='word_1_551' title='bbox 1709 2408 1831 2436; x_wconf 83' lang='lat' dir='ltr'>indicat</span> <span class='ocrx_word' id='word_1_552' title='bbox 1845 2407 1948 2436; x_wconf 82' lang='lat' dir='ltr'>uvida</span> 
     </span>
     <span class='ocr_line' id='line_1_87' title="bbox 1497 2454 1855 2488; baseline -0.006 -5"><span class='ocrx_word' id='word_1_553' title='bbox 1497 2454 1720 2488; x_wconf 75' lang='lat' dir='ltr'>suspendisse</span> <span class='ocrx_word' id='word_1_554' title='bbox 1734 2454 1855 2487; x_wconf 71' lang='lat' dir='ltr'>polenii</span> 
     </span>
     <span class='ocr_line' id='line_1_88' title="bbox 1552 2499 1952 2528; baseline -0.005 0"><span class='ocrx_word' id='word_1_555' title='bbox 1552 2500 1756 2528; x_wconf 72' lang='lat' dir='ltr'>Vestimenta</span> <span class='ocrx_word' id='word_1_556' title='bbox 1770 2499 1870 2527; x_wconf 86' lang='lat' dir='ltr'>maris</span> <span class='ocrx_word' id='word_1_557' title='bbox 1884 2499 1952 2526; x_wconf 81' lang='lat' dir='ltr'>deo.</span> 
     </span>
     <span class='ocr_line' id='line_1_89' title="bbox 1270 2536 2146 2593; baseline -0.005 -13"><span class='ocrx_word' id='word_1_558' title='bbox 1270 2541 1382 2580; x_wconf 87' lang='lat' dir='ltr'>Haec</span> <span class='ocrx_word' id='word_1_559' title='bbox 1406 2538 1643 2593; x_wconf 69' lang='grc' dir='ltr'><em>ἀναθήματα</em></span> <span class='ocrx_word' id='word_1_560' title='bbox 1668 2542 1913 2592; x_wconf 86' lang='lat' dir='ltr'>potissimum</span> <span class='ocrx_word' id='word_1_561' title='bbox 1937 2541 1971 2578; x_wconf 89' lang='lat' dir='ltr'>in</span> <span class='ocrx_word' id='word_1_562' title='bbox 1997 2536 2146 2590; x_wconf 87' lang='lat' dir='ltr'>templo</span> 
     </span>
     <span class='ocr_line' id='line_1_90' title="bbox 1271 2595 2146 2651; baseline -0.006 -14"><span class='ocrx_word' id='word_1_563' title='bbox 1271 2599 1332 2637; x_wconf 90' lang='lat' dir='ltr'>dei</span> <span class='ocrx_word' id='word_1_564' title='bbox 1358 2599 1555 2651; x_wconf 78' lang='grc' dir='ltr'><em>Σωτῆρος,</em></span> <span class='ocrx_word' id='word_1_565' title='bbox 1581 2597 1771 2649; x_wconf 79' lang='lat' dir='ltr'>Neptuni,</span> <span class='ocrx_word' id='word_1_566' title='bbox 1797 2597 1859 2635; x_wconf 83' lang='lat' dir='ltr'>vel</span> <span class='ocrx_word' id='word_1_567' title='bbox 1881 2595 1996 2634; x_wconf 90' lang='lat' dir='ltr'>Isidis</span> <span class='ocrx_word' id='word_1_568' title='bbox 2016 2599 2055 2633; x_wconf 88' lang='lat' dir='ltr'>et</span> <span class='ocrx_word' id='word_1_569' title='bbox 2069 2596 2146 2633; x_wconf 85' lang='lat' dir='ltr'>Ae-</span> 
     </span>
     <span class='ocr_line' id='line_1_91' title="bbox 1269 2650 2145 2707; baseline -0.005 -14"><span class='ocrx_word' id='word_1_570' title='bbox 1269 2655 1433 2707; x_wconf 82' lang='lat' dir='ltr'>sculapii</span> <span class='ocrx_word' id='word_1_571' title='bbox 1460 2654 1758 2706; x_wconf 85' lang='lat' dir='ltr'>suspendebant</span> <span class='ocrx_word' id='word_1_572' title='bbox 1783 2653 1831 2692; x_wconf 86' lang='lat' dir='ltr'>cf.</span> <span class='ocrx_word' id='word_1_573' title='bbox 1848 2652 1988 2692; x_wconf 91' lang='lat' dir='ltr'>Heind.</span> <span class='ocrx_word' id='word_1_574' title='bbox 2004 2651 2053 2690; x_wconf 88' lang='lat' dir='ltr'>ad</span> <span class='ocrx_word' id='word_1_575' title='bbox 2067 2650 2145 2689; x_wconf 63' lang='grc' dir='ltr'>Ηοιβ</span> 
     </span>
     <span class='ocr_line' id='line_1_92' title="bbox 1268 2707 2148 2751; baseline -0.007 0"><span class='ocrx_word' id='word_1_576' title='bbox 1268 2716 1338 2751; x_wconf 88' lang='lat' dir='ltr'>rat.</span> <span class='ocrx_word' id='word_1_577' title='bbox 1360 2711 1442 2750; x_wconf 80' lang='lat' dir='ltr'>Sat.</span> <span class='ocrx_word' id='word_1_578' title='bbox 1458 2711 1502 2750; x_wconf 86' lang='lat'>11.</span> <span class='ocrx_word' id='word_1_579' title='bbox 1526 2715 1582 2751; x_wconf 83' lang='lat'>13.</span> <span class='ocrx_word' id='word_1_580' title='bbox 1605 2715 1640 2751; x_wconf 89' lang='grc'>3.</span> <span class='ocrx_word' id='word_1_581' title='bbox 1668 2709 1836 2749; x_wconf 86' lang='lat' dir='ltr'>Casaub.</span> <span class='ocrx_word' id='word_1_582' title='bbox 1861 2709 1911 2749; x_wconf 90' lang='lat' dir='ltr'>ad</span> <span class='ocrx_word' id='word_1_583' title='bbox 1936 2707 2048 2746; x_wconf 86' lang='lat' dir='ltr'>Pers.</span> <span class='ocrx_word' id='word_1_584' title='bbox 2063 2707 2148 2746; x_wconf 88' lang='lat' dir='ltr'>Sat.</span> 
     </span>
     <span class='ocr_line' id='line_1_93' title="bbox 1270 2763 2148 2809; baseline -0.006 -2"><span class='ocrx_word' id='word_1_585' title='bbox 1270 2768 1298 2808; x_wconf 90' lang='lat'>1.</span> <span class='ocrx_word' id='word_1_586' title='bbox 1325 2772 1390 2809; x_wconf 90' lang='lat'>88.</span> <span class='ocrx_word' id='word_1_587' title='bbox 1417 2767 1504 2807; x_wconf 90' lang='lat' dir='ltr'>Intt.</span> <span class='ocrx_word' id='word_1_588' title='bbox 1531 2768 1580 2806; x_wconf 83' lang='lat' dir='ltr'>ad</span> <span class='ocrx_word' id='word_1_589' title='bbox 1606 2767 1699 2806; x_wconf 88' lang='lat' dir='ltr'>Hor.</span> <span class='ocrx_word' id='word_1_590' title='bbox 1723 2767 1762 2805; x_wconf 90' lang='lat' dir='ltr'>A</span> <span class='ocrx_word' id='word_1_591' title='bbox 1787 2765 1833 2806; x_wconf 90' lang='lat' dir='ltr'>P.</span> <span class='ocrx_word' id='word_1_592' title='bbox 1859 2770 1923 2807; x_wconf 88' lang='grc'>20.</span> <span class='ocrx_word' id='word_1_593' title='bbox 1960 2763 2148 2803; x_wconf 85' lang='lat' dir='ltr'>Paciaudi</span> 
     </span>
     <span class='ocr_line' id='line_1_94' title="bbox 1272 2820 2146 2875; baseline -0.007 -12"><span class='ocrx_word' id='word_1_594' title='bbox 1272 2827 1306 2863; x_wconf 95' lang='lat' dir='ltr'>in</span> <span class='ocrx_word' id='word_1_595' title='bbox 1328 2825 1503 2863; x_wconf 86' lang='lat' dir='ltr'>Monum.</span> <span class='ocrx_word' id='word_1_596' title='bbox 1525 2823 1740 2875; x_wconf 91' lang='lat' dir='ltr'>Peleponn.</span> <span class='ocrx_word' id='word_1_597' title='bbox 1761 2822 1850 2860; x_wconf 83' lang='lat' dir='ltr'>Vol.</span> <span class='ocrx_word' id='word_1_598' title='bbox 1867 2820 1911 2860; x_wconf 88' lang='lat' dir='ltr'>II.</span> <span class='ocrx_word' id='word_1_599' title='bbox 1931 2834 1967 2872; x_wconf 91' lang='lat' dir='ltr'>p.</span> <span class='ocrx_word' id='word_1_600' title='bbox 1986 2824 2066 2861; x_wconf 88' lang='grc'>167</span> <span class='ocrx_word' id='word_1_601' title='bbox 2085 2832 2146 2871; x_wconf 84' lang='lat' dir='ltr'>sq.</span> 
     </span>
     <span class='ocr_line' id='line_1_95' title="bbox 1273 2877 2145 2928; baseline -0.006 -8"><span class='ocrx_word' id='word_1_602' title='bbox 1273 2881 1407 2920; x_wconf 87' lang='lat' dir='ltr'>Creuz.</span> <span class='ocrx_word' id='word_1_603' title='bbox 1434 2881 1483 2920; x_wconf 89' lang='lat' dir='ltr'>ad</span> <span class='ocrx_word' id='word_1_604' title='bbox 1510 2880 1586 2920; x_wconf 89' lang='lat' dir='ltr'>Cic.</span> <span class='ocrx_word' id='word_1_605' title='bbox 1614 2881 1663 2918; x_wconf 89' lang='lat' dir='ltr'>de</span> <span class='ocrx_word' id='word_1_606' title='bbox 1687 2878 1736 2917; x_wconf 89' lang='lat' dir='ltr'>N.</span> <span class='ocrx_word' id='word_1_607' title='bbox 1757 2879 1808 2918; x_wconf 91' lang='lat' dir='ltr'>D.</span> <span class='ocrx_word' id='word_1_608' title='bbox 1828 2877 1890 2916; x_wconf 91' lang='lat'>111.</span> <span class='ocrx_word' id='word_1_609' title='bbox 1913 2881 1978 2918; x_wconf 90' lang='grc'><strong>37.</strong></span> <span class='ocrx_word' id='word_1_610' title='bbox 1998 2890 2034 2928; x_wconf 88' lang='lat' dir='ltr'>p.</span> <span class='ocrx_word' id='word_1_611' title='bbox 2051 2880 2145 2917; x_wconf 88' lang='lat'>682.</span> 
     </span>
     <span class='ocr_line' id='line_1_96' title="bbox 1273 2933 2148 2977; baseline -0.007 0"><span class='ocrx_word' id='word_1_612' title='bbox 1273 2938 1422 2977; x_wconf 84' lang='lat' dir='ltr'>Guther</span> <span class='ocrx_word' id='word_1_613' title='bbox 1448 2937 1585 2976; x_wconf 82' lang='lat' dir='ltr'>delur.</span> <span class='ocrx_word' id='word_1_614' title='bbox 1599 2936 1704 2975; x_wconf 85' lang='lat' dir='ltr'>Man.</span> <span class='ocrx_word' id='word_1_615' title='bbox 1720 2934 1747 2973; x_wconf 87' lang='grc' dir='ltr'><strong>Ι.</strong></span> <span class='ocrx_word' id='word_1_616' title='bbox 1762 2939 1795 2975; x_wconf 92' lang='lat'>8.</span> <span class='ocrx_word' id='word_1_617' title='bbox 1814 2936 1849 2973; x_wconf 93' lang='lat' dir='ltr'>in</span> <span class='ocrx_word' id='word_1_618' title='bbox 1866 2934 2007 2973; x_wconf 80' lang='lat' dir='ltr'>Graev.</span> <span class='ocrx_word' id='word_1_619' title='bbox 2024 2933 2148 2972; x_wconf 88' lang='lat' dir='ltr'>Thes.</span> 
     </span>
     <span class='ocr_line' id='line_1_97' title="bbox 1278 2989 2148 3045; baseline -0.007 -12"><span class='ocrx_word' id='word_1_620' title='bbox 1278 2996 1411 3045; x_wconf 86' lang='lat' dir='ltr'>Antiq.</span> <span class='ocrx_word' id='word_1_621' title='bbox 1439 2994 1484 3033; x_wconf 83' lang='lat' dir='ltr'>T.</span> <span class='ocrx_word' id='word_1_622' title='bbox 1521 2993 1610 3032; x_wconf 87' lang='lat' dir='ltr'>XII.</span> <span class='ocrx_word' id='word_1_623' title='bbox 1648 3006 1684 3044; x_wconf 87' lang='lat' dir='ltr'>p.</span> <span class='ocrx_word' id='word_1_624' title='bbox 1726 2993 1845 3032; x_wconf 79' lang='lat'>1110.</span> <span class='ocrx_word' id='word_1_625' title='bbox 1885 2989 1938 3028; x_wconf 79' lang='lat' dir='ltr'>Ut</span> <span class='ocrx_word' id='word_1_626' title='bbox 1974 2990 2087 3041; x_wconf 83' lang='lat' dir='ltr'>igitur</span> <span class='ocrx_word' id='word_1_627' title='bbox 2111 2990 2148 3028; x_wconf 88' lang='lat' dir='ltr'>in</span> 
     </span>
     <span class='ocr_line' id='line_1_98' title="bbox 1275 3046 2148 3090; baseline -0.006 -1"><span class='ocrx_word' id='word_1_628' title='bbox 1275 3052 1415 3089; x_wconf 86' lang='lat' dir='ltr'>arbore</span> <span class='ocrx_word' id='word_1_629' title='bbox 1439 3051 1677 3090; x_wconf 87' lang='lat' dir='ltr'>Laurentum</span> <span class='ocrx_word' id='word_1_630' title='bbox 1714 3047 1855 3086; x_wconf 91' lang='lat' dir='ltr'>numini</span> <span class='ocrx_word' id='word_1_631' title='bbox 1887 3046 2024 3086; x_wconf 87' lang='lat' dir='ltr'>Fauno</span> <span class='ocrx_word' id='word_1_632' title='bbox 2061 3057 2148 3085; x_wconf 86' lang='lat' dir='ltr'>sus-</span> 
     </span>
     <span class='ocr_line' id='line_1_99' title="bbox 1274 3102 2149 3161; baseline -0.008 -14"><span class='ocrx_word' id='word_1_633' title='bbox 1274 3121 1426 3161; x_wconf 87' lang='lat' dir='ltr'>pensae</span> <span class='ocrx_word' id='word_1_634' title='bbox 1451 3110 1560 3145; x_wconf 79' lang='lat' dir='ltr'>erant</span> <span class='ocrx_word' id='word_1_635' title='bbox 1583 3109 1716 3143; x_wconf 79' lang='lat' dir='ltr'>vestes</span> <span class='ocrx_word' id='word_1_636' title='bbox 1747 3104 2081 3148; x_wconf 81' lang='lat' dir='ltr'>calamitosorum,</span> <span class='ocrx_word' id='word_1_637' title='bbox 2111 3102 2149 3140; x_wconf 90' lang='lat' dir='ltr'>in</span> 
     </span>
    </p>
   </div>
   <div class='ocr_carea' id='block_1_14' title="bbox 1275 3160 2150 3216">
    <p class='ocr_par' dir='ltr' id='par_1_15' title="bbox 1275 3160 2150 3216">
     <span class='ocr_line' id='line_1_100' title="bbox 1275 3160 2150 3216; baseline -0.008 -13"><span class='ocrx_word' id='word_1_638' title='bbox 1275 3178 1353 3216; x_wconf 89' lang='lat' dir='ltr'>qua</span> <span class='ocrx_word' id='word_1_639' title='bbox 1389 3164 1505 3203; x_wconf 87' lang='lat' dir='ltr'>etiam</span> <span class='ocrx_word' id='word_1_640' title='bbox 1542 3165 1820 3214; x_wconf 80' lang='lat' dir='ltr'>tempestatum</span> <span class='ocrx_word' id='word_1_641' title='bbox 1856 3160 2000 3200; x_wconf 88' lang='lat' dir='ltr'>iniuriis</span> <span class='ocrx_word' id='word_1_642' title='bbox 2042 3161 2150 3198; x_wconf 81' lang='lat' dir='ltr'>erant</span> 
     </span>
    </p>
   </div>
  </div>
 </body>
</html>
