2155 3590
600 158 788 198 LIBER
817 159 891 200 lv,
950 158 1080 200 CAP.
1103 157 1227 198 XIX.
1252 157 1347 197 XX.
1801 157 1880 200 261

87 273 203 326 nique
235 272 374 327 gladiis
405 272 546 312 armati
576 272 755 312 muniunt
789 273 931 312 aditus.
981 270 1068 313 Nec
1094 285 1208 312 secus
1234 283 1351 310 canes
1377 269 1495 310 etiam
1521 271 1746 322 venaticos,
1776 270 1882 311 auri-

86 336 146 370 tos
169 329 256 370 illos
282 336 321 369 et
344 329 585 369 horricomes
611 329 658 368 ad
684 329 1011 384 comprimendam
1037 328 1200 369 bestiam
1226 327 1498 367 cohortantur.

649 479 1086 526 CAPUT
1176 479 1309 526 XX.

192 587 305 628 Tunc
342 602 416 643 ego
453 588 599 629 sensim
631 589 821 642 gliscente
848 590 972 629 adhuc.
997 590 1063 629 illo
1094 589 1262 630 tumultu
1293 587 1518 642 retrogradi
1549 587 1642 641 fuga
1675 587 1788 626 domo
1821 587 1878 626 fa·

83 659 215 695 cosm,
244 646 309 686 sed
337 646 450 699 plane
475 645 632 685 Thrasx
636 646 787 686 leonem
815 646 912 686 mire
939 646 1100 686 canibus
1127 622 1427 700 repugnantem0
1437 644 1565 684 latens
1592 657 1692 698 pone
1718 643 1878 682 ianuam

81 703 163 757 ipse
193 702 403 765 prospicio,
457 693 700 755 Quamquam
734 702 834 742 enim
861 702 966 742 vitae
999 709 1122 742 metas
1154 702 1310 742 ultimas
1348 701 1494 751 obiret,
1535 714 1614 740 non
1652 706 1781 739 tamen
1818 699 1880 739 sui

80 758 282 811 nostrique
307 758 370 798 vel
396 758 584 812 pristinae
609 759 767 798 virtutis
801 758 966 800 oblitus.
995 759 1070 798 iam
1102 758 1280 798 faucibus
1312 758 1406 812 ipsis
1441 757 1584 797 hiantis
1617 754 1784 797 Cerbeii
1816 769 1879 795 re-

77 815 265 855 lactabat.
307 813 474 855 Scenam
496 815 683 868 denique,
712 828 824 879 quam
846 804 983 870 sponte
1004 822 1239 869 sumpserat
1268 828 1354 854 cum
1375 814 1504 854 anima
1523 813 1722 862 retinens,
1747 812 1753 867 Ι
1775 826 1879 852 nuno

77 871 249 926 fugiens,
278 885 380 910 nune
402 871 606 922 resistens,
634 887 658 911 v
662 872 756 912 ariis
772 872 947 925 corporis
963 872 1021 912 sui
1038 872 1206 911 schemis
1226 885 1271 910 ac
1291 871 1459 911 motibus
1480 870 1635 911 tandem
1656 869 1768 909 domo
1789 882 1879 923 pro-

76 976 181 1005 adi‘trs
195 977 230 1007 F.
244 979 274 1005 3.
301 975 454 1004 οηηᾱιιιιε
468 984 487 1005 a
500 985 540 1005 m.
556 986 584 1012 p.
600 985 655 1011 pro
669 975 784 1005 aditus
798 979 834 1005 D.
881 978 988 1005 setms
1006 978 1041 1006 10.
1057 979 1086 1006 3.
1102 979 1136 1005 G.
1152 977 1180 1006 1.
1197 979 1226 1006 ·2.
1264 976 1371 1004 secius
1393 978 1426 1005 Ο.
1449 976 1470 1005 f.
1507 976 1616 1004 serius
1629 977 1668 1005 D.
1715 973 1875 1003 Isauricus

75 1025 112 1052 G.
126 1025 156 1051 2.
169 1024 208 1051 D.
254 1021 451 1050 horricanes
464 1024 499 1051 G.
517 1024 544 1051 1.
593 1021 876 1059 cnmprz’mandam
892 1024 926 1051 G.
942 1024 971 1051 2.
1003 1021 1219 1059 prz'mamltrm
1233 1023 1271 1050 D.
1287 1029 1305 1050 a
1319 1030 1359 1050 m.
1376 1031 1404 1057 p.
1420 1022 1452 1050 in
1466 1029 1567 1057 marg.
1593 1018 1874 1058 cotteprimendam

75 1070 283 1095 coartantur
295 1069 330 1096 Ο.

163 1111 220 1139 ille
237 1114 276 1142 D.
296 1119 314 1141 a
334 1121 375 1141 111.
395 1121 424 1146 p.
463 1112 608 1150 facesco
629 1114 664 1141 G.
689 1115 715 1141 1.
769 1111 979 1148 Thrasyleon
999 1110 1026 1141 ὃ.
1052 1115 1135 1141 Iunt-
1160 1114 1186 1141 1.
1206 1113 1283 1140 Alii.
1315 1110 1416 1147 (Oud.
1439 1113 1577 1141 coniecit
1601 1110 1872 1147 Thrasyleona).

73 1157 240 1194 conspicio
259 1159 295 1186 B.
344 1166 491 1194 unquam
510 1166 564 1192 pro
583 1158 697 1185 nostrl
713 1158 734 1186 f.
763 1159 826 1191 (ex
845 1158 1032 1192 compendio
1050 1158 1147 1194 n'rz'q5
1167 1156 1307 1193 natum.)
1354 1165 1413 1184 nec
1429 1158 1530 1193 prist.
1551 1159 1588 1186 R.
1628 1156 1772 1196 facibus
1791 1158 1825 1186 F.
1840 1158 1871 1185 3.

72 1203 177 1239 ipsius
191 1206 226 1231 υ.
252 1202 333 1238 ipsis
347 1201 470 1230 oblitus
483 1200 628 1238 lcyances
640 1204 680 1231 D.
694 1210 714 1232 a
727 1211 767 1231 m.
783 1211 811 1237 p.
839 1202 910 1237 (sed
926 1203 1041 1230 vitium
1055 1203 1181 1231 librarii
1196 1209 1216 1230 a
1229 1210 1268 1230 m.
1285 1210 1310 1230 s.
1333 1203 1462 1236 punctis
1481 1207 1527 1231 est
1543 1198 1749 1241 correctum).
1798 1209 1872 1229 sce·

72 1256 145 1276 vom
165 1246 303 1284 denique
317 1248 351 1275 Ο.
382 1254 524 1275 scemam
540 1249 589 1276 ed.
603 1248 745 1276 Scriver.
784 1247 904 1284 quippe
917 1255 971 1281 pro
985 1246 1124 1284 denique
1139 1249 1175 1276 R.
1191 1248 1212 1276 f.
1260 1247 1472 1284 nonfugiens
1488 1250 1523 1276 G.
1537 1250 1568 1276 2.
1583 1249 1621 1276 D.
1636 1255 1656 1276 a
1670 1255 1709 1275 m.
1727 1256 1753 1281 p.
1769 1246 1873 1284 (com-

69 1295 204 1322 mutatio
223 1301 264 1321 ex
284 1293 470 1327 compendio
495 1291 538 1320 n'u
559 1296 588 1320 et
608 1291 652 1319 n‘c
676 1292 854 1328 profecta.)
902 1290 1043 1319 schemis
1063 1294 1099 1321 F.
1122 1294 1150 1322 1.
1171 1295 1201 1321 3.
1222 1294 1257 1321 G.
1273 1294 1302 1321 2.
1323 1294 1360 1320 D.
1378 1294 1412 1320 P.
1427 1290 1454 1320 d.
1471 1295 1505 1321 Ο.
1533 1292 1587 1327 (in
1606 1293 1769 1328 margine,
1796 1300 1872 1321 uam

69 1345 91 1367 a
103 1347 143 1367 m.
159 1347 188 1373 ρ.
202 1342 249 1367 est
263 1338 296 1365 in
310 1341 399 1365 textu
412 1337 551 1372 serenis,
571 1339 654 1371 quod
665 1338 762 1366 etiam
776 1345 812 1366 π.
827 1336 972 1372 exhibet)
998 1335 1145 1365 sehentis
1160 1335 1239 1375 (non
1252 1335 1412 1366 schemis.
1429 1342 1459 1366 ut
1474 1339 1553 1366 Oud.
1568 1341 1721 1371 excerpta
1734 1337 1870 1371 habent)

70 1385 106 1412 G.
123 1385 150 1412 1.
175 1382 293 1411 scerm‘s
301 1383 336 1410 B.
362 1382 470 1410 scenis
483 1383 553 1411 edd.
567 1387 643 1410 vett.
659 1387 784 1417 praeter
795 1384 878 1411 lunt.
895 1384 924 1411 2.
939 1390 1023 1417 quae
1036 1381 1218 1410 schematis
1233 1385 1340 1411 habet.

68 1430 100 1458 2.
114 1430 148 1457 P.
162 1429 198 1457 D.
213 1436 250 1457 π.
298 1425 433 1454 tendere
446 1435 501 1462 pro
517 1425 648 1455 tandem
663 1425 692 1456 δ’.

125 1515 381 1555 horricomes.
442 1514 579 1553 wass.
604 1515 726 1553 voluit
751 1515 934 1554 horr-Ico-

68 1586 169 1617 mos,
206 1572 295 1622 quia
324 1571 426 1609 bene
457 1571 754 1617 observaverat,
785 1571 936 1623 reliqua

69 1628 288 1681 composita
308 1627 392 1666 eius
404 1628 514 1666 vocis
527 1629 658 1679 potius
672 1629 707 1666 in
723 1642 802 1667 sec.
819 1642 934 1679 quam

67 1685 178 1725 tertia
204 1684 462 1723 declinatione
498 1684 644 1731 efferri,
671 1690 712 1723 ut
741 1687 935 1736 anguico-

66 1756 162 1788 mus,
187 1742 429 1787 auricomus,
453 1742 755 1794 flammicomus,
781 1743 937 1793 iynico-

65 1812 162 1844 mas,
187 1797 438 1837 molll'comus
462 1797 511 1836 at.
560 1798 643 1836 Sed
669 1799 800 1836 obstat
827 1798 936 1836 locus

65 1853 149 1893 Vll.
174 1868 212 1906 p.
233 1857 326 1894 466.
359 1854 517 1893 lu’rcum
541 1868 735 1894 annosum
766 1860 804 1893 et
828 1855 935 1893 hor-

65 1913 305 1956 ricomem,
335 1910 401 1948 ubi
431 1923 480 1948 ne
510 1911 624 1948 unius
651 1911 806 1962 quidem
831 1911 935 1949 codi-

64 1968 121 2007 cis
151 1966 279 2005 adhuc
309 1967 389 2004 vidi
418 1966 732 2017 discrepantiam.
799 1966 839 2005 ln
872 1967 933 2005 his

64 2023 198 2062 formis
229 2036 341 2061 suurn
372 2023 495 2074 ipsius
520 2023 714 2074 ingenium
738 2023 933 2074 Apuleius

65 2084 225 2120 secutus
254 2079 406 2117 videtur
431 2092 543 2127 esse3
581 2093 668 2117 nam
694 2079 796 2118 idem
821 2079 933 2117 solus

64 2137 194 2175 statim
214 2136 455 2188 retroyradi
470 2138 581 2188 fuya
603 2136 710 2182 dixit,
737 2149 852 2186 quum
872 2149 933 2174 ce-

63 2193 134 2231 teri
159 2205 298 2230 omnes
322 2192 597 2243 retroqradns
622 2192 795 2230 efferant.

120 2249 399 2289 cohortantur.
427 2247 634 2300 [Hortari
645 2249 856 2288 cohortari
870 2263 935 2289 (ἿιΡ

61 2319 130 2345 nes
144 2305 352 2343 dicuntur
343 2305 379 2350 ii,
405 2304 468 2355 qui
493 2304 541 2342 ad
567 2305 770 2342 saevitiam
797 2318 869 2343 eos
895 2310 934 2344 et

62 2361 230 2400 furorem
260 2361 418 2399 incitant
447 2360 494 2399 cf.
528 2374 628 2411 quae
658 2361 851 2413 proferam
883 2363 933 2401 ad

61 2417 160 2457 Met.
184 2417 251 2456 lX.
276 2431 315 2469 p.
341 2418 452 2470 652]
545 2414 547 2417 ⁸

0 2518 1 2522 Ἰ
119 2473 206 2513 CA».
221 2473 311 2512 XX.
359 2475 568 2526 ylla-ente.
611 2473 694 2525 [De
719 2474 794 2512 hoc
818 2488 931 2513 voca-

60 2529 172 2577 bulo,
205 2530 311 2581 quod
340 2531 502 2582 primum
529 2543 726 2575 crescere,
760 2532 932 2570 latenter

63 2589 210 2640 augyeri
245 2586 453 2637 significat,
492 2591 530 2624 et
565 2591 645 2625 tum
682 2587 930 2638 potissimum

61 2643 112 2681 de
135 2643 183 2682 iis
207 2643 356 2687 dicitur.
383 2644 446 2695 qui
472 2644 527 2681 ira
545 2647 694 2681 tument
712 2648 752 2681 et
770 2658 854 2682 eum
875 2643 929 2682 su-

61 2712 147 2737 rore
170 2699 314 2749 aliquid
343 2700 500 2750 cupiunt
524 2699 572 2738 cf.
588 2699 724 2737 Heius.
750 2700 798 2737 ad
814 2699 928 2739 ovid.

61 2754 221 2796 Heroid
243 2755 335 2794 ΧΥ.
364 2760 453 2796 117.
485 2756 663 2794 Lambin.
692 2756 741 2793 ad
773 2756 928 2796 Luci-,et

62 2809 89 2849 l.
116 2815 207 2852 475.
232 2812 299 2850 Dr.
325 2811 375 2849 ad
399 2811 484 2850 Liv.
511 2811 578 2850 ΥΙ.
605 2817 663 2852 14.
691 2813 720 2863 ξ.
740 2817 771 2851 1.
799 2812 928 2851 Burni.

63 2866 112 2905 a‘d
141 2867 301 2907 Anthol.
332 2867 417 2907 Lat.
445 2868 489 2906 T.
516 2868 559 2907 ll.
585 2882 621 2920 p.
649 2872 741 2909 438.
767 2868 929 2920 Rupert.

63 2922 113 2961 ad
136 2922 227 2963 Tac.
250 2925 351 2963 Ann.
377 2924 403 2963 l.
434 2925 484 2977 1.]

120 2993 285 3020 scenam.
346 2981 511 3020 Sumeroe
540 2995 698 3021 scenam
728 2980 830 3020 Oud.
863 2995 932 3020 ex-

66 3031 198 3084 plicat·
227 3050 380 3075 sumere
401 3052 437 3090 p·
429 3042 534 3075 artes
554 3052 584 3074 5.
607 3051 817 3089 personam
837 3039 929 3083 ursi

65 3088 129 3128 vel
157 3093 244 3142 qnia
277 3107 395 3133 scena
433 3095 482 3133 de
517 3109 599 3133 nna
631 3108 812 3147 persona
843 3095 928 3141 dici,

69 3147 196 3198 negari
220 3151 364 3199 possit,
397 3164 513 3201 quum
544 3155 673 3189 tamen
698 3164 822 3202 saepe
847 3155 930 3190 tota

1387 1382 1535 1410 moribus
1556 1391 1612 1417 pro
1632 1381 1775 1410 molibus
1790 1384 1826 1411 G.
1844 1384 1871 1413 l.

995 1529 1115 1554 scena
1131 1530 1205 1554 una
1219 1529 1388 1567 persona
1397 1515 1636 1562 absolvatur,
1653 1517 1737 1568 capi
1749 1530 1874 1568 posse

996 1573 1194 1611 existimat
1220 1573 1270 1610 de
1295 1577 1376 1610 toto
1403 1577 1609 1624 apparatu:
1641 1577 1682 1610 ut
1707 1573 1802 1612 Met.
1827 1572 1872 1611 ΙΙ.

995 1643 1030 1680 p.
1061 1633 1150 1670 162.
1178 1629 1244 1667 ΙΥ.
1272 1643 1308 1680 p.
1336 1632 1430 1669 293.
1464 1628 1529 1667 ΥῙ.
1556 1643 1592 1681 p.
1619 1633 1712 1670 435.
1740 1629 1808 1667 IX.
1835 1643 1871 1680 p.

996 1689 1088 1727 622.
1141 1685 1350 1737 [Equidem
1373 1700 1494 1725 scena
1509 1685 1546 1723 h.
1562 1686 1585 1724 l.
1609 1699 1678 1737 pro
1700 1691 1873 1725 externa,

996 1744 1131 1795 specie
1151 1747 1189 1780 et
1209 1743 1350 1782 habitu
1370 1742 1511 1780 dictum
1527 1756 1622 1780 esse
1635 1747 1747 1794 put0.
1769 1756 1870 1793 quae

995 1799 1224 1851 significatio
1250 1799 1482 1851 posterioris
1507 1799 1696 1850 temporis
1717 1799 1870 1837 videtur

996 1869 1090 1893 esse
1116 1856 1281 1906 propria.
1343 1855 1389 1893 cs.
1418 1854 1581 1893 Tertull.
1608 1855 1765 1894 advers.
1790 1855 1868 1893 Ya-

996 1912 1084 1950 lent.
1112 1926 1142 1951 c.
1159 1916 1222 1952 20.
1249 1925 1286 1962 p.
1302 1915 1395 1952 258.
1423 1910 1463 1949 Γ.
1489 1911 1633 1963 Rigalt.
1661 1913 1868 1951 coeloram

991 1969 1289 2020 septemple’cem
1313 1982 1471 2007 scenam
1503 1969 1523 2006 i.
1557 1981 1590 2007 e.
1620 1970 1790 2020 fact'em,
1818 1968 1868 2005 de

992 2024 1134 2063 Anima
1161 2038 1192 2062 c.
1208 2028 1271 2064 46.
1300 2038 1335 2075 p.
1352 2027 1444 2065 299.
1460 2023 1504 2062 B.
1525 2025 1584 2063 acl
1610 2038 1762 2064 omnem
1786 2039 1865 2064 ma-

993 2082 1107 2120 litiae
1137 2095 1234 2120 snae
1257 2094 1415 2120 scenam
1442 2081 1531 2119 ibid.
1559 2095 1589 2120 c.
1616 2086 1681 2122 51.
1707 2094 1744 2132 p.
1772 2085 1867 2122 301.

993 2152 1081 2177 cum
1124 2142 1250 2177 totum
1289 2138 1480 2189 corporis
1515 2151 1674 2176 scenam
1711 2142 1866 2190 tempus

994 2194 1224 2233 exoleverit.
1276 2194 1411 2232 Sidon.
1433 2193 1569 2245 Apoll.
1583 2193 1709 2246 Epist.
1725 2193 1810 2232 Vll.
1829 2199 1865 2234 1.

993 2250 1099 2289 Nam
1130 2250 1252 2289 modo
1283 2264 1426 2290 scenae
1454 2252 1654 2290 moenium
1676 2250 1864 2302 publico-

992 2320 1080 2345 rum
1113 2306 1264 2345 crebris
1294 2312 1428 2346 terrae
1457 2307 1627 2346 motibus
1664 2308 1865 2346 concutie-

992 2363 1150 2401 bantur.
1211 2363 1274 2400 ubi
1301 2363 1348 2402 cf.
1377 2363 1569 2401 Sirmond.
1597 2377 1632 2414 p.
1661 2367 1767 2408 118..
1799 2363 1863 2413 qui

990 2423 1195 2471 praeterea
1224 2419 1338 2457 affert
1372 2420 1497 2458 locum
1529 2433 1579 2457 ex
1605 2418 1766 2458 Eumen.
1792 2433 1862 2470 pro

990 2475 1231 2514 restauraud.
1267 2476 1392 2515 schol.
1433 2480 1470 2516 2.
1507 2477 1536 2527 ᾧ.
1570 2480 1606 2516 5.
1666 2477 1864 2514 Accurate

991 2532 1039 2569 de
1065 2545 1110 2570 ea
1137 2532 1418 2584 significatione
1444 2537 1606 2584 egerunt
1619 2532 1785 2583 Buleng.
1812 2532 1864 2570 (le

991 2587 1146 2627 Theatr.
1162 2588 1190 2627 l.
1215 2603 1246 2627 e.
1266 2593 1326 2630 18.
1354 2589 1389 2627 in
1406 2589 1546 2627 Graev.
1563 2587 1685 2627 Thes.
1698 2589 1860 2640 Antiqq.

990 2644 1035 2683 T.
1049 2644 1118 2683 lx.
1138 2659 1176 2697 p.
1191 2649 1283 2686 871.
1335 2644 1570 2683 Calliae-hius
1589 2645 1639 2683 ‹le
1660 2644 1737 2683 lud.
1753 2658 1860 2684 scen.

989 2702 1135 2740 mimor.
1162 2706 1202 2740 et
1221 2707 1390 2753 panton..
1412 2715 1442 2739 e.
1464 2706 1494 2741 l.
1516 2702 1550 2739 in
1568 2701 1742 2752 Salleng.
1757 2700 1859 2739 Nov.

989 2757 1109 2796 Thes.
1130 2759 1290 2809 Antiqq.
1312 2757 1357 2796 T.
1372 2757 1418 2796 ll.
1443 2771 1480 2808 p.
1498 2761 1590 2798 716.
1649 2757 1724 2796 Hic
1748 2757 1862 2809 igitur

987 2828 1106 2854 scena
1127 2820 1190 2853 est
1203 2815 1371 2852 exterior
1387 2813 1672 2865 Thrasyleonis
1687 2814 1859 2866 species,

987 2875 1050 2909 est
1078 2871 1165 2923 ipse
1198 2885 1331 2916 ursas,
1364 2870 1473 2907 cuins
1497 2870 1691 2921 ingenitml
1717 2875 1757 2909 et
1780 2884 1860 2908 mo-

990 2941 1055 2964 res
1080 2929 1226 2980 optime
1254 2927 1578 2978 repraesentabat
1597 2926 1859 2978 Thi-asyleon.

991 2983 1201 3023 schemam
1225 2983 1290 3022 hic
1320 2996 1476 3033 quoque
1503 2983 1636 3034 legunt
1653 2983 1784 3023 Ursin.
1808 2984 1860 3022 ad

990 3039 1098 3079 Suet.
1130 3039 1258 3078 Tiber.
1285 3053 1316 3078 c.
1344 3043 1407 3079 43.
1441 3043 1481 3077 et
1512 3039 1663 3078 Schott.
1688 3038 1858 3080 observ.

988 3095 1013 3133 Ι.
1041 3109 1071 3134 c.
1100 3101 1136 3137 5.
1161 3111 1200 3148 p.
1225 3095 1283 3148 8.}

1043 3153 1219 3192 schemis.
1280 3152 1404 3191 Recte
1443 3151 1602 3192 Colvius
1628 3167 1712 3192 cuni
1739 3152 1860 3192 Gros-

1902 817 1920 851 2

1926 816 1966 847 82
