2155 3590
647 122 834 163 LIBER
858 123 908 162 II.
969 121 1097 164 CAP.
1126 120 1271 162 XXX.
1785 119 1865 163 145

69 243 255 277 strennum
280 236 422 276 iniecta
448 235 575 276 somni
599 234 741 275 nebula
765 248 888 289 eoque
913 236 952 276 in
979 235 1210 290 profundam
1237 232 1406 287 quietem
1426 232 1599 285 sepulto,
1628 245 1690 273 me
1708 233 1867 272 nomine

70 293 174 333 ciere
205 305 283 332 non
314 292 423 346 prius
448 291 670 341 desierunt,
704 304 819 344 quam
845 293 933 332 dum
959 292 1121 333 hebetes
1144 297 1254 331 artus
1279 295 1320 329 et
1343 287 1519 328 membra
1538 285 1546 344 Ι
1567 287 1712 341 frigida
1741 288 1866 342 pigris

69 348 272 388 conatibus
303 348 351 388 ad
381 348 478 389 artis
509 347 687 402 magicae
718 347 898 388 nituntur
928 347 1131 402 obsequia.
1193 345 1270 386 Hic
1300 351 1435 399 utpote
1465 344 1580 385 vivus
1612 344 1765 398 quidem
1798 345 1867 384 sed

68 411 218 444 tantum
249 418 391 458 sopore
422 411 620 451 mortuus,
655 404 755 458 quod
787 404 923 444 eodem
953 419 1106 445 mecum
1137 401 1331 444 vocabulo
1363 407 1633 455 nuncupatur,
1668 401 1716 440 ad
1753 415 1866 441 suum

68 474 210 501 nomen
240 460 404 515 ignarus
441 460 645 513 exsurgit,
673 466 713 500 et
747 459 787 499 in
814 460 1010 501 exanimis
1047 459 1208 501 umbrae
1239 458 1395 498 modum
1424 456 1630 497 ultroneus
1663 457 1865 510 gradiens,

67 530 298 570 quamquam
324 517 475 557 foribus
501 516 669 557 cubiculi
695 516 906 569 diligenter
931 517 1121 568 occlusis,
1151 529 1221 570 per
1245 514 1437 568 quoddam
1469 514 1649 553 foramen
1675 513 1867 566 prosectis

66 586 162 612 naso
188 573 294 627 prius
320 587 366 612 ae
390 587 485 612 mox
509 572 691 622 auribus,
718 572 908 612 vicariam
934 587 1003 626 pro
1029 587 1089 613 me
1114 572 1312 612 lanienam
1337 569 1594 623 susceplavit.
1640 567 1769 622 thue
1796 569 1867 608 sal-

64 629 188 669 laeiae
212 629 362 682 reliqua
389 629 670 678 convenirent,
705 642 835 669 ceram
860 628 900 668 in
927 630 1081 669 modum
1108 635 1377 683 prosectarum
1410 627 1621 666 formatam
1652 625 1806 665 aurium
1833 625 1869 664 ei

64 685 259 740 applicant
296 685 559 736 examussim,
599 699 775 739 nasoque
812 685 934 739 ipsius
971 686 1136 725 similem
1175 690 1419 738 comparant.
1482 681 1537 721 Et
1572 695 1676 720 nunc
1714 681 1870 721 adsistit

62 741 184 782 miser
212 741 274 781 bic
305 741 519 796 praemium
551 756 629 782 non
660 741 878 782 industriae
912 742 979 782 sed
1012 740 1292 782 debilitationis
1329 745 1581 780 consecutus.
1644 736 1718 777 His
1756 737 1869 777 dictis

62 797 295 851 perterritus
322 804 475 838 tentare
502 797 723 853 fortulnam
750 798 979 851 aggredior.
1014 797 1165 838 iniecta
1190 810 1309 837 manu
1334 810 1473 836 nasum
1494 794 1710 849 prehendo,
1739 793 1869 847 sequi-

59 895 136 920 vett.
156 893 191 920 In
201 895 517 929 cettestpostremu.
542 891 874 921 im'ectnsonmz'11'e.
895 891 1333 920 infectaomnio.1.2.D.0.
1359 887 1622 918 winemarus.
1648 887 1740 916 omm'
1750 886 1872 916 nebula

62 937 257 966 G.1.2.1).0.
278 938 583 974 qui'etmnVenet.2.
602 935 861 966 01·cerev‹.›ner.4.
883 936 1012 966 desiere
1022 932 1872 971 edum-eu.praeterVenet.4.efflanquaenabentde-

59 981 137 1011 stre.
152 984 341 1012 utuntur-B.
355 983 936 1017 nitantureddxett.p1·aeter1u111.2.
956 981 1113 1010 hit-vicus
1122 981 1192 1010 R.f.
1212 979 1272 1008 sed
1280 981 1473 1009 tamennet
1483 980 1702 1008 Putschiusin
1710 986 1812 1015 marg.
1822 980 1872 1008 ed.

59 1027 149 1056 Colv.
159 1028 324 1057 adnotaw't
334 1037 351 1056 e
360 1030 426 1057 cod.
436 1030 472 1057 P.
485 1028 609 1057 Vitium
617 1031 720 1056 ortum
729 1031 775 1055 est
787 1036 827 1056 ex
834 1027 1200 1063 perpetuaconfusione.
1217 1025 1358 1060 [effluit.
1368 1026 1407 1053 ad
1417 1026 1675 1059 Fronr.1.1.5.p.
1685 1026 1699 1052 1
1707 1025 1871 1053 5.1.5.17.

60 1075 150 1106 ι).88.
172 1074 372 1108 compendia
386 1072 424 1105 εἷ
434 1078 463 1102 et
477 1071 522 1104 ιιῖ
535 1072 692 1101 facillime
707 1074 884 1107 permutari
898 1076 1045 1108 possunt.
1061 1071 1183 1100 cf.Liv.
1199 1070 1221 1100 1.
1237 1069 1386 1104 ⁸29.§.6.]
1412 1070 1569 1098 Fortasse
1579 1070 1814 1098 emendandum
1823 1072 1873 1097 est

64 1119 198 1145 tantum
212 1126 290 1155 mm,
306 1120 389 1153 quod
403 1119 500 1147 etiam
513 1118 587 1146 Ald.
602 1118 712 1145 eodem
727 1121 809 1146 teste
823 1118 981 1147 Putscliio
994 1119 1100 1146 hahet.
1115 1116 1247 1144 Heins.:
1276 1113 1331 1142 Sic
1347 1117 1458 1142 tamen
1473 1118 1501 1143 et
1523 1123 1577 1149 pro
1598 1117 1774 1142 mortuus:
1798 1122 1872 1142 mu-

60 1165 138 1190 enus
151 1164 345 1192 coniecerat.
393 1165 610 1199 nuncupatur
628 1163 663 1190 F.
679 1164 710 1191 3.
732 1164 768 1190 G.
785 1165 811 1192 1.
826 1165 857 1192 2.
876 1164 914 1191 D.
930 1172 960 1198 p.
975 1164 1010 1190 0.
1024 1159 1052 1190 δ.
1068 1162 1088 1190 f.
1109 1161 1180 1189 edd.
1195 1163 1270 1188 vett.
1286 1163 1414 1194 praeter
1425 1160 1540 1187 Venet.
1556 1161 1584 1188 4.
1601 1163 1629 1188 et
1644 1160 1770 1196 Paris„
1789 1166 1873 1193 quae

59 1212 132 1236 cum
146 1212 219 1237 cett.
234 1209 328 1237 libris
341 1211 458 1237 liabent
478 1210 701 1244 nuncupetur.
749 1207 898 1245 resurgit
913 1209 950 1236 B.
966 1208 1014 1235 ed.
1030 1215 1076 1241 pr.
1090 1206 1218 1235 Vicent.
1232 1206 1348 1233 Veniet.
1361 1206 1393 1232 2.
1442 1204 1612 1232 e.z·nn1'1m's
1627 1205 1660 1233 in
1674 1205 1712 1233 D.
1728 1207 1776 1233 est
1790 1212 1873 1232 non·

59 1253 123 1281 nisi
138 1261 157 1282 a
170 1261 210 1282 m.
224 1262 250 1282 s.
276 1255 310 1280 et
322 1252 491 1281 exanimis·
503 1253 541 1281 Β.
556 1252 762 1281 inexum'mt's
777 1254 905 1281 Vicent.
919 1254 1034 1281 venet.
1050 1253 1080 1279 2.
1129 1248 1243 1278 urbem
1257 1247 1386 1276 modum
1401 1250 1438 1277 D.
1488 1248 1580 1276 ultro
1595 1256 1686 1277 meus
1700 1251 1738 1277 D.
1754 1257 1773 1278 a
1786 1257 1827 1278 m.
1841 1257 1873 1283 p.

58 1298 499 1327 eumlectioneintertineari
513 1296 699 1326 ultroncus.
749 1298 894 1325 ubellsus
912 1298 1040 1326 Vin-ent.
1083 1293 1276 1332 praesectis
1293 1291 1321 1322 ὃ.
1341 1294 1515 1331 pruseptis
1534 1296 1572 1322 D.
1594 1299 1625 1323 ut
1649 1295 1735 1322 infra
1750 1301 1873 1331 prose-

52 1345 212 1380 pturum,
233 1342 404 1382 prosectis·
417 1344 531 1372 Venet.
546 1345 576 1372 2.
589 1345 673 1371 qut.
692 1345 718 1370 l.
734 1351 818 1377 quae
831 1343 992 1378 posterior
1005 1342 1103 1370 etiam
1118 1340 1205 1369 infra
1213 1338 1454 1378 prosectarum
1470 1341 1576 1367 habet.
1615 1342 1649 1366 et
1662 1346 1742 1366 moa·
1757 1340 1778 1368 s.
1815 1346 1874 1367 su-

57 1387 199 1416 uitauit
211 1389 245 1417 F.
263 1390 290 1417 1.
304 1390 335 1418 3.
351 1390 386 1417 G.
405 1390 431 1416 l.
446 1390 476 1417 2.
490 1389 528 1416 D.
543 1389 579 1417 P.
593 1389 629 1416 Β.
644 1389 693 1417 ed.
708 1389 1013 1422 pr.vicent.Venet.
1027 1388 1058 1415 2.
1074 1388 1103 1414 4.
1118 1385 1226 1414 Paris.
1240 1388 1270 1413 el
1282 1386 1366 1412 lunt.
1382 1386 1411 1413 1.
1436 1384 1539 1413 Unice
1554 1388 1661 1412 tamen
1675 1385 1875 1418 probandum

57 1438 106 1462 est
120 1434 331 1470 susceptam?
342 1434 627 1468 c.Be(-ic11em.1·:p.
637 1434 690 1461 71.
705 1437 734 1461 et
749 1433 963 1467 Schikerado,
979 1432 1060 1465 quod
1076 1431 1155 1459 Oud.
1170 1430 1313 1464 explicat
1327 1428 1361 1456 ia
1376 1436 1411 1457 se
1425 1429 1585 1465 suscepit.
1599 1430 1720 1457 Eadem
1736 1434 1783 1457 est
1797 1436 1875 1457 cou-

57 1479 144 1507 fusio
158 1480 294 1508 Met.XI.
310 1480 423 1514 usu.
439 1477 582 1506 tutelam
596 1481 795 1514 susceptare
809 1479 863 1507 ubi
878 1477 1076 1506 recentiores
1088 1476 1187 1504 etiam
1200 1478 1333 1503 servant
1348 1474 1529 1502 suscitare.
1576 1476 1618 1501 ut
1630 1472 1810 1513 quaefall.
1825 1474 1875 1503 ed.

58 1525 163 1553 Paris.
211 1523 366 1561 reliquae
379 1526 415 1553 G.
434 1525 460 1553 1.
476 1525 510 1552 0.
560 1523 792 1551 convenissent
809 1524 844 1552 G.
862 1525 891 1551 1.
905 1524 936 1551 2.
950 1523 988 1550 D.
1003 1522 1040 1550 Ρ.
1054 1522 1092 1549 R.
1109 1520 1130 1549 f.
1146 1521 1180 1549 Ο.
1195 1517 1224 1548 ὃ.
1273 1527 1412 1546 caeram
1432 1521 1547 1548 Veniet.
1563 1522 1593 1548 2.
1611 1521 1697 1548 lunt.
1717 1521 1744 1547 ¹.
1788 1526 1873 1555 pro-

57 1572 225 1597 sector-nm
245 1571 280 1599 0.
329 1568 470 1597 auribus
489 1570 524 1597 0.
565 1568 762 1607 formatam
778 1571 871 1597 abest
892 1575 913 1595 a
927 1567 948 1595 s.
997 1565 1185 1603 applicavit
1201 1565 1221 1594 f.
1248 1563 1413 1601 applicuit
1430 1567 1491 1592 ΜΝ.
1508 1565 1561 1592 Al.
1579 1568 1659 1593 teste
1672 1565 1762 1593 Colv.
1811 1571 1877 1591 ea·-

57 1614 217 1642 amusst'm
230 1615 268 1643 D.
299 1622 371 1643 cum
385 1617 500 1649 glossa
512 1612 777 1651 diligentissime.
803 1616 835 1640 et
849 1610 968 1640 arutso
985 1620 1039 1646 pro
1052 1618 1097 1638 ex
1111 1610 1272 1638 antussim
1286 1609 1319 1646 β.
1356 1608 1571 1645 comparavit
1587 1609 1607 1638 f.
1650 1611 1786 1637 secutus
1801 1610 1876 1638 αἱ).

56 1661 94 1689 1).
134 1662 270 1688 tentans
285 1657 473 1697 aggrede'B.
488 1663 517 1687 et
534 1660 638 1688 Basil.
679 1661 846 1696 temptare
860 1655 1042 1695 aggredior
1061 1657 1109 1685 ed.
1125 1664 1170 1690 pr.
1185 1655 1313 1684 ricem.
1330 1657 1443 1684 Venet.
1458 1658 1488 1683 λ’.
1503 1658 1576 1683 cett.
1596 1656 1667 1684 edd.
1687 1658 1765 1683 vett.
1780 1661 1879 1690 prae·

58 1710 105 1733 ter
120 1706 205 1734 Iunt.
226 1707 257 1734 2.
296 1704 484 1745 fortunave
504 1712 615 1733 omues
629 1706 720 1733 codd.
735 1709 764 1733 et
779 1705 860 1732 Edu.
874 1707 951 1731 vett.
967 1703 1099 1731 addunt.
1142 1699 1272 1738 prendo
1287 1702 1321 1729 0.
1353 1698 1567 1737 apprehenda
1582 1701 1618 1728 G.
1635 1702 1663 1729 2²,
1678 1701 1716 1729 D.

56 1781 177 1820 hebet
195 1781 244 1821 cf.
264 1781 312 1820 ad
333 1780 427 1820 Met.
448 1779 549 1819 wll.
570 1795 608 1833 p.
625 1784 718 1821 581.
739 1781 802 1819 ubi
823 1779 935 1832 plura
995 1779 1187 1816 toritatem
1204 1790 1252 1815 ex
1267 1791 1342 1815 uno
1357 1776 1441 1815 cod.
1458 1775 1877 1828 ‹I'Oi·V.c.Oud.prae-

59 1837 196 1877 dicam.

114 1895 234 1934 clere.
261 1893 483 1946 [Proprium
499 1898 561 1932 est
574 1895 668 1932 artis
686 1893 861 1944 magicae
872 1906 935 1930 vo-

61 1949 144 1990 cab.
171 1949 220 1991 de
245 1950 292 1989 iis
319 1955 568 2003 usurpatum,
596 1951 659 2001 qui
685 1953 860 1988 mortuos
887 1949 937 1986 ad

57 2007 231 2057 spiritum
256 2007 442 2046 reducunt
462 2007 510 2046 cs.
531 2006 615 2045 Intt.
637 2006 687 2045 ad
707 2006 817 2057 Vir-g.
837 2006 936 2044 Aen.

57 2060 125 2103 IV.
153 2063 264 2115 490]

116 2120 211 2159 dum
235 2121 428 2159 nituntur.
481 2119 584 2159 Oud.
611 2119 760 2158 dubitat
779 2134 826 2158 an
848 2132 939 2156 vere

58 2176 303 2216 indicativum
340 2177 452 2215 codd.
491 2178 680 2215 retineant
712 2180 751 2214 et
781 2190 827 2214 an
860 2189 939 2214 um-

60 2247 174 2285 quam
195 2233 293 2272 dum
311 2247 379 2284 pro
402 2234 535 2272 donec
555 2247 602 2271 eo
622 2233 739 2271 modo
759 2236 866 2270 recte
886 2232 937 2269 di-

59 2293 184 2337 catur3
205 2289 407 2328 coII.Duk.
421 2289 471 2327 ad
487 2287 590 2328 Flor.
606 2288 670 2328 III.
684 2288 727 2328 Il.
746 2293 780 2329 7.
807 2289 936 2326 Arntz.

58 2345 109 2387 ad
129 2344 210 2384 Cat.
241 2345 343 2384 Dist.
371 2350 408 2386 2.
434 2349 470 2386 3.
498 2345 665 2385 Gronov.
697 2345 748 2385 ad
778 2345 939 2390 Melam,

58 2401 124 2443 III.
150 2407 188 2444 8.
249 2402 331 2440 Sed
362 2405 489 2440 tamen
516 2416 639 2453 posse
664 2401 728 2440 hic
751 2402 939 2454 temporis

60 2459 282 2512 praesentis
300 2462 428 2497 actum
443 2459 658 2509 significare
677 2460 741 2504 ait,
766 2459 852 2497 sive
866 2471 939 2496 nec

58 2518 177 2568 prius
207 2530 326 2569 quam
354 2520 469 2560 tunc,
504 2529 625 2568 quum
650 2515 729 2555 iam.
753 2516 939 2554 nituntur

61 2577 102 2611 et
124 2576 214 2612 tunc
238 2572 376 2622 requiri
403 2571 660 2609 indicativum.
720 2570 845 2621 [Idem
873 2585 937 2608 vo-

64 2629 133 2668 tuit
154 2627 286 2668 Burni.
313 2628 361 2667 ad
390 2626 525 2666 Claud.
552 2626 711 2678 Eutrop.
733 2626 759 2665 1.
780 2631 875 2668 316.
902 2631 940 2665 et

62 2685 111 2725 ad
137 2684 252 2725 Ovid.
273 2683 389 2722 Trist.
411 2683 478 2721 lv.
496 2687 587 2724 755.
615 2682 681 2732 (cs.
696 2682 764 2721 Dr.
790 2684 839 2722 ad
854 2683 938 2722 Liv.

62 2741 90 2781 Ι.
112 2746 178 2783 40.
203 2740 235 2792 §.
257 2745 294 2781 7.
318 2739 363 2779 ΙΙ.
385 2745 451 2780 47.
478 2739 508 2790 §.
525 2742 579 2788 5.)
607 2737 765 2791 Optime
792 2740 841 2779 de
865 2739 942 2779 hoc

63 2812 138 2837 usu
157 2797 340 2837 iudicavit
357 2796 486 2835 Hand.
518 2795 691 2834 Tursell.
712 2794 757 2833 ll.
774 2810 812 2848 p.
826 2795 938 2848 321.]

119 2854 334 2895 vocabulo.
385 2852 663 2905 [Vocabulum
685 2851 748 2890 hic
774 2852 943 2903 positum

67 2915 130 2950 est
153 2925 223 2964 pro
255 2911 434 2954 nomine,
467 2908 516 2947 de
543 2922 621 2960 qua
644 2921 728 2947 voc.
754 2907 944 2958 significa-

66 2968 168 3006 tione
213 2966 263 3005 cs.
295 2964 433 3006 Munk.
466 2965 513 3004 ad
558 2963 739 3015 Fulgent.
773 2963 942 3015 mythol.

66 3022 132 3063 III.
156 3038 196 3076 p.
223 3027 315 3064 717.
341 3022 470 3062 Doed.
498 3021 712 3072 Synonym.
739 3019 850 3059 Tom.
875 3019 944 3058 IV.

68 3095 107 3133 p.
133 3085 198 3121 27.
224 3079 324 3118 Elm.
351 3080 386 3116 in
413 3078 506 3130 iudj]

121 3138 336 3189 prosectis.
397 3135 557 3187 [Contra
577 3135 742 3174 omnium
764 3133 843 3172 libr.
858 3146 946 3172 auc·

994 1835 1112 1874 sectis
1130 1834 1303 1885 recipere
1325 1847 1398 1871 non
1412 1832 1620 1878 audebam,
1642 1844 1878 1883 quamquam

995 1904 1064 1942 per
1078 1904 1124 1928 se
1138 1890 1242 1929 istud
1263 1891 1416 1928 omuino
1437 1890 1721 1940 comprobatur.
1759 1887 1799 1925 ln
1813 1887 1877 1926 his

998 1948 1098 1985 enim
1123 1959 1299 1999 praepp.‚
1321 1960 1422 1997 quae
1438 1946 1518 1983 sere
1532 1945 1635 1983 idem
1660 1946 1696 1983 in
1723 1957 1877 1996 compp.

999 2004 1234 2055 significant,
1267 2003 1338 2040 nisi
1364 2002 1439 2040 fide
1464 2001 1565 2040 Mss.
1592 2001 1787 2040 diiudicari
1813 2014 1876 2039 ne·

1000 2061 1092 2110 quit,
1101 2074 1200 2111 quos
1209 2060 1352 2109 ubique
1360 2059 1589 2109 sequendos
1605 2071 1697 2096 esse
1712 2056 1876 2110 censui]

1057 2131 1209 2156 (turum.
1237 2114 1385 2168 [Oxou.
1403 2115 1523 2153 habet
1541 2115 1720 2159 auribus,
1738 2117 1782 2151 ut
1801 2113 1878 2151 duo

999 2173 1114 2211 dativi
1162 2172 1405 2224 adponantui·
1451 2172 1572 2209 verbo
1627 2170 1878 2223 adplicaret,

998 2243 1160 2281 quorum
1218 2243 1317 2267 uuus
1371 2232 1520 2280 partem
1583 2227 1773 2278 significat
1824 2227 1880 2264 rei

1001 2286 1062 2324 vel
1094 2299 1287 2338 personae
1317 2299 1419 2336 quae
1451 2286 1485 2323 in
1518 2285 1739 2323 universum
1764 2286 1882 2321 antea

1000 2344 1185 2381 denotata
1199 2346 1279 2385 θεῖς
1311 2341 1356 2379 cf.
1373 2340 1470 2380 Met.
1488 2340 1550 2379 III.
1571 2354 1610 2392 p.
1628 2343 1719 2381 194.
1761 2338 1880 2377 Plura

999 2400 1152 2438 miscuit
1170 2397 1293 2444 Oud.,
1320 2399 1383 2449 qui
1404 2397 1581 2437 conferre
1609 2411 1681 2435 non
1709 2396 1882 2433 debebat

997 2456 1094 2494 Met.
1115 2454 1182 2493 Vl.
1202 2469 1238 2508 p.
1262 2459 1356 2495 415.
1378 2455 1588 2493 decidenti
1607 2453 1797 2493 sarcinae
1811 2453 1880 2503 fn-

997 2513 1165 2552 saculos
1178 2512 1555 2564 aliquotporrt'yas
1568 2508 1880 2558 ei.—Aliasup-

997 2567 1324 2621 peditabitssurm.
1340 2567 1390 2606 ad
1398 2566 1512 2604 Ovid.
1528 2565 1623 2604 Met.
1633 2564 1702 2603 IX.
1713 2568 1806 2604 770.
1830 2563 1879 2603 cf.

997 2623 1094 2665 Met.
1104 2624 1148 2664 ll.
1164 2639 1200 2677 p.
1215 2629 1304 2666 107.
1315 2624 1473 2662 Dissen.
1489 2622 1536 2660 ad
1550 2621 1706 2660 I'indar.
1716 2619 1878 2671 Olymp.

1002 2681 1046 2720 II.
1080 2681 1140 2722 14.
1168 2680 1297 2732 Eurip.
1320 2679 1474 2718 Heracl.
1503 2681 1567 2719 63.
1595 2676 1797 2715 schaeser.
1824 2676 1879 2714 ad

1002 2738 1123 2790 Soph.
1144 2736 1310 2775 Phitoct.
1335 2740 1427 2776 747.
1450 2735 1557 2785 Vin-g.
1579 2734 1679 2772 Aen.
1702 2732 1754 2773 V.
1769 2731 1881 2786 172]

1036 2799 1192 2835 tentare
1196 2797 1423 2846 fortunam.
1439 2790 1514 2843 [Ita
1522 2803 1570 2828 ex
1579 2790 1758 2828 omnibus
1767 2788 1881 2828 codd.

1002 2853 1175 2903 recipere
1196 2864 1268 2887 nou
1291 2848 1475 2894 dubitavi,
1497 2859 1732 2897 quamquam
1746 2844 1883 2897 paullo

1003 2907 1233 2946 insolentius
1272 2905 1348 2943 hoc
1382 2904 1524 2942 dictum
1563 2915 1657 2940 esse
1689 2901 1882 2941 confiteor.

1004 2964 1194 3003 Gruterus
1217 2965 1396 3014 sormam
1420 2974 1489 3012 pro
1511 2962 1727 3011 fortunam
1754 2972 1885 2997 emen·

1004 3019 1103 3058 dans
1129 3020 1272 3057 frustra
1296 3017 1393 3068 egit,
1420 3016 1511 3066 quia
1531 3017 1671 3068 forma
1697 3015 1747 3053 (Ie
1769 3015 1886 3067 facie

1005 3090 1209 3126 nusquam,
1233 3077 1415 3124 quantum
1434 3072 1538 3117 scio,
1567 3072 1770 3123 reperitur3
1812 3083 1885 3110 nec

1002 3133 1130 3173 minus
1149 3131 1387 3185 improbatur
1406 3127 1510 3169 Oud.
1530 3129 1751 3168 coniectura
1766 3129 1884 3180 fron-

1569 3183 1626 3228 10

1895 297 1956 329 165

1897 806 1961 841 166
