2221 3667
231 338 295 370 737

322 161 406 204 964

582 161 626 200 1..
660 160 880 200 APULEII
909 159 1314 201 MADAURENSIS
1344 161 1891 203 METAMORPHOSEON

321 273 542 314 barbaricis
575 273 755 314 amiculis
787 272 961 314 humerIS
993 273 1276 324 defluentibus,
1309 274 1443 329 pulcre
1476 274 1698 316 indusiatus
1729 276 1982 325 adulescens,
2017 287 2138 315 aurea

322 330 424 370 tiara
446 337 627 370 contecto
648 331 796 385 capite,
825 330 1051 385 pecuarium
1073 330 1080 387 Ι
1101 330 1311 371 simulabat
1330 332 1618 386 magisterium.
1657 333 1784 374 Adest
1801 333 2023 374 luculentus
2043 345 2141 386 puer

320 459 355 487 z‘n
375 458 569 487 barbaric-is
589 461 660 488 edd.
679 463 759 490 vett.

320 503 471 532 humeris
492 514 555 534 nou
570 510 619 534 est
633 505 666 534 in
680 507 717 535 L.

808 458 1023 499 desnenh'bus
1043 461 1078 488 F.
1099 462 1129 489 3.

321 629 398 667 que
429 616 592 665 figuras,
630 629 653 654 e
687 617 827 667 quibus
858 630 951 655 mox
983 616 1204 663 concludat,

322 674 409 723 quis
436 672 502 711 ille
529 677 662 724 pastor
686 673 887 725 Phrygius
914 674 1045 720 suerit,
1073 687 1204 725 quem-

321 743 398 780 que
436 730 709 781 designaverit.
761 730 866 782 [sed
905 736 985 769 tum
1021 744 1204 769 necessa-

319 788 416 825 rium
448 792 548 826 erat.
580 787 729 837 aliquid
760 787 933 825 additum
961 791 1091 833 esset,
1125 802 1202 838 quo

320 858 461 882 nomen
513 844 629 881 huius
683 845 854 894 pastoris
909 844 1201 895 intelligeretur.

319 900 422 939 Nam
451 901 485 938 in
513 915 628 951 seqq.
655 901 756 938 idem
782 902 832 939 fit.
883 899 1096 940 Praeterea
1127 915 1202 940 non

321 971 481 1008 semper
507 958 650 1007 figuras
673 958 869 996 hominum
896 960 1088 1009 proponit,
1114 958 1203 997 inde

320 1027 453 1052 eorum
503 1028 696 1064 personas
747 1015 958 1065 colligens,
1009 1020 1050 1053 ut
1099 1015 1201 1053 Oud.

318 1071 459 1110 voluit:
503 1071 576 1108 sed
614 1085 654 1123 p.
683 1076 776 1112 738.
816 1072 922 1110 dicit:
967 1072 1203 1124 Insequitur

314 1128 460 1180 puella
489 1129 600 1167 vultu
627 1128 798 1167 honesta
830 1130 877 1167 in
909 1129 1029 1168 (leae
1056 1129 1202 1169 luno-

320 1186 394 1223 nis
419 1186 629 1236 speciem
653 1185 845 1230 similis,
876 1189 914 1223 et
939 1190 1018 1223 tum
1045 1186 1203 1223 demum

320 1248 547 1292 sequuntur.
575 1254 624 1278 ex
652 1243 794 1291 quibus
821 1242 1005 1281 lunonem
1033 1256 1120 1281 eam
1149 1243 1203 1279 l'e-

318 1299 461 1337 minam
495 1312 589 1336 esse
621 1298 809 1338 effecerit.
859 1300 940 1337 Suo
974 1300 1088 1350 igitur
1116 1300 1201 1337 loco

320 1356 497 1394 Paridis
522 1356 765 1394 retinendum
793 1356 885 1408 est]
925 1355 1109 1407 Figuram
1125 1355 1202 1393 Pa-

319 1412 413 1450 ridis
429 1413 517 1450 vide
533 1413 567 1450 in
589 1416 731 1459 statua,
754 1413 864 1451 cuius
886 1413 1060 1451 meminit
1074 1413 1203 1451 Mont-

320 1470 420 1508 saue.
446 1469 551 1507 Diar.
575 1468 661 1508 ltal.
682 1483 718 1520 p.
736 1474 799 1509 4l.
822 1474 861 1507 et
881 1471 915 1507 in
939 1470 1106 1508 Gemma
1121 1470 1205 1507 'Me-

320 1526 394 1565 dic.
418 1539 458 1577 p.
485 1530 580 1566 356.
606 1539 652 1564 ac
677 1525 781 1564 Mus.
809 1525 982 1565 Florent.
1010 1526 1129 1565 Gorii.

379 1640 610 1679 barbaricis
641 1640 839 1679 amicalis.
901 1639 1133 1678 Lectionem
1161 1641 1204 1678 in

320 1697 551 1736 barbaricis
576 1697 774 1741 amiculis,
803 1710 904 1747 quae
931 1699 965 1735 in
992 1698 1092 1734 solis
1114 1697 1204 1736 edd.

321 1754 518 1792 veteribus
545 1758 635 1790 ante
663 1752 840 1791 (Tolvium
867 1754 1071 1804 reperitur,
1098 1753 1203 1791 Oud.

319 1810 496 1849 defendit
521 1814 560 1848 et
586 1823 634 1847 ex
660 1824 769 1848 more
784 1810 945 1862 Apuleii
972 1813 1134 1862 saepius
1160 1812 1204 1848 in

320 1867 653 1919 praepositionem
670 1880 741 1917 per
760 1867 1035 1919 pleonasmum
1058 1880 1203 1918 ponen-

318 1926 382 1971 tis,
410 1923 510 1962 cons.
532 1924 630 1962 Met.
646 1923 716 1962 Xl.
738 1938 774 1975 p.
796 1929 889 1964 754.
917 1926 959 1962 in
982 1925 1075 1963 mlt's
1095 1925 1202 1976 ‘iyni-

320 1982 391 2021 bus
417 1981 619 2027 nutriens,
647 1980 696 2018 de
724 1995 801 2032 qua
826 1983 1023 2020 sententia
1050 1995 1205 2032 perver-

319 2040 479 2077 sissinm
503 2038 593 2076 vide
619 2038 669 2076 ad
695 2037 730 2076 h.
761 2038 796 2083 l..
824 2043 864 2076 et
889 2053 938 2076 ex
964 2039 1136 2076 dictione
1161 2039 1205 2076 ‘in

319 2096 490 2135 vestibus
516 2109 596 2133 esse
623 2099 661 2132 et
687 2095 821 2141 simil„
855 2095 904 2133 de
930 2096 1074 2146 quibus
1102 2109 1204 2134 com-

320 2157 431 2205 parat
457 2152 589 2190 dietat.
615 2151 665 2190 ad
692 2152 801 2190 Suet.
831 2152 946 2191 Caes.
965 2156 999 2192 6.
1027 2151 1202 2191 Broukh.

320 2210 369 2248 ad
396 2208 572 2260 Propert.
600 2207 666 2246 lv.
695 2213 730 2249 2.
753 2213 819 2249 28.
870 2209 982 2248 Hanc
1009 2223 1099 2247 vero
1129 2224 1202 2247 non

320 2267 437 2305 modo
480 2268 532 2304 ita
570 2265 799 2317 ¹simpliciter
832 2266 922 2313 dici,
961 2266 1034 2304 sed
1069 2267 1201 2305 addito

321 2325 437 2361 etiam
465 2322 680 2373 participio,
707 2327 748 2360 ut
774 2324 889 2362 Ovid.
918 2324 1016 2363 Met.
1044 2324 1091 2361 V.
1109 2328 1204 2364 328.

317 2384 523 2433 formatus
539 2379 665 2433 Libys
680 2385 737 2418 est
751 2381 798 2418 ἱη
825 2395 909 2419 cor
919 2382 1058 2419 nibus
1076 2381 1202 2419 Ham-

320 2452 431 2482 mon,
463 2436 512 2474 ad
540 2449 655 2486 quem
685 2436 756 2475 loc.
788 2437 866 2475 vid.
894 2437 1024 2476 Burin.
1065 2437 1204 2477 Heius.

320 2494 367 2532 ad
386 2497 479 2534 546.
503 2492 630 2546 fult-[s
656 2494 847 2533 amicitat-
874 2495 919 2533 in
947 2495 1036 2533 alis.
1071 2494 1203 2547 [Quae

318 2565 413 2588 vero
440 2552 601 2589 istarum
631 2549 866 2588 locutionum
892 2552 987 2589 ratio
1010 2553 1073 2597 sit,
1100 2551 1204 2590 Oud.

320 2608 475 2646 minime
508 2607 722 2654 intellexit;
772 2608 879 2659 quod
917 2609 952 2646 ni
992 2610 1043 2647 ita
1081 2613 1203 2654 esset,

318 2669 397 2703 tam
432 2665 589 2703 diversa
623 2664 721 2701 inter
751 2678 797 2701 se
830 2679 903 2702 non
937 2666 1204 2704 commiscuis-

319 2727 393 2761 set.
431 2722 495 2760 De
534 2723 573 2759 in
612 2722 906 2772 praepositione
944 2721 1018 2760 liae
1054 2722 1204 2760 ratione

319 2783 508 2830 usurpata
537 2779 700 2830 saepius
734 2779 808 2816 iam
840 2779 931 2818 dixi.
980 2779 1043 2817 De
1070 2779 1197 2817 dictio-

319 2837 433 2875 nibus
473 2836 512 2873 ιή
547 2835 734 2880 cestibus,
773 2837 815 2874 ἰἰι
848 2837 971 2874 armis
1002 2850 1082 2875 esse
1114 2836 1201 2875 aliis

320 2893 368 2932 cs.
395 2892 502 2932 Duk.
527 2892 578 2930 ad
605 2891 708 2929 Flor.
735 2890 761 2930 l.
793 2897 826 2931 1.
847 2898 908 2932 15.
943 2894 1012 2932 Dr.
1038 2893 1087 2931 ad
1119 2894 1201 2932 biv.

320 2950 388 2989 lX.
415 2951 482 2990 37.
507 2949 538 3000 ᾧ.
566 2954 603 2988 5.
629 2948 678 2986 ad
705 2948 776 2987 Sil.
804 2948 968 2990 l{.>132.
998 2950 1125 3001 Sillig.
1153 2951 1201 2989 ad

319 3007 429 3058 Yirg.
456 3006 528 3044 (Ἰν.
556 3010 649 3046 251.
683 3005 767 3044 lntt.
794 3007 843 3045 ad
872 3007 978 3057 Yirg.
1005 3008 1107 3046 Aen.
1134 3007 1202 3047 lV.

321 3068 414 3103 517.
465 3063 600 3101 Heius.
636 3067 674 3101 et
706 3061 838 3103 Burni.
870 3063 921 3101 ad
952 3063 1068 3104 Ovid.
1103 3064 1200 3104 Met.

322 3120 425 3157 wll.
454 3124 545 3160 313.
597 3119 849 3160 Barbam-icis
879 3120 943 3159 liic
973 3135 1041 3173 pro
1067 3122 1203 3176 Plu-y-

320 3178 404 3229 yie's
429 3177 572 3214 dictum
599 3189 692 3214 esse
718 3178 858 3229 probat
889 3191 1014 3217 nexus
1045 3183 1203 3218 senten-

1176 459 1382 488 indusiatus
1401 461 1529 490 Vicem.
1544 462 1657 490 Venet.
1672 463 1704 490 2.
1745 461 1857 499 puelle
1866 459 2010 500 pulchre
2022 462 2059 490 L.
2073 460 2095 490 f.
2110 457 2141 489 ὃ.

766 504 964 534 adulescens
978 507 1014 535 F.
1029 507 1059 533 3.
1074 508 1110 535 G.
1129 507 1156 535 1.
1170 507 1241 535 edd.
1255 506 1330 535 inde
1344 514 1363 535 a
1378 507 1468 536 Colv.
1492 509 1530 535 ln
1545 510 1619 535 cett.
1635 505 1840 537 adolescens.
1888 507 2090 545 magistrum
2105 508 2140 536 Ο.

1264 618 1411 656 tiarum.
1439 617 1631 671 Plergsqes
1651 618 1751 656 enim
1776 622 1814 657 et
1839 618 2010 658 barbari
2034 616 2140 668 apud

1263 678 1419 712 veteres
1445 674 1562 712 iidem
1594 678 1701 721 sunt,
1741 675 1787 714 cf.
1814 674 1918 714 lahn.
1945 674 1995 714 ad
2021 673 2140 713 Ovid.

1262 731 1359 770 Met.
1386 730 1494 769 XIV.
1522 735 1635 776 574..
1674 731 1723 769 de
1755 745 1829 783 qua
1855 731 2138 782 significatione

1262 788 1482 827 accuratius
1498 788 1623 825 dicam
1638 787 1849 827 adFlorid.
1864 803 1900 840 p.
1915 793 1931 829 1
1945 788 2140 841 1.ΡΙιι“]].ἰ,·

1263 851 1397 884 celera
1422 850 1461 883 et
1485 844 1713 897 barbarus]
1748 843 1824 882 Pro
1851 845 2024 884 humeris
2037 844 2141 884 Oud.

1263 903 1350 940 sine
1377 915 1522 939 caussa
1547 902 1719 952 praefert
1744 901 2003 940 coniecturam
2029 915 2140 939 suam

1263 959 1441 1003 ltmnero,
1469 958 1516 997 cf.
1543 958 1640 997 Met.
1667 957 1735 997 XI.
1763 972 1797 1009 p.
1815 962 1909 998 804.
1935 959 2143 998 humeris

1263 1015 1525 1067 dependebat
1549 1015 1780 1068 cltlamgsda,
1807 1019 1847 1053 et
1871 1029 1988 1066 quum
2013 1016 2144 1055 laume-

1261 1074 1320 1110 Τίς
1352 1087 1425 1110 non
1459 1072 1702 1121 ineleganter
1736 1072 1885 1110 deesse
1917 1076 2026 1124 putet
2057 1071 2142 1109 cod.

1261 1129 1409 1174 Oxon.,
1448 1129 1633 1167 emendat
1663 1129 1951 1182 diffluentibus
1982 1131 2004 1167 i.
2030 1142 2063 1166 e.
2093 1128 2144 1166 la-

1262 1187 1344 1231 xis,
1372 1200 1446 1224 non
1481 1186 1617 1224 cinctis
1650 1185 1839 1224 amiculis.
1890 1186 2048 1225 Pulcre
2083 1186 2143 1223 in-

1264 1243 1450 1282 ‹lusiatus
1474 1242 1596 1281 Voss.
1630 1247 1791 1293 propter
1822 1242 2028 1281 lectionem
2055 1241 2142 1280 cod.

1261 1298 1374 1350 Lips.
1398 1299 1540 1351 puelle
1560 1299 1740 1351 pulchre
1771 1299 1957 1337 divinavit
1982 1300 2032 1339 ad
2059 1298 2142 1336 libri

1262 1358 1321 1393 sui
1349 1357 1561 1407 marginem
1589 1370 1610 1393 e
1635 1356 1774 1407 glossa
1795 1356 2029 1394 interlineari
2055 1357 2144 1393 irre-

1262 1414 1415 1464 psisse,
1461 1417 1579 1464 atque
1624 1412 1761 1452 duelle
1814 1413 1907 1463 legit
1955 1411 2146 1465 ἀρχαικώς

1264 1483 1334 1520 pro
1368 1469 1486 1510 belle.
1526 1470 1574 1507 de
1608 1484 1684 1520 qno
1717 1471 1856 1509 vocab.
1889 1469 1963 1508 vid.
1997 1469 2143 1519 scalig.

1264 1527 1315 1565 ad
1341 1525 1449 1565 Fest.
1478 1526 1525 1564 V.
1559 1527 1660 1566 Bos.
1707 1540 1742 1577 p.
1771 1531 1865 1568 208.
1904 1531 1943 1564 et
1976 1525 2060 1565 lntt.
2094 1525 2145 1564 ad

1265 1583 1447 1622 duellum
1478 1596 1514 1634 p.
1548 1587 1640 1623 396.
1673 1583 1872 1629 Lindem.‚
1911 1583 2145 1621 Commentt.

1264 1640 1313 1677 ad
1344 1638 1475 1685 Quint.
1505 1639 1530 1678 l.
1566 1645 1599 1679 4.
1627 1639 1656 1688 ὁ.
1682 1644 1742 1680 15.
1771 1639 1875 1679 Oud.
1903 1653 1993 1678 vero
2027 1653 2144 1691 quum

1264 1701 1369 1734 totus
1395 1697 1631 1734 sententiam
1658 1696 1780 1734 Voss.
1807 1696 2065 1747 amplexetur,
2091 1700 2145 1734 ta-

1264 1766 1351 1790 men
1379 1753 1414 1790 in
1442 1766 1539 1790 voce
1566 1754 1703 1793 duelle
1729 1753 1903 1799 offendit,
1929 1754 2039 1792 cuius
2065 1753 2144 1791 ido-

1264 1823 1375 1848 neam
1423 1810 1552 1860 magis
1606 1811 1875 1848 auctoritatem
1930 1810 2145 1854 desideret.

1262 1866 1364 1905 Hinc
1389 1868 1476 1917 ipse
1503 1867 1687 1905 emendat
1719 1867 1888 1913 bellule,
1926 1867 2031 1918 quod
2057 1880 2145 1905 sae·

1263 1925 1352 1975 pius
1384 1924 1487 1974 apud
1517 1924 1729 1976 Apuleium
1763 1924 1933 1975 legatum
1972 1923 2021 1962 cs.
2048 1924 2145 1962 Met.

1267 1981 1315 2019 Υ.
1349 1994 1388 2031 p.
1419 1984 1514 2021 380.
1552 1986 1723 2020 (tetaiem
1756 1986 1902 2033 portat
1940 1981 2144 2026 bellula

1264 2037 1313 2076 X.
1336 2051 1373 2088 p.
1391 2042 1483 2078 707.
1512 2038 1692 2077 bellule
1716 2039 2008 2091 suffarcinatus
2032 2050 2144 2089 saep.

1265 2094 1469 2146 [Attamen
1504 2096 1553 2133 ob
1585 2095 1697 2133 unius
1730 2095 1815 2133 cod.
1841 2095 2004 2146 saepius
2035 2095 2145 2132 muti-

1265 2152 1330 2190 lati
1364 2156 1403 2190 et
1434 2151 1655 2203 interpolati
1689 2151 1896 2190 lectionem
1929 2156 2144 2190 ceterorum

1264 2209 1378 2247 codd.
1406 2210 1673 2247 auctoritatem
1701 2223 1776 2247 non
1804 2210 2022 2247 evei-terim.
2065 2207 2145 2246 Ne-

1263 2267 1346 2304 scio
1374 2267 1437 2317 qui
1464 2265 1606 2303 sactum
1633 2266 1702 2310 sit,
1739 2269 1779 2305 at
1809 2265 1935 2304 locum
1962 2265 2066 2304 hunc
2091 2264 2145 2303 le-

1263 2337 1362 2374 gens
1394 2336 1553 2374 semper
1583 2324 1618 2360 in
1651 2323 1877 2361 memoriam
1909 2323 2002 2361 mihi
2039 2322 2146 2360 veniL·

1264 2380 1377 2418 loeus
1416 2380 1514 2419 Met.
1546 2379 1591 2418 ll.
1629 2393 1665 2431 p.
1698 2384 1786 2420 138.
1834 2381 1961 2432 pueri
1992 2379 2144 2431 pulcre

1261 2438 1480 2482 indusiati,
1519 2437 1583 2475 uhi
1621 2436 1795 2475 nonnulli
1821 2436 1934 2475 codd.
1969 2436 2139 2489 puellae

1264 2496 1355 2532 item
1387 2498 1520 2532 eontra
1552 2494 1625 2532 loci
1659 2494 1896 2532 sententiam
1937 2492 2144 2531 intrudunt.

1265 2552 1446 2590 Ceterum
1475 2565 1547 2588 non
1574 2552 1661 2589 sine
1686 2565 1831 2590 caussa
1853 2550 2002 2602 pulcre
2021 2549 2145 2588 indu—

1264 2610 1392 2647 siatus
1416 2608 1525 2646 addit
1550 2608 1672 2655 Oud.;
1705 2607 1807 2659 quod
1840 2606 1938 2645 locis
1970 2611 2145 2644 veterum

1265 2666 1461 2705 Helenam
1511 2666 1758 2716 potissimum
1809 2663 2144 2715 splendidissimis

1264 2722 1421 2761 Paridis
1459 2722 1637 2760 vestibus
1681 2735 1832 2771 acuque
1875 2720 1990 2772 pictis
2035 2733 2145 2757 exar-

1260 2782 1366 2818 sisse
1393 2779 1699 2826 demonstratum
1737 2778 1787 2818 cl'.
1817 2777 1950 2816 Burm.
1982 2776 2032 2816 ad
2065 2777 2143 2815 An-

1260 2837 1356 2875 tliol.
1371 2837 1459 2874 Lat.
1477 2834 1521 2874 T.
1538 2835 1562 2873 l.
1578 2850 1614 2888 p.
1635 2840 1724 2876 103.
1747 2839 1785 2873 et
1805 2835 1841 2872 in
1857 2833 1961 2872 Add.
1979 2847 2013 2884 p.
2031 2833 2143 2886 724]

1318 2893 1539 2932 simulabat
1562 2893 1848 2945 111ayisterimn.
1912 2889 1979 2941 [cf.
1995 2889 2078 2930 lntt.
2094 2891 2143 2928 ad

1263 2951 1379 2989 Ovid.
1395 2949 1494 2988 Met.
1510 2950 1573 2988 Vl.
1590 2954 1655 2990 80.
1676 2949 1725 2987 ad
1746 2948 1879 2986 Horat.
1897 2946 2023 2999 Epist.
2045 2946 2090 2987 11.
2110 2952 2144 2987 1.

1263 3013 1355 3048 ⁸241.
1379 3011 1417 3045 et
1438 3006 1486 3045 ad
1503 3004 1734 3045 luvenal.ll.
1751 3009 1787 3045 3.
1832 3003 1907 3042 Est
1928 3006 2028 3043 enim
2051 3003 2144 3043 red-

1263 3066 1362 3104 dere
1388 3068 1427 3102 et
1452 3065 1632 3101 omnibus
1656 3061 1740 3101 suis
1769 3062 1947 3113 partibus
1974 3061 2144 3113 aliquem

1262 3121 1410 3160 imitari.
1456 3120 1600 3159 similo
1622 3119 1684 3169 qui
1705 3119 1876 3157 scribere
1897 3118 2050 3165 volunt,
2070 3130 2145 3170 ego

1262 3179 1376 3230 sequi
1405 3176 1595 3230 nequem]
