2221 3667
311 139 365 182 12
557 137 605 176 L.
636 133 856 175 APULEII
886 131 1288 174 MADAURENSIS
1319 129 1865 172 METAMORPHOSEON

223 262 263 294 10
310 253 420 293 dero.
466 248 548 290 Iam
574 248 579 305 Ι
606 249 702 289 haec
728 247 903 301 equidem
930 248 1013 301 ipsa
1039 247 1147 287 vocis
1173 246 1391 286 immutatio
1416 245 1654 285 desultoriae
1680 245 1868 285 scientiae
1893 245 1984 285 stilo
2003 259 2115 299 quem

223 319 259 350 11
311 308 547 349 accessimus
585 304 831 362 reslpondet.
884 303 1372 345 FabulamGraecanicam
1399 302 1620 356 incipimus.
1672 300 1820 342 Lector
1837 303 2011 342 attende:
2037 302 2115 343 lae-

310 364 474 406 tuberis.

309 480 457 520 equidem
476 483 512 510 F.
529 483 557 509 1.
583 482 612 509 3.
628 482 666 509 D.
714 476 937 520 desultoriae]
959 481 1049 508 Unde
1063 481 1142 507 Oud.
1164 480 1197 507 P.
1218 481 1291 507 lect.
1312 476 1558 505 dessrdutoriae
1577 477 1746 512 sumserit,
1773 485 1869 510 quum
1883 480 2014 506 notante
2028 479 2116 506 Grut.

309 531 419 563 aperte
443 525 626 555 desulturie
644 526 812 562 exhibeat,
839 534 902 554 nou
920 525 1064 554 invenio.
1112 522 1286 560 respondit
1304 524 1327 557 I.
1347 525 1383 552 P.
1405 525 1441 552 F.
1455 525 1485 552 3.
1531 522 1790 559 graecanicam]
1811 531 1871 551 nec
1890 524 1925 551 P.
1943 523 2117 552 {cerionem

307 573 463 612 grat’cam
484 581 542 601 nec
562 574 598 601 B.
621 580 802 609 graecam,
824 575 857 599 ut
871 574 1008 599 testatur
1020 571 1102 598 Elin.
1118 592 1126 605 ‚
1147 573 1311 598 enotatanl
1324 570 1429 598 video.
1453 577 1613 607 graecam
1628 569 1663 597 F.
1683 570 1708 597 1.
1733 569 1771 597 D.
1795 567 2034 605 graecaricam
2048 567 2116 597 cod.

310 628 346 648 π.
359 634 403 638 --
417 625 437 647 a
451 618 471 647 s.
486 619 554 646 cod.
570 615 888 657 verbafabulam—
898 613 1081 642 laetaberis
1097 616 1241 643 exulant.

366 707 562 760 equidem.
588 704 708 757 [Fere
732 717 888 755 semper
912 704 975 741 ubi
1002 703 1188 754 equidem

307 765 443 802 tertiae
491 776 684 815 personae
731 761 833 812 apud
875 759 1086 811 Apuleium
1121 758 1187 797 ad-

309 822 476 860 iunctum
501 819 654 868 legitur,
681 818 854 856 codicum
881 820 919 854 et
937 816 1043 854 editt.
1065 819 1127 853 est
1150 816 1185 853 in

309 878 474 931 quidem
500 875 770 926 discrepantia.
818 873 883 911 De
914 874 949 910 vi
974 872 1186 924 particulae

308 935 473 972 omnium
488 933 630 983 optime
651 931 861 982 disputavit
874 929 1001 969 Haud.
1018 930 1053 967 in
1071 927 1184 967 Turs.

307 990 350 1030 ll.
364 1004 402 1044 p.
418 993 499 1030 422
513 1001 603 1039 sqq.
618 987 666 1026 cf.
683 987 805 1025 Voss.
819 987 990 1036 Analog.
1005 984 1048 1023 11.
1067 989 1131 1026 27.
1145 1000 1184 1037 11.

311 1051 429 1088 1008.
456 1045 592 1083 Eckst.
618 1044 691 1083 His
715 1045 867 1096 probari
891 1046 1042 1096 potest,
1069 1056 1185 1093 quam

307 1103 587 1142 inconsiderate
624 1105 740 1152 agant
776 1102 819 1147 ii,
857 1102 921 1151 qui
957 1101 1185 1152 optimorum

305 1161 533 1212 scriptorum
570 1159 680 1197 locos
716 1159 780 1197 ubi
817 1158 867 1196 ad
902 1157 1114 1196 secundam
1145 1161 1183 1194 et

305 1219 454 1256 tertiam
501 1229 708 1268 personam
755 1215 925 1267 positum
973 1218 1056 1262 est,
1105 1227 1183 1252 om-

306 1275 394 1313 nino
424 1274 594 1312 reiiciunt
624 1276 663 1310 et
693 1273 727 1310 in
761 1273 922 1325 quidem
953 1275 1183 1323 permutant,

304 1334 346 1369 ut
381 1329 565 1369 Garaton.
592 1330 642 1368 ad
679 1329 755 1368 Cic.
779 1341 850 1380 pro
875 1328 958 1366 Mil.
986 1333 1022 1369 2.
1055 1328 1183 1367 Bentl.

305 1388 355 1426 ad
381 1385 468 1425 Ter.
494 1386 591 1425 Eun.
617 1387 666 1425 V.
695 1391 729 1426 4.
756 1389 822 1426 33.
848 1385 910 1424 alii
938 1399 1036 1436 quos
1062 1384 1181 1423 Kritz.

305 1444 355 1483 ad
387 1443 485 1483 Sall.
519 1442 600 1482 Cat.
633 1457 665 1482 6.
699 1447 762 1483 51.
793 1457 831 1494 p.
863 1447 955 1483 248.
981 1446 1021 1479 et
1045 1441 1180 1480 Eckst.

304 1500 355 1539 ad
382 1499 475 1539 Tac.
501 1500 605 1539 Dial.
637 1500 688 1538 de
712 1499 822 1538 Orat.
848 1500 914 1541 ⁸27.
947 1500 1103 1538 excitat.
1131 1498 1179 1537 cs.

305 1557 432 1596 Hand.
461 1555 572 1596 Turs.
598 1557 620 1595 1.
646 1571 677 1595 6.
703 1570 743 1609 p.
771 1556 883 1608 429]

362 1614 609 1653 desultorius
623 1614 714 1666 [vid.
730 1612 820 1652 Isid.
835 1612 941 1663 Orig.
957 1612 1099 1651 XVIII.
1115 1616 1180 1653 39.

303 1668 368 1711 De
399 1670 661 1709 desultoribus
694 1671 741 1709 cf.
773 1670 924 1722 Argolii
955 1671 1098 1708 Aunot.
1131 1670 1180 1708 ad

303 1727 424 1767 Panv.
451 1728 501 1766 de
525 1727 625 1766 Lud.
641 1727 736 1766 Circ.
751 1726 776 1766 I.
793 1732 828 1768 4.
850 1729 884 1765 111
900 1727 1041 1766 Graev.
1058 1725 1179 1765 Thes.

305 1784 374 1823 IX.
406 1798 443 1836 p.
477 1789 540 1825 28.
571 1783 619 1822 L.
650 1783 678 1824 I.
712 1799 743 1823 c.
776 1790 812 1823 9.
843 1799 882 1836 p.
915 1788 979 1824 91.
1011 1783 1178 1835 Buleng.

304 1842 354 1880 de
387 1841 479 1880 Circ.
511 1841 626 1880 Rom.
653 1856 683 1880 6.
711 1845 747 1882 9.
781 1841 869 1880 ibid.
895 1856 931 1893 p.
960 1845 1052 1882 726.
1078 1844 1117 1879 et
1140 1855 1178 1892 p.

305 1898 397 1940 740.
423 1898 557 1937 Munk.
583 1899 633 1937 ad
657 1897 801 1950 Hygia.
829 1898 904 1937 sab.
930 1902 995 1939 80.
1022 1912 1057 1950 p.
1086 1902 1179 1938 156.

304 1956 433 1994 Burni.
460 1956 510 1994 ad
527 1955 684 1994 Anthol.
706 1953 816 1994 Toni.
832 1954 857 1994 I.
876 1969 912 2007 p.
936 1959 1029 1996 469.
1057 1954 1179 1993 01611.

303 2015 340 2051 111
365 2011 549 2065 Append.
581 2013 632 2051 ad
662 2012 808 2051 Arnob.
840 2026 879 2064 p.
912 2016 977 2053 26.
1015 2012 1179 2051 Ovidius

301 2071 377 2108 iam
403 2070 543 2108 eadem
567 2070 797 2121 metaphora
820 2083 917 2108 usus
943 2073 1005 2107 est
1035 2070 1069 2107 in
1090 2069 1178 2108 Am.

302 2126 328 2165 I.
354 2130 392 2166 3.
422 2130 484 2166 15.
515 2130 555 2165 et
579 2126 756 2165 Martian.
784 2126 877 2178 Cap.
909 2128 946 2165 in
979 2126 1084 2171 1060,
1116 2127 1180 2177 (1111

301 2198 401 2221 1111116
425 2196 499 2221 11011
526 2183 575 2223 ad
601 2196 738 2222 manus
764 2187 843 2228 est,
869 2187 971 2222 teste
995 2183 1117 2222 Voss.
1142 2185 1179 2221 in

303 2239 431 2290 Etym.
463 2253 496 2278 s.
529 2254 563 2279 v.
594 2241 733 2286 salire,
765 2241 993 2279 desultoria
1027 2241 1178 2279 leuitas.

302 2297 386 2335 Sed
404 2298 537 2335 mirum
557 2303 618 2335 est
637 2297 831 2347 quomodo
850 2297 912 2336 hic
925 2296 1013 2335 VV.
1028 2297 1118 2335 DD.
1133 2310 1179 2334 se

302 2355 492 2392 torserint.
524 2354 696 2392 Vossius
721 2356 840 2399 enim,
867 2355 930 2405 qui
955 2353 1046 2392 Inst.
1072 2353 1180 2393 Orat.

302 2410 369 2448 IV.
402 2414 439 2450 8.
471 2411 596 2449 locum
635 2414 766 2450 contra
797 2411 886 2449 Ant.
925 2411 1180 2461 Maioragium

302 2467 488 2512 defendit,
502 2467 604 2505 male
618 2467 787 2519 explicat
807 2468 856 2505 de
869 2468 1053 2519 Apuleio,
1075 2468 1138 2519 qui
1159 2482 1182 2506 a

301 2525 440 2562 studiis
459 2524 707 2576 philosophis
728 2524 777 2562 ad
796 2524 942 2562 ludicra
959 2538 1006 2562 se
1023 2537 1180 2576 recepe-

302 2582 359 2619 rit.
384 2581 511 2619 Aliter
542 2581 677 2632 Argoi.
710 2580 732 2619 1.
766 2594 797 2619 6.
830 2595 868 2632 11.
901 2585 966 2621 28.
1004 2581 1053 2619 de
1088 2581 1179 2619 stilo

302 2639 365 2676 uni
385 2638 551 2677 dialecto
572 2642 637 2677 aut
659 2638 816 2688 *linguae
841 2651 915 2675 non
941 2637 1176 2676 inhaerente.

303 2695 385 2733 Sed
411 2695 659 2734 desultorius
685 2694 747 2733 1116
772 2694 822 2733 ad
841 2698 961 2733 artem
986 2696 1177 2745 magicam

300 2751 477 2797 refertur,
503 2765 580 2802 qua
602 2752 778 2790 homines
801 2752 838 2789 in
865 2750 963 2790 alias
986 2752 1176 2802 imagines

302 2812 569 2847 convertuntur
615 2813 655 2847 et
701 2810 737 2847 in
779 2821 826 2846 se
859 2821 1010 2847 rursum
1043 2812 1175 2847 mutuo

302 2877 405 2903 nexu
429 2865 608 2911 redeunt,
632 2869 675 2904 ut
698 2865 874 2905 desultor
897 2878 947 2904 ex
970 2879 1047 2904 uno
1073 2878 1174 2916 equo

303 2923 339 2960 in
378 2920 538 2960 alterum
574 2921 795 2961 transiliens
832 2922 883 2961 ad
918 2923 1082 2975 priorem
1119 2936 1175 2959 re-

300 2979 467 3017 vertitur.
504 3002 558 3008 -—
600 2979 666 3017 Sic
700 2980 829 3018 omnia
863 2980 1079 3018 arctissime
1115 2993 1176 3017 co-

303 3036 481 3081 liaerent3
524 3049 596 3073 nee
631 3040 774 3074 temere
811 3037 920 3075 vocis
951 3038 1175 3075 immutatio

304 3091 495 3144 Apuleius
526 3092 675 3131 videtur
702 3094 900 3143 posuisse.
951 3092 1074 3131 Totus
1111 3094 1176 3143 igi-

303 3152 362 3187 tur
392 3148 502 3187 locus
533 3150 585 3188 ita
615 3149 828 3201 capiendus
866 3153 943 3189 est:
979 3149 1040 3189 Eo
1072 3150 1178 3200 quod

1246 716 1425 753 graecum
1462 716 1680 740 sermonem
1717 715 1802 740 cum
1838 701 1957 740 latino
1998 705 2118 740 trans·

1245 761 1407 803 mutavi,
1440 760 1554 797 stilus
1579 759 1791 811 respondet
1831 760 1900 798 affl
1930 759 2118 810 magicae.

1245 814 1348 854 Nam
1372 820 1413 854 ut
1436 817 1472 853 in
1499 816 1566 854 illa
1590 816 1767 854 homines
1792 817 1827 854 in
1853 816 1951 855 alias
1977 815 2119 866 figuras

1246 873 1460 910 transiliunt
1480 876 1518 910 et
1536 873 1621 911 vice
1640 887 1755 911 versa
1769 874 1806 911 in
1820 886 1934 912 suam
1947 872 2118 917 redeunt,

1243 930 1302 967 sic
1338 942 1411 980 ego
1445 942 1600 979 quoque
1631 930 1679 968 ab
1718 930 1849 980 lingua
1878 929 1998 968 latina
2032 942 2119 968 sae-

1242 987 1331 1038 pius
1357 986 1404 1024 ad
1431 999 1561 1025 veram
1585 986 1756 1036 mihique
1786 987 1994 1037 ingenitam
2019 986 2119 1024 desi-

1244 1044 1313 1081 lire
1338 1057 1465 1093 cogar,
1485 1047 1527 1081 ut
1546 1044 1611 1082 fiat
1628 1044 1826 1093 utriusque
1845 1043 2002 1094 linguae
2020 1057 2120 1082 com-

1244 1101 1387 1138 mixtio.
1431 1100 1694 1139 Desnltoriae
1717 1101 1818 1138 enim
1842 1101 2036 1139 scientiae
2059 1103 2121 1138 est

1240 1157 1408 1202 dativus,
1435 1158 1530 1196 ste’lo
1550 1161 1613 1195 est
1631 1157 1837 1202 ablativus,
1863 1156 1967 1207 quod
1983 1169 2120 1195 omnes

1243 1215 1395 1253 omnino
1422 1215 1650 1266 interpretes
1677 1214 1806 1252 adhuc
1829 1213 1993 1265 fugerat.
2046 1213 2119 1252 His

1243 1272 1415 1323 probatis
1441 1285 1512 1322 per
1534 1285 1580 1309 se
1607 1271 1830 1322 intelligitur
1853 1283 1970 1321 quam
1999 1284 2120 1322 prave

1244 1328 1458 1367 Η61115.(1.1.
1472 1342 1591 1380 qaam
1605 1326 1870 1368 adsciscimus
1884 1328 2117 1380 coniecerit]

1299 1387 1547 1424 accessimus.
1602 1385 1666 1423 De
1712 1386 1902 1438 scriptura
1949 1386 2118 1423 accersi-

1238 1456 1342 1486 mus,
1379 1455 1481 1491 quae
1518 1443 1552 1479 in
1591 1442 1731 1480 Venet.
1759 1446 1795 1482 2.
1828 1445 1953 1487 extat,
1989 1441 2038 1480 cf.
2068 1441 2119 1480 ad

1239 1499 1335 1537 Met.
1351 1497 1419 1537 Vl.
1443 1513 1480 1551 p.
1497 1503 1589 1538 444.
1615 1498 1718 1537 Oud.
1744 1513 1776 1538 6.
1796 1498 2000 1550 Scaliger„
2018 1496 2120 1536 Pon-

1236 1560 1316 1594 tan.
1343 1556 1484 1595 Annal.
1510 1554 1538 1593 I.
1565 1560 1601 1595 4.
1627 1555 1760 1607 Lips.,
1797 1556 1962 1595 Scriver.
1988 1555 2119 1606 legen·
2174 1592 2177 1594 ,

1240 1613 1331 1651 (111111
1357 1626 1451 1651 esse
1477 1616 1611 1651 censet
1642 1614 1889 1652 arcessimus.
1921 1613 1944 1651 i.
1970 1626 2001 1651 6.
2028 1612 2119 1651 affe-

1239 1673 1403 1715 ctamus,
1418 1683 1700 1722 comparamus,
1715 1671 1959 1720 acquirimuS,
1972 1669 2119 1708 utMet.

1240 1727 1290 1765 V.
1326 1742 1364 1779 p.
1398 1731 1491 1767 367.
1525 1725 1592 1765 IV.
1629 1741 1666 1777 p.
1699 1730 1792 1768 302.
1825 1725 1910 1765 VII.
1947 1741 1985 1779 p.
2024 1730 2118 1767 485.

1241 1782 1316 1822 Cic.
1338 1782 1446 1823 Orat.
1466 1783 1527 1822 111.
1549 1787 1586 1824 8.
1619 1783 1854 1836 [Arcessere
1873 1784 1973 1822 enim
1993 1786 2120 1823 omnia

1238 1840 1308 1879 illa
1321 1841 1506 1886 dicuntur,
1527 1854 1627 1891 quae
1641 1841 1796 1880 aliunde
1808 1842 1992 1893 petimus,
2017 1853 2118 1891 quae

1240 1910 1368 1948 neque
1397 1898 1603 1943 naturalia,
1629 1910 1758 1949 neque
1793 1899 1966 1950 propria,
1991 1911 2119 1948 neque

1239 1955 1428 1994 ordinaria
1457 1955 1568 1993 nobis
1599 1959 1707 2002 sunt:
1733 1954 1782 1994 cs.
1807 1954 1937 1993 Burm.
1969 1955 2020 1993 ad
2044 1954 2119 1993 Pe-

1237 2016 1333 2050 trou.
1360 2026 1390 2051 6.
1413 2016 1476 2052 37.
1502 2026 1540 2064 p.
1557 2007 1650 2052 213.
1683 2011 1813 2058 Quum
1836 2025 1928 2050 vero
1950 2013 2119 2050 omnium

1239 2069 1329 2108 libb.
1355 2073 1394 2107 et
1419 2069 1508 2107 edd.
1528 2069 1643 2107 lectio
1667 2070 1718 2107 sit
1737 2070 1988 2115 accessimus,
2014 2070 2050 2107 in
2071 2082 2119 2108 ea

1239 2130 1391 2178 oportet
1438 2127 1707 2178 persistamus.
1761 2124 1982 2165 Accedere
2017 2126 2118 2164 enim

1239 2183 1344 2234 quod
1371 2198 1401 2222 c.
1427 2184 1523 2222 Acc.
1551 2184 1718 2222 iunctum
1741 2187 1896 2235 praeter
1919 2182 2041 2222 Drak.
2066 2182 2119 2222 ad

1238 2240 1323 2278 Liv.
1355 2239 1425 2278 IX.
1457 2244 1522 2281 40.
1559 2240 1621 2281 19.
1651 2239 1785 2278 Burm.
1818 2240 1868 2279 ad
1892 2238 2062 2278 Phaedr.
2088 2238 2116 2277 I.

1237 2301 1303 2338 25.
1332 2301 1367 2337 6.
1395 2296 1488 2336 Tac.
1512 2297 1615 2335 Ann.
1642 2296 1686 2335 II.
1713 2300 1778 2337 58.
1804 2295 1890 2335 XII.
1917 2300 1981 2336 31.
2007 2297 2117 2335 locus

1239 2354 1398 2406 Apuleii
1422 2354 1520 2393 Met.
1547 2354 1596 2393 V.
1622 2368 1659 2406 p.
1687 2357 1780 2394 326.
1813 2354 2025 2399 confirmat,
2056 2357 2119 2392 est

1238 2425 1322 2450 ‘rem
1358 2412 1559 2463 astar-edi,
1586 2424 1852 2463 cofflwscerc,
1878 2411 2116 2462 explorare,

1239 2472 1280 2506 ut
1316 2468 1421 2519 apud
1457 2468 1564 2518 Virg.
1607 2467 1754 2518 Georg.
1796 2466 1841 2506 II.
1878 2471 1974 2507 483.
2017 2467 2118 2506 Hine

1239 2524 1422 2569 eflicitur,
1469 2528 1673 2574 utrumque
1719 2524 1952 2563 vocabulum
2000 2537 2116 2563 unam

1237 2582 1482 2631 eandemque
1517 2582 1750 2620 sententiam
1786 2581 1823 2620 11.
1854 2580 1878 2620 1.
1915 2581 2115 2633 praebere.

1238 2638 1449 2677 Accedere
1467 2652 1559 2676 vero
1585 2642 1624 2676 et
1643 2651 1846 2677 arcessere
1867 2652 1943 2676 non
1969 2652 2053 2677 raro
2078 2639 2115 2676 iu

1235 2694 1338 2733 Mss.
1390 2699 1663 2747 permutantur.
1725 2695 1771 2734 cs.
1818 2693 1888 2733 Int.
1933 2694 1985 2734 ad
2020 2693 2113 2734 Hor.

1234 2751 1360 2804 Epist.
1385 2751 1431 2790 ΙΙ.
1460 2757 1495 2793 1.
1524 2752 1634 2806 168]

1295 2809 1604 2849 Graecanicam.
1635 2808 1721 2848 Etsi
1733 2806 1838 2848 Oud.
1857 2808 1949 2848 nihil
1967 2813 2114 2848 mutan·

1233 2865 1324 2905 dum
1345 2879 1439 2905 esse
1457 2868 1686 2919 pronuntiat,
1706 2870 1835 2905 tamen
1854 2866 1905 2905 ad
1924 2867 2113 2906 coniectu-

1234 2937 1315 2961 ram
1336 2937 1448 2962 suam
1472 2924 1640 2964 Graiam
1658 2924 1782 2972 magis
1801 2923 1967 2969 inclinat,
1992 2924 2112 2975 Apul.

1235 2980 1331 3018 Met.
1356 2980 1423 3019 IX.
1450 2994 1490 3032 p.
1506 2984 1599 3020 619.
1626 2981 1675 3018 de
1701 2980 1744 3017 D.
1767 2980 1875 3018 Socr.
1891 2978 1938 3019 Il.
1958 2995 1996 3032 p.
2021 2984 2111 3021 160.

1233 3051 1477 3089 comparans.
1510 3037 1611 3088 [Sed
1634 3040 1738 3074 recte
1769 3050 1815 3073 se
1846 3037 1965 3076 habet
1993 3051 2111 3089 *qrae-

1236 3096 1383 3132 cam'ca
1413 3093 1558 3132 sabula.
1611 3093 1788 3132 Varrone
1819 3095 1919 3132 enim
1954 3098 2111 3132 auctore

1235 3150 1284 3189 (16
1320 3150 1369 3189 L.
1399 3149 1448 3190 L.
1480 3149 1548 3190 IX.
1580 3153 1647 3191 89.
1680 3165 1718 3202 p.
1756 3154 1848 3191 228.
1878 3150 2034 3190 111ίί1161.
2072 3154 2111 3188 61
