2221 3667
256 744 274 775 ’ὗ

308 128 418 171 1054
558 128 605 167 L.
636 126 855 166 APULEIl
887 123 1286 164 MADAURENSIS
1316 125 1859 169 METAMORPHOSEON

811 331 847 378 C
906 332 951 378 A
1008 332 1047 377 P
1107 331 1150 378 U
1208 331 1251 377 T
1354 331 1594 380 XVIII.

413 451 500 492 Nec
515 459 643 492 tamen
660 451 782 492 Fama
802 452 974 493 volucris
994 452 1105 506 pigra
1126 452 1333 505 pinnarum
1354 453 1538 494 tarditate
1559 461 1807 504 cessavei·at;
1835 454 1902 494 sed
1918 454 2094 508 protinus

301 511 341 549 iu
373 508 496 563 patria
529 509 625 548 deae
656 508 897 562 providentis
928 508 1128 548 adorabile
1158 509 1389 549 beneficium
1421 523 1624 563 meamque
1648 510 1769 564 ipsius
1797 511 1993 550 fortunam
2019 524 2097 550 me-

302 565 529 605 morabilem
556 572 792 605 narraverat
817 564 976 619 passim.
1040 563 1260 605 Confestim
1286 566 1452 620 denique
1479 567 1691 607 familiares
1723 579 1768 606 ac
1793 567 1982 607 vernulae
2014 566 2097 620 qui-

302 636 375 675 que
407 621 500 661 mihi
531 622 713 675 proximo
746 635 853 661 nexu
883 621 1089 675 sauguinis
1124 621 1409 673 cohaerebant,
1442 623 1548 662 luctu
1579 622 1754 677 deposito
1779 637 1891 676 quem
1918 624 1963 663 de
1989 636 2098 663 meae

302 678 439 719 mortis
466 678 564 718 falso
590 678 727 719 nuntio
753 684 1030 732 susceperant,
1059 678 1263 731 repentino
1289 679 1423 719 laetati
1449 679 1612 733 gaudio,
1641 679 1750 720 varie
1777 680 1938 733 quisque
1963 693 2098 719 mune-

301 735 467 775 rabundi
492 735 538 774 ad
565 749 692 775 mcum
724 735 912 774 festinant
941 734 1044 774 illico
1076 734 1256 775 diurnum
1280 735 1286 789 Ι
1308 736 1567 789 reducemque
1593 736 1640 775 ab
1667 736 1805 777 inferis
1830 743 2096 790 conspectum.

386 871 575 900 pennarum
597 861 624 892 ὃ.
646 864 740 893 solita
760 863 960 892 confusione.
1008 861 1149 901 denique
1168 872 1231 892 non
1254 868 1414 899 comparet
1433 865 1467 893 in
1482 866 1669 894 c011.v0ss.
1718 868 1941 893 narraverat.
1966 863 2097 893 Passim

300 909 479 948 ctiztseslr'aetc
494 907 642 946 denique.
667 911 717 937 lta
731 909 932 944 distinguunt
948 910 984 937 G.
998 910 1036 937 Β.
1050 911 1098 938 ed.
1115 918 1160 944 pr.
1175 911 1303 938 Vicent.
1317 911 1431 938 Venet.
1446 912 1477 938 2.
1503 912 1583 938 Oud.
1597 911 1693 939 nutus
1707 911 1752 939 rei
1771 920 1811 940 nc
1824 910 1946 940 monuit
1959 911 2096 945 quidem.

300 962 452 992 quaeque
467 963 495 989 p.
532 954 676 991 quinque
689 955 723 983 P.
739 956 774 982 G.
789 955 826 982 D.
858 955 1017 989 proxime
1031 955 1066 983 G.
1082 956 1117 983 P.
1132 956 1170 983 D.
1212 961 1298 982 sexu
1312 956 1389 983 Bas.
1404 957 1432 983 1.
1446 962 1541 990 quam
1555 958 1790 990 typothetarum
1804 957 1951 985 mendam
1966 957 2099 990 turpiter

298 1008 354 1034 pro
368 1001 442 1034 ipsa
454 999 586 1033 Apuleii
605 1007 702 1028 manu
721 999 850 1027 admisit
865 1001 1029 1027 stewech.
1049 1000 1089 1027 ad
1101 1000 1224 1028 Arnon.
1239 1001 1309 1028 vn.
1328 1008 1358 1034 p.
1374 1001 1448 1030 149.
1463 1002 1511 1029 ed.
1528 1000 1628 1036 bugd.
1677 1009 1764 1037 qnae
1777 999 1815 1027 de
1830 1009 1885 1035 pro
1900 1009 1995 1038 quem
2009 999 2047 1027 de
2062 1002 2097 1029 Ι..

298 1043 421 1072 laetale·
434 1046 509 1073 Bas.
525 1047 762 1079 typothetarum
777 1052 892 1073 errore.
941 1051 1020 1071 vere
1032 1045 1069 1073 B.
1118 1045 1295 1079 operarum
1308 1046 1422 1073 mendo
1436 1046 1469 1074 in
1483 1047 1690 1074 adnotatione
1704 1047 1782 1075 Oud.
1797 1054 1826 1081 p.
1847 1048 1966 1075 habere
1985 1054 2098 1074 mune-

297 1088 444 1117 robaudi
466 1093 565 1118 extat.
588 1090 739 1118 Forsitan
757 1090 854 1117 scribi
870 1090 1005 1118 debebat
1030 1088 1287 1124 numerabundt',
1314 1091 1397 1124 quod
1416 1093 1535 1119 habent
1554 1094 1590 1119 G.
1611 1093 1648 1120 D.
1670 1095 1698 1118 et
1719 1092 1791 1120 sine
1811 1091 1905 1120 dubio
1925 1092 2020 1120 etiam
2042 1092 2098 1127 P.‚

296 1144 375 1170 quos
391 1139 455 1163 tres
469 1135 559 1163 codd.
574 1133 809 1161 minet-abundi
825 1137 932 1170 legere
951 1142 1119 1169 perperam
1133 1136 1214 1163 Oud.
1233 1140 1388 1170 excerpta
1409 1138 1573 1170 praebent.
1622 1134 1778 1164 diurnum
1797 1138 1887 1165 codd.
1908 1137 1974 1165 fere
1986 1144 2097 1165 omnes

296 1182 345 1208 ed.
367 1189 413 1215 pr.
428 1181 555 1208 Vicent.
569 1181 682 1209 Venet.
704 1181 734 1208 2.
757 1182 786 1208 4.
805 1182 888 1208 lunt.
903 1182 933 1208 2.
954 1181 1035 1208 Etm.
1057 1181 1197 1209 Scrirer.
1233 1178 1429 1208 diuturnum
1451 1181 1472 1209 s.
1492 1183 1560 1209 cod.
1583 1182 1746 1210 Petrarcli.
1767 1182 1864 1210 solita
1882 1182 2096 1211 aberratione.

295 1224 460 1253 diutinum
485 1227 567 1254 lunt.
589 1227 617 1254 1.
641 1226 716 1254 Ata.
743 1226 847 1255 Colin.
872 1227 948 1254 Bas.

294 1272 381 1301 Prie.
400 1270 521 1300 Florid-

295 1370 690 1422 Virg.Aen.V.137.
717 1370 896 1409 intenti
921 1375 1163 1421 exspectant

295 1428 472 1480 siqu-am,
505 1426 601 1464 infra
634 1440 669 1477 p.
696 1430 789 1466 800.
822 1428 1036 1465 intentus
1068 1427 1166 1464 mihi

298 1485 428 1535 quiete
530 1484 688 1523 obibam.
718 1484 990 1521 ministerium.
1041 1482 1165 1533 [Sall.

297 1538 456 1579 Catw.
487 1544 523 1580 8.
549 1538 658 1578 Xw.
684 1544 719 1579 5.
758 1538 836 1590 lug.
862 1538 949 1576 xl..
976 1543 1014 1579 3.
1052 1538 1166 1577 Caes.

295 1596 340 1634 B.
358 1595 399 1634 (ἶ.
416 1595 441 1634 l.
459 1595 548 1648 58.]
576 1595 696 1633 Immo
717 1599 756 1634 ct
776 1596 932 1633 verbum
952 1596 1164 1634 intendere

294 1653 384 1704 plus
409 1653 532 1691 semel
554 1667 645 1690 casu
668 1652 893 1690 destitutum
915 1652 1099 1697 adhibuit,
1125 1655 1167 1690 ut

296 1710 369 1747 iam
390 1711 534 1747 monuit
553 1709 602 1747 N.
623 1708 757 1747 Heius.
777 1708 812 1746 (l.
835 1708 856 1746 Ι.
907 1707 1008 1759 [Sed
1028 1710 1165 1759 impro-

295 1766 436 1804 babilis
467 1770 529 1803 est
559 1765 660 1803 Oud.
693 1765 923 1803 coniectura.
962 1763 1013 1802 Ut
1042 1769 1166 1802 trans-

294 1836 399 1867 eam,
426 1822 650 1873 particulam
672 1827 716 1872 ¹el
742 1825 872 1859 contra
897 1821 1009 1859 codd.
1031 1825 1162 1860 aucto-

293 1881 441 1917 ritatem
469 1879 622 1923 intrudi,
654 1891 701 1915 ea
726 1891 840 1930 quani
867 1881 1075 1916 assecutus
1102 1882 1165 1915 est

293 1935 397 1975 Oud.
440 1935 648 1986 explicatio
693 1935 824 1973 verbis
866 1938 905 1972 et
946 1935 1164 1972 sententiae

292 1992 449 2044 Apuleii
487 1993 638 2031 minime
676 1991 869 2030 convenit.
938 1991 1026 2029 Non
1064 1991 1164 2029 enim

294 2049 532 2100 comparavit
546 2048 691 2087 Lucius
705 2049 909 2099 imaginem
924 2048 1042 2094 deae,
1069 2061 1163 2098 qua-

293 2106 343 2144 lis
368 2106 429 2144 hic
453 2106 631 2157 apparuit
656 2119 741 2144 cum
772 2104 911 2143 somnii
935 2105 1162 2156 specimine,

296 2163 399 2213 quod
443 2162 582 2213 gaudio
630 2163 840 2213 animoque
888 2166 998 2213 grato
1051 2162 1164 2212 quasi

294 2219 506 2258 exsultanti
549 2233 621 2257 non
670 2220 905 2265 conveniret,
948 2218 1022 2256 sed
1065 2220 1164 2257 deae

294 2277 492 2327 specimen
525 2275 763 2326 adspectans
793 2277 922 2313 statim
954 2276 990 2313 in
1022 2289 1165 2313 memo·

294 2335 386 2372 riam
401 2333 475 2371 sibi
496 2333 692 2370 revocavit
712 2346 828 2371 casus
848 2345 942 2370 suos
962 2338 999 2370 et
1012 2331 1166 2371 calami-

294 2394 414 2436 tates,
447 2403 545 2440 quas
576 2389 650 2427 sub
675 2389 771 2427 asini
800 2388 920 2426 forma
945 2402 1163 2440 perpessus

296 2451 396 2492 erat,
433 2447 654 2497 quibusque
690 2459 712 2483 a
743 2446 819 2484 «lea
849 2450 930 2483 erat
962 2446 1161 2484 liberatus.

294 2503 370 2543 Hic
393 2503 504 2554 igitur
528 2502 708 2553 imaginis
733 2502 946 2553 adspectus
966 2502 1164 2541 admonuit

295 2574 403 2606 eum,
435 2563 578 2610 quanta
614 2560 735 2610 gratia
771 2558 951 2597 habenda
981 2560 1031 2596 sit
1063 2559 1162 2597 deae

296 2631 366 2669 pro
410 2618 484 2655 isto
528 2615 729 2654 beneficio.
791 2614 889 2653 Tum
932 2619 973 2653 ut
1010 2614 1161 2665 largiar,

296 2673 398 2712 Oud.
447 2673 679 2711 sententiam
728 2674 942 2724 exprimere
987 2672 1165 2710 votuisse

294 2734 511 2774 auctorem,
543 2730 630 2780 quis
661 2728 794 2768 hercle
826 2742 912 2767 eam
944 2742 994 2766 ex
1018 2729 1163 2768 verbis:

294 2788 398 2826 deae
425 2787 627 2838 specimen
657 2791 697 2824 et
721 2786 921 2838 pre'stinos
951 2799 1067 2825 casus
1102 2799 1165 2825 rc-

296 2844 507 2883 cordabar
532 2842 707 2881 erueret?
734 2842 849 2888 Quod
863 2842 990 2880 solum
1011 2842 1164 2893 probari

295 2904 446 2951 potest,
481 2900 576 2938 vidit
607 2899 783 2944 Colvius‚
815 2900 1012 2938 intuitans
1047 2900 1162 2937 corri-

296 2971 405 3008 gens.
420 2955 604 3007 Plerique
618 2957 717 2994 enim
728 2955 840 2994 codd.
855 2956 1162 2994 terminationem

297 3027 371 3052 ans
405 3013 654 3064 apertissime
689 3012 880 3064 flagitant,
916 3013 1061 3063 quippe
1096 3013 1160 3063 qui

296 3071 471 3110 intentas
495 3071 667 3108 scribant
695 3083 765 3121 pro
791 3070 968 3108 intentt—zs
992 3070 1014 3108 i.
1042 3083 1077 3109 e.
1101 3071 1161 3108 in-

297 3131 453 3168 tentans
475 3126 623 3179 virgula
649 3127 806 3166 omissa.
838 3126 1045 3167 [ntentans
1068 3139 1161 3165 vero

975 1228 1004 1253 2.
1041 1223 1195 1253 clurinum
1222 1227 1257 1256 L.

1293 1223 1440 1254 diuinum
1464 1228 1579 1255 Venet.
1606 1228 1681 1256 Bas.
1703 1228 1733 1256 1.
1757 1228 1845 1256 Coiv.
1870 1228 1965 1256 Vulc.
1986 1228 2097 1256 VVow.

1224 1370 1377 1421 probari
1409 1385 1482 1410 non
1510 1375 1662 1422 potest.
1697 1375 1737 1410 ut
1761 1373 1811 1410 sit
1836 1373 2011 1412 animum
2036 1372 2094 1410 iu-

1225 1427 1390 1466 temlens
1426 1427 1564 1466 eadem
1602 1429 1748 1466 ratione
1781 1442 1856 1479 qua
1885 1428 2095 1467 intendere

1224 1484 1406 1521 absolute
1420 1485 1553 1522 dicitur
1566 1484 1613 1523 cf.
1624 1484 1752 1522 Burin.
1767 1485 1817 1523 ad
1830 1484 1938 1535 Yirg.
1950 1484 2050 1522 Aen.
2066 1482 2096 1523 l.

1229 1544 1312 1579 18..
1352 1541 1513 1591 primum
1550 1541 1652 1591 quod
1687 1541 1896 1579 intendere
1921 1542 2095 1580 aninmm

1224 1611 1299 1635 non
1331 1598 1554 1636 accusativo
1586 1597 1658 1635 sed
1691 1597 1819 1635 dativo
1845 1598 1989 1648 ubique
2014 1597 2094 1636 iun-

1224 1654 1340 1704 gitur,
1372 1658 1450 1692 tum
1484 1653 1587 1704 quod
1621 1654 1821 1692 intentare
1846 1652 2097 1704 frequentati-

1226 1723 1312 1746 vum
1351 1724 1398 1747 ea
1434 1710 1716 1760 significatione
1746 1723 1936 1760 nusquam
1971 1714 2095 1755 extat,

1226 1766 1394 1817 denique
1420 1766 1525 1817 quod
1551 1766 1760 1805 intendere
1778 1768 1954 1806 animum
1971 1766 2096 1818 speci-

1223 1824 1320 1860 quini
1335 1837 1402 1874 pro
1417 1823 1575 1862 adtente
1591 1824 1837 1874 conspicere,
1862 1821 2098 1874 perlustrare

1223 1880 1428 1929 imaginem
1460 1879 1534 1917 dici
1570 1893 1690 1930 posse
1719 1879 1807 1917 mihi
1834 1894 1906 1918 non
1931 1879 2097 1918 videtur.

1223 1935 1324 1975 Hinc
1354 1949 1438 1975 cum
1473 1934 1607 1973 Colvio
1641 1936 1679 1974 in'
1708 1940 1854 1974 textum
1880 1937 2009 1988 recepi
2035 1938 2093 1974 in·

1224 1994 1391 2039 lotitans,
1428 1993 1532 2044 quod
1570 1992 1802 2031 vocabulum
1838 1993 1887 2033 ab
1926 1991 2094 2044 Apuleio

1222 2049 1425 2088 formatum
1458 2050 1701 2101 corruptelae
1732 2063 1870 2088 ansam
1904 2050 2096 2101 praebere

1222 2105 1386 2144 librariis
1414 2106 1594 2144 facillime
1620 2110 1783 2158 poterat.
1811 2105 1863 2144 lta
1891 2105 1994 2145 Oud.
2008 2106 2095 2158 ipse

1222 2161 1393 2213 Apuleio
1421 2163 1626 2201 vindicavit
1652 2162 1972 2213 frequentativum
1994 2176 2095 2215 por·

1222 2221 1368 2258 rixare
1391 2220 1442 2257 ad
1467 2219 1562 2258 Met.
1579 2219 1628 2258 X.
1643 2233 1679 2271 p.
1698 2223 1789 2260 718.
1817 2220 1851 2258 in
1880 2219 2093 2270 fragmento

1223 2277 1298 2314 isto
1325 2276 1656 2322 obscoenissimo.
1682 2276 1745 2314 ubi
1770 2289 1835 2314 me
1858 2276 1965 2322 vide,
1991 2275 2096 2327 quod

1224 2332 1457 2371 vocabulum
1493 2333 1584 2372 alibi
1620 2346 1811 2383 nusquam
1848 2333 1883 2372 in
1915 2346 1988 2371 usu
2019 2336 2093 2371 est.

1221 2390 1286 2428 De
1309 2391 1510 2440 specimen
1534 2390 1643 2428 vocis
1669 2390 1948 2441 significatione
1974 2388 2021 2428 ef.
2041 2388 2093 2427 ad

1221 2460 1257 2498 p.
1285 2450 1377 2486 752.
1405 2445 1541 2484 Heins.
1568 2450 1608 2485 et
1632 2446 1762 2485 Burm.
1789 2446 1838 2485 ad
1852 2445 1941 2485 val.
1962 2445 2093 2485 Flacc.

1224 2502 1286 2541 Vl.
1313 2507 1378 2543 58.
1404 2502 1936 2543 Auson.Pa1·ent.XX111.2.
1961 2503 2096 2542 amissi

1220 2561 1459 2612 specimen
1487 2561 1558 2611 qui
1579 2561 1779 2612 'qenil'oiw's
1803 2559 1927 2612 eras]

1278 2615 1524 2656 CAEXVIH.
1563 2630 1635 2656 nec
1654 2622 1786 2655 {arnan
1810 2616 1945 2655 Fama.
1983 2614 2093 2669 [Eie-

1223 2676 1358 2724 ganter
1383 2672 1470 2710 Dea
1500 2672 1625 2711 Fama
1649 2676 1739 2711 ante
1765 2673 1933 2723 aliquem
1957 2672 2093 2710 volare

1224 2734 1264 2767 et
1288 2743 1438 2768 currere
1464 2729 1614 2777 dicitur,
1652 2729 1702 2768 cs.
1727 2728 1828 2767 Oud.
1855 2729 1918 2779 qui
1944 2728 2094 2780 aliquot

1222 2786 1368 2837 profert
1393 2785 1587 2838 exempla.
1623 2785 1769 2825 D’Orv.
1793 2785 1842 2824 ad
1869 2784 2008 2824 Cltarit.
2023 2784 2091 2823 lv.

1223 2847 1260 2883 7.
1285 2858 1321 2895 p.
1348 2843 1466 2895 457]

1278 2901 1469 2939 dim-num
1493 2900 1773 2952 reducemque.
1812 2898 2094 2937 Diversis-sima

1220 2958 1369 2994 ratione
1393 2956 1496 2995 hunc
1521 2955 1648 2994 locum
1672 2956 1868 2994 turbarunt
1893 2959 1932 2993 et
1952 2955 2094 2994 librarii

1220 3016 1260 3050 et
1284 3013 1528 3064 interpretes.
1577 3012 1758 3050 'Bt-antius
1784 3012 2006 3050 emendavit
2034 3025 2093 3050 re-

1221 3070 1397 3110 divivum
1421 3083 1496 3108 non
1524 3069 1704 3107 dubitans
1722 3081 1792 3118 pro
1813 3081 1906 3107 vera
1926 3068 2093 3106 lectione

1220 3128 1398 3166 omnibus
1423 3126 1632 3165 venditare.
1672 3124 1864 3165 Divinum
1883 3125 1969 3164 sive
1990 3124 2091 3163 dono
