2221 3667
236 715 303 750 270

205 816 303 861 [149]
328 804 536 859 flagrantia
573 809 816 850 mat-{eritae‚

329 98 412 142 250
593 99 640 139 L.
672 99 891 140 APULEll
920 99 1318 140 MADAURENSIS
1349 99 1889 140 METAMORPHOSEON

328 213 491 268 piosum.
527 211 631 253 Nam
651 221 810 268 praeter
837 214 1060 254 domesticis
1081 211 1357 252 venationibus
1379 220 1534 267 captas,
1563 221 1719 268 praeter
1744 213 1864 268 largis
1891 214 2123 254 emtionibus

329 277 483 323 partas,
517 271 729 310 amicorum
768 271 884 311 etiam
922 268 1198 310 donationibus
1229 269 1352 309 variis
1384 270 1563 311 certatim
1589 271 1739 310 oblatas
1772 270 1893 310 tutela
1923 277 2124 312 sumtuosa

328 325 494 367 sollicite
519 327 727 367 nutriebat.

870 532 1312 579 CAPUT
1416 533 1580 581 XIV.

439 690 526 732 Nec
559 691 620 730 ille
647 696 722 729 tam
756 688 885 728 clarus
919 695 1074 741 tamque
1100 688 1322 742 splendidus
1349 687 1355 744 Ι
1385 690 1559 743 publicae
1590 690 1800 743 voluptatis
1833 697 2041 743 apparatus
2067 689 2125 729 in-

326 748 456 788 vidiae
483 747 624 787 noxios
651 745 788 798 effugit
813 745 962 785 mulos·
1012 744 1117 784 Nam
1144 745 1292 785 diutina
1319 746 1545 799 captivitate
1574 746 1760 800 fatigatae
1781 745 1896 785 simul
1917 753 1955 786 et
1975 745 2125 786 aestiva

857 801 918 855 pi„
909 814 969 841 ra
1005 801 1121 841 etiam
1160 802 1337 842 sessione
1375 802 1606 856 languidae,
1646 803 1850 856 repentina
1882 800 1887 858 Ι
1921 809 2126 856 correptae

326 861 548 923 pestilentia
581 872 703 913 paene
734 859 783 897 ad
817 858 963 897 nullum
995 858 1148 898 rediere
1181 836 1612 899 numem1m.⁰Passi1n
1655 873 1722 912 per
1753 859 1900 912 plateas
1940 859 2125 912 plurimas

328 931 511 958 cerneres
537 916 689 964 iacere
724 914 1004 955 semivivorum
1033 929 1239 969 corporum
1269 915 1393 955 lerina
1428 917 1597 969 naut'r·g1
1584 916 1651 955 ia.
1701 914 1815 955 Tunc
1847 916 1988 969 vulgus
2015 915 2126 969 igno-

326 974 422 1022 hile,
470 986 566 1026 quos
605 972 752 1012 inculta
793 971 997 1025 pauperies
1035 971 1120 1011 sine
1159 972 1311 1012 delettu
1342 971 1515 1011 (iborum
1551 979 1711 1011 tenuato
1743 973 1871 1012 ventri
1904 971 2009 1025 cogit
2040 986 2124 1012 sor-

236 1040 297 1073 .·271
326 1030 455 1071 dentia
480 1029 748 1084 supplementa
774 1035 813 1068 et
838 1028 954 1082 dapes
982 1028 1176 1082 gratuitas
1203 1029 1458 1082 conquirere,
1494 1029 1635 1082 passim
1662 1028 1836 1068 iacentes
1868 1029 2002 1083 epulas
2031 1027 2036 1084 Ι
2063 1042 2126 1068 ac-

319 1185 465 1220 praeter
479 1186 554 1211 ante
568 1180 705 1209 domest.
720 1183 810 1210 abest
828 1188 847 1209 a
861 1182 897 1209 R.
912 1184 942 1208 et
957 1180 978 1209 f.
1015 1178 1238 1208 domesliticis
1253 1182 1290 1209 Ι).
1304 1188 1324 1209 a
1339 1189 1367 1215 p.
1377 1189 1415 1209 m.
1431 1181 1463 1209 in
1478 1181 1624 1214 margine
1638 1185 1814 1209 correctum
1824 1188 1911 1217 prae
1925 1179 2127 1209 domesticis.

325 1231 446 1264 captus
465 1229 500 1256 G.
525 1229 552 1257 1,
573 1229 606 1256 Ο.
655 1226 774 1263 largas
795 1228 830 1254 G.
853 1228 880 1255 ¹2.
901 1228 938 1254 D.
960 1228 995 1255 P.
1040 1229 1193 1262 paratas
1215 1234 1269 1260 pro
1285 1229 1412 1263 partus
1432 1227 1568 1254 eonieeit
1590 1227 1782 1254 Grostotins.
1831 1225 1932 1253 eliam
1950 1227 2036 1255 deest
2052 1228 2087 1254 R.
2107 1226 2125 1255 Γ.

324 1272 554 1301 dolationibus
568 1273 671 1301 Basil.
690 1274 716 1300 1.
765 1270 882 1298 oblata
896 1273 931 1299 F.
947 1273 976 1299 3.
992 1273 1027 1299 G.
1046 1273 1072 1300 1.
1088 1274 1121 1300 0.
1138 1281 1166 1306 p.
1217 1270 1340 1298 lucella
1360 1273 1395 1300 G.
1415 1274 1441 1299 1.
1473 1271 1599 1299 tutelas
1615 1271 1635 1299 s.
1664 1272 1752 1300 Unde.
1772 1273 1850 1299 Oud.
1871 1271 2042 1300 lectionem
2057 1272 2126 1299 cod.

324 1319 429 1348 Guels.
450 1319 560 1347 neseio
582 1319 686 1346 utrius
705 1317 857 1345 sumserit
874 1315 1030 1350 cantela,
1057 1325 1120 1345 non
1137 1317 1246 1351 video.
1273 1318 1354 1350 qnod
1368 1320 1556 1350 argumento
1571 1322 1617 1345 est
1631 1339 1637 1349 ,
1665 1325 1758 1350 quarn
1780 1318 1950 1349 negligens
1970 1317 2011 1344 sit
2027 1316 2126 1345 Cortii

323 1365 466 1393 collatio.
503 1362 648 1391 sollicite
662 1365 753 1391 abest
769 1362 801 1390 in
816 1364 851 1391 P.
888 1361 1085 1389 nutriebant
1100 1363 1133 1390 F.
1149 1364 1178 1391 3.
1195 1364 1229 1390 G.
1249 1363 1273 1390 1.
1290 1364 1323 1390 Ο.
1337 1364 1373 1390 R.
1390 1362 1410 1390 f.
1427 1370 1455 1397 p.
1470 1364 1518 1390 ed.
1535 1371 1579 1396 pr.
1596 1362 1698 1391 Basti.
1717 1363 1742 1390 1.
1759 1362 1791 1390 in
1805 1370 1922 1395 maren:
1950 1363 2033 1390 unde
2046 1363 2126 1390 Oud.

322 1410 461 1438 coniecit
475 1408 612 1436 oblatae
625 1428 633 1435 .
648 1429 653 1435 .
670 1430 676 1436 .
691 1406 943 1441 nutriebantur,
971 1406 1144 1435 nutriebat
1161 1409 1195 1436 B.
1221 1406 1375 1435 nutriha!
1394 1409 1473 1435 Etm.
1488 1408 1564 1440 legit
1580 1408 1663 1435 inter
1678 1408 1746 1435 VY.
1760 1409 1823 1436 LL.
1834 1430 1841 1444 ‚
1868 1408 1949 1441 quod
1966 1415 2022 1442 per
2035 1412 2127 1441 typo-

322 1458 428 1484 thetae
442 1462 579 1484 errorem
597 1454 717 1482 factum
732 1462 806 1481 esse
820 1461 954 1485 censeo.
981 1461 1077 1486 quum
1093 1453 1124 1480 in
1141 1456 1228 1480 textu
1243 1451 1415 1479 nntrielmz
1430 1457 1515 1480 reete
1529 1453 1725 1480 inveniatur.

414 1498 568 1537 spedt'dns
582 1501 620 1528 D.
635 1506 653 1526 a
668 1507 707 1527 m.
723 1507 752 1532 p.
766 1499 799 1526 in
814 1506 913 1534 marg.
929 1496 1119 1535 splendidus
1134 1506 1151 1526 a
1167 1506 1205 1526 in.
1219 1508 1245 1526 s.
1261 1502 1307 1526 est
1329 1496 1451 1535 effigie.
1477 1499 1514 1525 D.
1530 1505 1547 1526 a
1563 1506 1602 1526 m.
1619 1506 1647 1532 p.
1664 1498 1695 1525 in
1711 1505 1810 1530 niara.
1825 1501 1912 1525 extat
1928 1494 2053 1534 efficgit
2064 1504 2125 1524 no-

322 1548 414 1574 stros
439 1546 533 1579 <quod
548 1553 602 1579 pro
616 1552 656 1571 lm
660 1551 686 1571 .·z
689 1551 738 1571 ms
753 1541 873 1580 eff'ugil
890 1544 1028 1578 positum
1043 1552 1116 1571 esse
1130 1544 1306 1571 existimat
1310 1544 1415 1573 erim.)
1462 1545 1494 1569 el
1508 1546 1583 1571 ante
1597 1542 1706 1588 nesti-e
1710 1551 1731 1568 (ι
1746 1544 1782 1571 dt
1786 1543 1855 1571 side
1860 1543 1992 1571 raturin
2008 1551 2036 1577 p.
2062 1550 2126 1570 ar-

324 1591 396 1618 tica
410 1593 445 1619 G.
465 1592 490 1618 1.
534 1597 656 1626 qngrm’
670 1593 715 1618 est
732 1589 763 1617 in
778 1591 849 1617 sola
862 1591 911 1618 ed.
925 1591 1002 1617 Ba.·.
1020 1590 1047 1616 l.
1096 1588 1234 1615 serione
1255 1586 1516 1625 P.la11‹rm'dus
1537 1589 1571 1616 P.
1592 1592 1620 1616 et
1640 1586 1687 1626 1).';
1700 1596 1719 1616 a
1739 1596 1778 1616 m.
1798 1596 1826 1622 p.
1875 1586 1967 1626 logne
1966 1586 2031 1616 dus
2045 1590 2080 1616 G.
2096 1591 2126 1617 2.

322 1645 391 1674 rep.
411 1639 443 1663 et
459 1638 638 1671 correptae
657 1635 677 1663 f.
726 1637 878 1661 eumenen
893 1636 928 1663 G.
948 1636 973 1662 1.
1023 1642 1098 1660 nam
1114 1642 1170 1668 pro
1184 1632 1308 1661 nullum
1325 1638 1436 1667 aperte
1449 1633 1605 1661 selibitnr
1620 1634 1651 1660 in
1666 1635 1703 1661 1).
1719 1633 1900 1668 compendii
1919 1622 2038 1670 signo,
2062 1642 2126 1662 non

321 1681 537 1717 superposito.
587 1678 738 1707 reducere
758 1681 794 1708 G.
811 1681 839 1708 1.
857 1682 885 1707 2.
906 1680 939 1708 0.
955 1681 992 1707 D.
1014 1683 1042 1707 et
1063 1687 1174 1707 omnes
1193 1680 1262 1707 ‹·.dd
1278 1682 1355 1707 xett.
1375 1677 1486 1705 redire
1500 1678 1521 1706 f.
1537 1675 1566 1706 ὃ.
1593 1677 1734 1705 redu'em
1751 1679 1779 1707 v
1783 1687 1812 1706 ic
1815 1682 1879 1707 ent
1923 1686 1987 1714 per
2001 1681 2090 1708 abest
2107 1687 2127 1708 a

322 1729 360 1757 D.
374 1735 392 1756 a
407 1735 446 1755 m.
462 1735 491 1761 p.
506 1729 535 1754 et
550 1726 581 1754 in
596 1725 742 1760 margine
756 1732 774 1753 a
789 1733 828 1753 m.
843 1733 871 1753 s.
884 1726 1014 1757 legitur.
1044 1723 1173 1760 plateis
1186 1726 1224 1752 D.
1240 1733 1258 1752 a
1273 1732 1313 1752 in.
1329 1732 1357 1758 n.
1372 1724 1480 1753 littera
1494 1732 1516 1750 a
1530 1731 1550 1752 a
1564 1732 1602 1752 m.
1617 1733 1644 1752 s.
1658 1732 1757 1758 snper
1770 1724 1891 1759 addita.
1907 1725 1988 1758 quod
2004 1733 2065 1753 non
2081 1725 2127 1753 ita

322 1775 479 1801 damnem.
515 1770 683 1807 plurimas
697 1771 731 1798 F.
741 1771 772 1798 3.
782 1771 817 1798 G.
830 1772 857 1799 1.
866 1772 897 1798 ¹2.
907 1771 944 1798 D.
954 1771 989 1798 P.
999 1772 1033 1797 0.
1043 1779 1072 1804 p.
1083 1770 1102 1798 f.
1112 1767 1140 1798 δ.
1155 1771 1281 1798 vicent.
1291 1770 1339 1798 ed.
1349 1770 1513 1803 mave-net.
1523 1771 1553 1798 ⁵2.
1567 1771 1649 1798 lunt.
1664 1771 1730 1797 1.·2.
1740 1770 1815 1798 Ant.
1831 1771 1865 1797 ln
1880 1773 1953 1798 cett.
1964 1768 2124 1805 plurima.

321 1817 522 1845 sende-orum
535 1818 570 1845 Ο.
596 1816 663 1843 iam
677 1814 773 1843 culta
789 1823 955 1849 perperam
970 1817 1051 1844 lnnt.
1070 1816 1096 1843 1.
1122 1815 1191 1842 sice
1205 1817 1241 1843 G.
1260 1816 1286 1843 1.
1313 1813 1444 1841 delecta
1459 1815 1480 1843 f.
1505 1813 1629 1841 delicta
1644 1812 1672 1843 ὁ.
1699 1815 1814 1841 neutri
1826 1822 1882 1849 pro
1891 1815 2126 1844 vener1·G.2.et

320 1865 359 1892 D.
374 1871 393 1892 a
406 1871 446 1892 m.
462 1871 490 1897 p.
508 1862 538 1890 in
554 1869 654 1896 marg.
669 1869 689 1890 a
702 1869 741 1889 m.
756 1869 783 1889 s.
806 1865 994 1889 correctum.
1020 1862 1082 1888 Pro
1096 1859 1327 1896 supplementa
1341 1861 1488 1889 emendat
1502 1862 1612 1889 Brant.
1627 1858 1852 1896 emplementa.
1888 1859 1990 1887 eliam
2005 1858 2123 1896 duffio.

317 1908 480 1945 gravitas
494 1915 547 1942 pro
558 1906 737 1943 gratuitas
751 1907 827 1934 Bas.
848 1908 891 1943 1.,
917 1914 1000 1940 qnae
1014 1907 1126 1934 eadem
1142 1913 1346 1943 conquerere
1359 1908 1465 1934 habet.
1511 1904 1673 1942 gradales
1692 1904 1808 1941 epulus
1830 1905 1945 1941 frigide
1964 1907 2125 1934 stewech.

320 1954 457 1983 coniecit
471 1961 528 1988 pro
541 1953 583 1981 iis
598 1953 780 1987 accipiens,
801 1952 884 1985 quie
898 1952 1054 1985 gradibus
1069 1954 1186 1985 populo
1201 1951 1427 1980 tribuerentur.
1464 1949 1510 1977 nd
1521 1950 1670 1978 fat-entes
1684 1948 1711 1979 δ.
1749 1953 1938 1978 excurrunt
1955 1950 1976 1980 s.
2000 1958 2123 1977 accur-

321 2002 401 2027 runt
415 2000 450 2028 F.
468 2000 495 2027 1.
511 2000 540 2027 3.
555 2000 591 2027 G.
609 1999 635 2026 1.
651 1999 680 2026 2.
694 1999 732 2026 D.
747 1998 783 2025 P.
798 1998 833 2026 B.
849 1998 883 2026 Ο.
900 1998 935 2025 R.
951 1996 971 2025 f.
987 1994 1015 2025 ὃ.
1030 2001 1058 2025 et
1072 1998 1155 2025 lunt.
1170 1999 1199 2026 2.
1225 1997 1332 2026 Ceteri
1346 1998 1435 2025 codd.
1450 2000 1479 2024 et
1500 1997 1571 2025 edd.
1587 2000 1662 2025 vett.
1683 2003 1876 2025 accurrere.

322 2132 468 2177 fuisse,
501 2130 633 2170 multis
666 2130 764 2168 locis
795 2133 928 2181 potest
953 2131 1195 2182 comprobari

325 2188 372 2226 cs.
400 2187 624 2239 Symmaeh.
654 2186 779 2237 Epist.
810 2185 851 2224 ll.
879 2190 944 2226 46.
971 2191 1010 2225 et
1036 2192 1099 2228 76.
1126 2186 1194 2224 IV.

324 2249 388 2286 56.
417 2244 594 2283 Cassiod.
609 2244 658 2282 V.
676 2247 741 2283 42.
766 2242 886 2282 Plura
911 2242 1090 2295 exempla
1106 2257 1195 2295 pro-

324 2302 399 2340 sert
429 2301 595 2351 Buleng.
628 2300 678 2338 de
704 2300 843 2339 Venat.
871 2299 970 2337 Circi
1004 2314 1034 2338 c.
1065 2304 1126 2341 19.
1160 2301 1194 2337 in

324 2359 466 2398 Graev.
494 2357 616 2396 Thes.
649 2357 808 2407 Antiqq.
837 2355 880 2394 T.
908 2355 977 2394 IX.
1012 2371 1050 2408 p.
1078 2356 1193 2408 774.]

380 2415 518 2455 tutela.
545 2413 648 2466 [Hoc
675 2413 760 2451 loco
786 2413 888 2450 idem
914 2417 993 2458 est,
1020 2413 1123 2464 quod
1146 2414 1194 2451 vi-

323 2475 427 2519 ctu-53
453 2470 702 2510 cf.Buene1n.
724 2469 773 2507 ad
797 2469 905 2508 Laet.
933 2468 1140 2508 111stt.vtt.
1157 2475 1192 2510 4.

322 2529 352 2580 §.
387 2531 445 2569 ιο.
470 2542 506 2580 p.
533 2526 650 2579 874]

383 2641 469 2679 Cim.
489 2639 598 2679 XlV.
649 2639 834 2679 Invidiae
864 2639 1012 2677 nomios
1051 2641 1195 2693 effzcyit

330 2698 482 2738 oculos.
531 2696 716 2735 Absurde
741 2695 875 2734 Heins.
907 2696 1069 2733 coniecit
1100 2711 1193 2736 acu-

327 2756 425 2798 leos,
465 2767 580 2805 quum
627 2754 738 2793 oculi
774 2753 930 2804 egregie
967 2754 1194 2791 conveniant

325 2810 495 2849 Invidiae
528 2811 641 2848 limae
672 2814 711 2848 et
736 2809 938 2848 fascinanti
964 2822 1193 2860 venenoque

325 2868 679 2906 inficientibestias.
707 2866 838 2904 Horat.
859 2865 982 2916 Epist.
1000 2865 1025 2903 l.
1046 2870 1105 2905 14.
1128 2870 1192 2906 37.

326 2924 375 2961 de
396 2924 432 2962 la
448 2923 573 2963 Cerda,
593 2924 643 2962 ad
656 2923 765 2973 Virg.
781 2922 863 2961 Eet.
878 2920 942 2960 Ill.
962 2925 1051 2962 103.
1079 2922 1193 2974 [Fas-

326 2981 438 3018 cinari
463 2981 640 3019 homines
665 2979 830 3018 invidiae
854 2979 1081 3031 perniciosis
1108 2993 1194 3017 oeu-

327 3035 394 3082 lis,
427 3042 465 3074 ut
489 3037 653 3088 Hispani
683 3041 839 3074 nostrae
865 3035 1005 3075 aetatis
1031 3035 1194 3073 eandem

325 3094 638 3145 superstitionem
652 3097 821 3139 servant,
830 3096 984 3131 veteres
998 3092 1196 3143 putabant.

1255 2129 1303 2169 cf.
1331 2128 1454 2168 Voss.
1481 2129 1527 2168 ad
1554 2129 1659 2180 Virg.
1687 2128 1957 2170 Ect.111.103.
1983 2128 2124 2168 Markl.

1254 2187 1303 2224 ad
1331 2185 1429 2225 Stat.
1457 2185 1553 2224 Sitv.
1574 2185 1642 2225 IV.
1664 2186 1700 2227 3.
1725 2190 1785 2227 16.
1811 2185 1941 2224 Burm.
1967 2185 2017 2224 ad
2042 2187 2122 2224 An-

1253 2242 1348 2281 thol.
1376 2242 1419 2280 ΙΙ.
1446 2256 1484 2294 p.
1512 2247 1577 2283 83.
1603 2241 1687 2281 Intt.
1721 2243 1770 2281 ad
1795 2241 1913 2294 Prop.
1939 2241 1966 2280 l.
1997 2247 2057 2283 12.
2085 2246 2121 2283 9.

1255 2300 1380 2337 Stern.
1409 2299 1459 2337 ad
1486 2299 1592 2338 Grat.
1617 2313 1652 2350 p.
1673 2303 1761 2339 142.
1792 2298 2122 2337 Potissimumin-

1256 2356 1425 2394 santibns
1457 2360 1496 2394 et
1524 2357 1667 2393 teneris
1698 2356 1922 2407 pecoribus,
1960 2368 2121 2405 quorum

1256 2426 1397 2463 (eorpus
1416 2413 1544 2451 adhuc
1565 2412 1748 2450 inlirnnnn
1768 2416 1868 2458 erat.
1895 2412 1994 2450 oculi
2010 2411 2122 2450 fasci-

1252 2474 1390 2508 nantes
1406 2474 1512 2508 erant
1526 2470 1624 2507 noxii
1635 2483 1643 2515 ;
1663 2469 1855 2519 cl'AVagn.
1865 2468 1915 2507 ad
1924 2468 2029 2519 Virg.
2041 2467 2060 2505 l.
2072 2468 2120 2520 u]
2218 2453 2221 2523 l

1304 2527 1470 2578 passim.
1498 2526 1560 2564 De
1575 2526 1688 2563 huius
1703 2527 1810 2564 vocis
1825 2525 2121 2576 significatione:

1254 2586 1443 2635 confuse,
1468 2584 1554 2621 sc‘ne
1574 2583 1720 2621 ordine
1741 2584 1838 2620 satis
1859 2586 1950 2620 nota
1974 2581 2123 2620 coutert

1253 2640 1355 2677 Oud.
1383 2639 1450 2678 Dr.
1476 2639 1525 2676 ad
1553 2638 1624 2677 sit.
1650 2637 1734 2677 Yll.
1766 2642 1856 2679 139.
1895 2637 2031 2691 [Plura
2055 2637 2119 2676 (la-

1251 2697 1307 2734 bit
1331 2695 1462 2734 Burni.
1484 2695 1532 2734 ad
1547 2695 1705 2734 Anthot.
1722 2694 1748 2733 I.
1764 2709 1800 2746 p.
1818 2699 1908 2735 385.
1924 2695 1972 2732 ad
1989 2693 2120 2740 Quint.
2214 2739 2217 2742 .

1252 2752 1367 2791 Dect.
1393 2751 1458 2791 IV.
1490 2756 1551 2792 14.
1578 2751 1747 2790 Phaedr.
1773 2751 1820 2790 Y.
1851 2757 1884 2791 1.
1910 2755 1947 2791 3.
1974 2765 2010 2803 p.
2027 2754 2121 2791 238.
2220 2768 2221 2777 ¹

1251 2809 1438 2848 Buenem.
1469 2808 1519 2846 ad
1544 2808 1654 2847 Lact.
1681 2807 1741 2846 ΙΙΙ.
1769 2811 1803 2848 9.
1836 2807 1868 2858 §.
1895 2813 1931 2848 5.
1963 2821 1998 2859 p.
2026 2811 2118 2848 315.

1252 2866 1422 2917 Saepius
1447 2866 1499 2904 ita
1525 2865 1661 2915 legitur
1688 2865 1722 2902 in
1750 2863 1948 2916 Apuleio]

1310 2923 1462 2962 inculta
1486 2922 1717 2973 pauperies.
1759 2920 1822 2959 De
1847 2934 1953 2959 more
1978 2934 2107 2972 paupe

1252 2993 1333 3017 rum
1361 2978 1464 3017 seras
1489 2981 1525 3016 in
1552 2991 1667 3016 arena
1693 2977 1892 3016 consectas
1924 2977 2118 3029 epulandi,
2207 2997 2213 3022 t

1254 3039 1453 3087 comparat
1485 3035 1591 3073 Colv.
1625 3033 1783 3072 Tertull.
1816 3033 1987 3085 Apolog.
2024 3049 2054 3072 c.
2083 3037 2119 3074 9.
2205 3046 2212 3113 ι

2202 3162 2209 3256 l

2200 3371 2204 3399 l

2201 3403 2203 3431 l

1257 3091 1408 3143 [Argol.
1419 3091 1629 3130 adl'anvin.
1640 3090 1687 3128 de
1699 3089 1773 3129 lud.
1786 3089 1878 3129 Circ.
1889 3090 1948 3130 l.c.
1958 3103 1994 3142 p.
2008 3090 2118 3142 162]
