2221 3667
329 155 411 196 922

582 155 628 193 L.
660 153 878 193 APULEll
909 153 1309 194 MADAURENSIS
1339 154 1873 198 METAMORPHOSEON

329 264 571 316 consequiis:
597 264 707 317 equis
733 265 849 305 etiam
869 263 1111 306 Thessalicis
1136 271 1176 306 et
1193 265 1281 306 aliis
1301 265 1484 307 iumentis
1506 266 1737 319 Gallicanis,
1765 269 1902 323 quibus
1923 284 2116 324 generosa

240 327 303 360 713
328 320 483 360 soboles
509 321 685 374 perhibet
714 322 925 374 pretiosam
952 322 1203 376 dignitatem:
1232 336 1294 362 me
1318 322 1489 376 phaleris
1520 323 1651 363 aureis
1671 323 1677 379 Ι
1699 331 1739 364 et
1763 326 1903 366 fucatis
1929 328 2114 382 ephippiis

327 383 367 416 et
397 377 601 430 purpureis
629 378 767 431 tapetis
792 384 832 417 et
858 379 980 418 frenis
1008 378 1209 431 argenteis
1235 385 1275 419 et
1293 378 1487 433 pictilibus
1507 379 1647 420 balteis
1672 387 1711 420 et
1734 380 2003 423 tintinnabulis
2028 397 2114 438 per-

326 504 420 542 equis
444 507 480 532 et
501 503 708 533 Thessalicis
727 508 764 535 G.
783 508 814 535 2.
833 508 872 535 D.
915 504 1115 542 perhibetur
1133 507 1168 535 F.
1192 507 1219 535 1.
1245 506 1298 542 (in
1317 507 1479 542 excerptis
1495 508 1534 536 ad
1549 516 1648 543 marg.
1669 509 1716 537 ed.
1730 507 1838 544 Colv.)
1858 511 1941 538 lunt.
1956 511 1984 538 1.
1998 510 2028 538 2.
2041 511 2114 540 Am.

321 548 464 586 paribus
476 558 534 586 pro
542 549 699 587 perhibet
710 559 747 581 π.

327 662 424 705 vius,
449 673 527 711 qua
550 663 743 699 sententia
762 661 967 713 praedari
992 661 1110 712 lupos
1135 674 1194 699 ca-

328 716 507 767 piendum
536 717 598 755 sit.
652 717 773 756 Solin.
811 732 844 757 0.
876 721 959 757 53.;
997 717 1086 757 Nec
1105 717 1193 770 ple·

327 774 435 812 (teias
459 779 591 825 ayunt
616 775 855 825 praedux
886 775 1031 826 Tiqres
1056 779 1095 812 et
1117 774 1192 813 ele-

325 829 473 881 phanti
496 831 771 882 requiruntur.
813 830 990 869 Similem
1022 844 1114 868 esse
1139 830 1192 867 di-

326 887 489 924 ctionem
516 888 569 924 ait
594 900 737 927 currus
757 886 1081 940 equorumOvid.
1095 886 1190 925 Met.

325 942 373 980 V.
388 946 482 982 360.
512 942 682 982 Frontin.
696 942 722 982 1.
741 948 801 983 11.
820 948 881 984 10.
915 943 1016 982 Geli.
1033 942 1140 981 XIX.
1156 947 1192 983 8.

326 1000 433 1037 Suet.
450 998 569 1050 Calig.
589 1003 649 1040 19.
677 999 810 1038 Claud.
829 1004 892 1040 11.
922 999 1105 1052 Xenoph.
1120 999 1194 1051 Cy-

324 1069 406 1106 rop.
428 1054 496 1094 Vl.
521 1069 558 1107 p.
584 1059 672 1097 169.
708 1055 941 1109 Apollodor.
960 1056 987 1095 I.
1009 1059 1044 1097 6.
1070 1060 1109 1095 et
1128 1060 1193 1097 65.

325 1110 433 1163 [Sed
456 1111 545 1150 huic
569 1112 722 1151 lectioni
747 1112 867 1152 multa
892 1113 1059 1152 obstant.
1113 1111 1193 1151 Pri-

322 1182 428 1206 mum
448 1182 521 1206 non
543 1168 797 1208 intolerabilis
813 1173 875 1208 est
889 1170 1043 1216 locutio,
1064 1183 1192 1220 quam,

323 1225 397 1263 etsi
424 1229 556 1264 noster
579 1225 689 1264 loeus
714 1239 802 1264 eum
828 1226 978 1277 fugisse
1001 1226 1190 1273 videatur,

324 1281 513 1320 Scheffer.
546 1282 596 1320 de
625 1296 668 1320 re
699 1283 867 1322 vehicul.
899 1296 929 1321 0.
957 1287 1023 1323 30.
1054 1284 1089 1321 10
1114 1281 1191 1320 Ρο-

323 1338 398 1376 len.
425 1338 564 1390 Suppl.
591 1339 713 1378 Thes.
738 1340 873 1391 Antiq.
894 1338 940 1379 T.
953 1340 1002 1378 V.
1016 1353 1052 1390 p.
1072 1343 1190 1379 1485.

322 1394 434 1433 hisce
471 1396 598 1434 verbis
635 1395 827 1435 defendit:
858 1395 1002 1442 „Haec
1036 1397 1192 1435 rheda

321 1452 381 1489 sic
410 1452 457 1490 ab
494 1451 580 1490 aliis
617 1452 770 1491 diversa
806 1453 1040 1504 quandoque
1077 1453 1189 1490 etiam

323 1512 562 1560 carpentum
598 1509 822 1548 vocabatur.
874 1508 966 1548 Ideo
1000 1509 1104 1559 quod
1134 1507 1191 1546 Iu-

324 1578 409 1603 ven.
436 1564 521 1603 Sat.
540 1563 642 1603 VIII.
666 1569 754 1606 147.
782 1569 845 1604 est
868 1569 1102 1617 carpentum,
1126 1578 1190 1603 ve-

322 1621 394 1659 teri
421 1621 505 1658 eius
532 1621 783 1660 Scholiastae
809 1626 870 1660 est
894 1623 1037 1662 rheda.
1080 1622 1130 1660 Et
1154 1622 1189 1659 in

323 1677 460 1716 codice
492 1677 768 1717 Theodosiano
803 1678 902 1716 Υ111.
937 1682 999 1719 18.
1027 1678 1090 1729 lig.
1123 1682 1190 1719 30.

322 1733 396 1771 hac
428 1733 478 1771 de
514 1747 658 1773 caussa
686 1739 777 1773 sunt
807 1740 1007 1786 carpenta
1042 1734 1189 1773 rheda-

321 1804 421 1836 rum,
435 1791 536 1829 sicut
554 1790 645 1828 alibi
658 1792 733 1828 iam
747 1791 823 1830 dixi
845 1793 894 1841 (0.
918 1795 982 1830 17.
995 1805 1032 1842 p.
1050 1793 1187 1840 1379.)

318 1847 538 1898 perspicue
556 1861 833 1893 sanxeramus,
858 1852 903 1888 ut
922 1848 962 1886 iu
989 1861 1188 1899 carpen-

321 1904 383 1942 tis
407 1903 634 1942 redarum
651 1918 877 1944 mensuram
890 1904 1091 1943 subditam.
1105 1905 1192 1943 uul-

322 1960 383 1998 lus
407 1960 633 1999 excederet.
664 1960 824 2011 Apuleii
855 1960 981 1999 locum
1005 1964 1193 1999 memorat

322 2015 512 2055 seheffer.
538 2016 562 2054 l.
588 2030 619 2055 c.
646 2030 679 2055 c.
702 2021 762 2057 17.
788 2031 826 2069 p.
844 2020 982 2063 1380.,
1010 2017 1191 2068 praeda-

319 2086 408 2111 rum
432 2076 560 2111 tamen
593 2073 751 2124 legens,
789 2075 898 2112 cuius
929 2074 1038 2111 vocis
1069 2073 1191 2125 expli-

321 2129 511 2167 cationem
543 2144 618 2168 non
649 2130 805 2182 profert.
861 2130 1011 2169 Eadem
1042 2131 1191 2168 ratione

322 2184 399 2224 Cic.
419 2185 456 2223 V
460 2199 530 2224 err.
550 2185 595 2224 11.
624 2191 660 2227 7.
682 2191 746 2227 77.
772 2187 868 2225 (lixit
893 2187 1087 2226 vehiculis
1112 2191 1191 2225 ten-

320 2255 464 2281 sarum.
510 2243 704 2282 Praedae
727 2257 818 2282 vero
843 2247 885 2282 ut
908 2242 971 2281 hic
996 2243 1101 2281 ferae
1126 2257 1190 2281 no-

320 2298 538 2338 bilissimae
563 2299 638 2337 dici
667 2301 839 2350 possint,
876 2299 980 2350 quod
1005 2299 1080 2337 hoc
1103 2314 1190 2338 sen-

319 2355 523 2393 tentiarum
538 2369 641 2394 nexu
654 2355 770 2394 valde
789 2357 935 2401 dubito,
954 2360 1082 2395 tamen
1103 2357 1190 2408 quis

319 2424 488 2463 unquam
512 2413 587 2451 sibi
611 2412 887 2464 persuadebit,
913 2427 936 2452 a
961 2412 1066 2456 feris,
1092 2427 1191 2464 quas

320 2469 355 2506 in
398 2482 512 2507 usum
552 2470 721 2507 muneris
765 2470 981 2521 gladiatorii
1019 2468 1190 2509 Thiasus

319 2524 490 2575 undique
509 2530 799 2577 comparaverat
818 2525 1071 2565 nobilissimis
1093 2526 1192 2564 haec

321 2586 503 2633 carpenta
515 2586 638 2621 tracta
651 2582 776 2621 fuisse
785 2584 802 2621 ’Ξ
832 2582 917 2621 Hac
930 2581 1190 2633 explicatione

320 2637 416 2676 nihil
440 2642 574 2689 potest
598 2639 789 2678 infelicius
814 2639 899 2678 dici.
940 2639 1042 2678 Hinc
1065 2640 1189 2690 igitur,

321 2694 446 2733 donec
469 2695 630 2734 meliora
653 2696 816 2743 doceor,
842 2696 1047 2734 lectionem
1071 2697 1189 2735 recla-

319 2765 410 2791 rum
435 2753 640 2804 carpentis
664 2754 825 2792 retineo.
868 2753 991 2793 Reda
1009 2765 1101 2790 vero
1126 2766 1189 2790 ne-

322 2820 398 2857 que
432 2808 562 2848 rheda
603 2809 850 2848 scribendum
892 2822 987 2847 esse
1026 2809 1192 2861 probant

321 2863 481 2914 Rupert.
507 2869 546 2903 et
570 2865 765 2905 Heinrich.
789 2866 839 2905 ad
864 2865 994 2904 Iuven.
1020 2865 1083 2903 111.
1108 2866 1188 2918 10.]

379 2920 611 2961 Thessalici.
666 2921 823 2962 Passim
848 2924 942 2975 equi
967 2923 1188 2962 Thessalici

324 2975 545 3024 laudantur,
581 2978 630 3017 cf.
656 2978 834 3018 Lactant.
860 2980 910 3018 ad
935 2980 1032 3017 Stat.
1059 2977 1125 3016 IV.
1151 2993 1189 3030 p.

327 3036 417 3072 120.
444 3035 621 3084 optimae
644 3040 816 3075 naturae
846 3037 941 3088 equi
967 3035 1191 3076 Thessalici

320 3101 399 3139 per
424 3090 559 3129 orbem
585 3094 788 3143 feruutur.
841 3091 1010 3143 Oppian.
1041 3090 1189 3142 Cyneg.

325 3143 353 3182 1.
370 3147 448 3185 170
462 3158 521 3196 sq.
554 3145 623 3200 [01.
648 3147 759 3188 Varr.
774 3148 823 3187 de
842 3148 889 3188 R.
916 3148 966 3188 R.
989 3147 1034 3186 11.
1055 3153 1091 3189 7.
1107 3151 1138 3198 ᾗ.
1154 3152 1192 3190 6.

794 549 962 588 ephi‘ppec‘s
976 553 1012 581 G.
1025 553 1056 580 2.
1071 553 1109 580 D.
1152 551 1316 589 purpuris
1329 549 1358 581 δ’.
1406 552 1530 589 capitis
1544 554 1578 582 B.
1621 551 1798 591 pichn'lz'bas
1812 556 1847 584 Ο.

1251 660 1399 701 Lucan.
1421 662 1486 701 VI.
1514 667 1606 705 396.
1645 664 1774 714 ibique
1811 663 1912 702 Cort.
1948 663 2113 714 Buleng.

1253 717 1381 758 Tract.
1407 719 1456 757 de
1482 719 1606 769 Equis
1638 734 1669 758 c.
1696 725 1732 760 5.
1765 720 1800 758 in
1827 719 1968 759 Graev.
1993 719 2114 758 Thes.

1250 775 1410 825 Antiqq.
1439 774 1486 814 T.
1510 775 1577 815 IX.
1603 789 1639 827 p.
1663 776 1776 828 733.]

1311 832 1550 871 Gallicanis.
1615 832 1755 870 Mirum
1792 836 1855 871 est
1890 831 2114 870 Elmenhor-

1250 888 1339 932 stio.
1366 888 1429 939 qui
1454 887 1504 927 ad
1528 889 1686 927 verbum
1700 888 1960 939 Lindenbrog.
1985 892 2114 927 notam

1252 944 1477 995 descripsit,
1514 945 1721 996 Apuleium
1757 945 1820 984 1110
1861 945 2019 984 laudare
2063 946 2113 983 iu-

1250 1004 1380 1040 menta
1408 1001 1645 1048 Gallicana,
1677 1015 1777 1052 quae
1801 1001 1898 1040 alias
1922 1001 2010 1039 vilis
2036 1001 2115 1039 fue-

1251 1059 1322 1096 rint
1350 1058 1479 1109 pretii,
1522 1061 1563 1096 ut
1603 1059 1638 1096 in
1680 1059 1921 1109 proverbium
1963 1058 2115 1095 abierit:

1250 1115 1374 1154 vilior·
1412 1114 1575 1154 Gallico
1613 1115 1835 1154 cantherio.
1899 1113 2005 1152 Idem
2041 1115 2115 1152 iam

1249 1175 1341 1209 ante
1365 1184 1452 1209 eum
1477 1170 1663 1210 Beroald.
1687 1172 1880 1223 probavst,
1905 1184 2019 1221 quem
2045 1184 2114 1221 pro

1248 1240 1357 1265 more
1387 1240 1460 1265 suo
1499 1227 1680 1266 Floridus
1715 1231 1891 1266 accurate
1933 1226 2115 1278 compila-

1250 1285 1312 1322 vit.
1345 1282 1412 1336 [cf.
1438 1283 1524 1323 Intt.
1549 1284 1598 1322 ad
1622 1282 2113 1335 Plaut.Aulul.lll.5.21.]

1248 1340 1374 1379 Recte
1399 1353 1490 1378 vero
1516 1344 1647 1378 monet
1671 1340 1793 1385 Oud.‚
1830 1353 1988 1379 errasse
2013 1340 2116 1377 viros

1250 1396 1399 1436 doctos.
1452 1396 1554 1435 Nam
1584 1396 1647 1435 1110
1676 1411 1750 1435 000
1782 1410 1906 1447 equos
1938 1395 2115 1445 intelligit

1249 1457 1396 1500 auctor,
1433 1453 1507 1491 sed
1531 1467 1600 1504 per
1629 1453 1715 1492 alia
1738 1454 1914 1492 iumenta
1938 1453 2115 1504 exprimit

1248 1509 1376 1548 mulos
1400 1510 1595 1555 mulasve,
1628 1523 1726 1561 quas
1752 1509 1964 1560 carpentis,
1994 1508 2113 1547 redis.

1248 1566 1414 1616 aliisque
1456 1567 1629 1604 curribus
1677 1565 1875 1604 trahendis
1920 1565 2115 1603 adhibitas

1248 1624 1398 1674 passini
1436 1622 1577 1668 fuisse,
1621 1622 1762 1660 docent
1798 1621 1884 1660 1011.
1920 1621 1969 1659 ad
2006 1622 2114 1660 Suet.

1249 1678 1364 1717 Caes.
1389 1693 1420 1717 c.
1449 1683 1513 1718 31.
1556 1678 1665 1716 Varr.
1691 1677 1739 1715 R.
1764 1678 1814 1716 R.
1839 1676 1902 1715 111.
1932 1682 1994 1718 17.
2020 1677 2050 1726 ὃ.
2077 1682 2113 1717 7.

1247 1734 1381 1786 Epigr.
1424 1734 1622 1773 Claudian.
1666 1734 1716 1772 de
1750 1732 1899 1772 Mulab.
1937 1733 2113 1772 Gallicis.

1248 1791 1444 1829 Plutarch.
1482 1791 1516 1829 in
1554 1791 1713 1829 divitum
1756 1803 1898 1842 pompa
1938 1791 2023 1841 περὶ
2058 1804 2115 1840 φι-

1247 1849 1474 1895 λοπλουτίας
1499 1846 1544 1886 Τ.
1570 1846 1613 1885 11.
1644 1861 1681 1899 p.
1707 1851 1800 1887 524.
1831 1846 1892 1885 ed.
1924 1845 2012 1885 Par.
2050 1861 2113 1885 110-

1248 1905 1366 1943 minat
1396 1901 1572 1955 ἡμιονοὺς
1595 1901 1815 1949 Γαλατικὰς
1854 1902 1925 1954 [cf.
1952 1902 2114 1941 Schnei-

1250 1961 1328 2000 der.
1350 1961 1384 1998 in
1406 1961 1486 2001 lnd.
1507 1960 1556 1999 ad
1577 1960 1731 2011 Scriptt.
1745 1959 1794 1998 R.
1808 1959 1856 1998 R.
1876 1973 1960 1998 voc.
1975 1960 2112 2010 multa}

1301 2019 1468 2070 fucatis.
1529 2016 1600 2069 [cf.
1625 2016 1709 2055 11111.
1734 2017 1784 2054 ad
1807 2013 2032 2055 Ovid.Met.
2046 2014 2113 2053 Vl.

1252 2078 1342 2115 122.
1375 2073 1458 2112 Fea
1471 2074 1521 2113 ad
1535 2073 1672 2112 Horat.
1687 2073 1768 2112 Sat.
1783 2071 1810 2111 1.
1825 2077 1864 2112 4.
1882 2072 1988 2124 100.]

1301 2132 1527 2183 purpureis
1552 2131 1709 2181 tapetis.
1756 2128 1914 2167 Modius
1947 2128 2115 2167 faciebat

1244 2189 1470 2239 purpureis
1500 2187 1708 2238 capistre‘s,
1745 2199 1834 2224 nam
1863 2186 1899 2224 in
1925 2185 2028 2223 Bert.
2054 2188 2116 2223 est

1250 2245 1417 2295 capitis,
1456 2258 1524 2295 pro
1555 2257 1631 2293 quo
1664 2243 1761 2280 forte
1792 2242 1934 2280 rectius
1966 2241 2117 2292 legatur

1250 2301 1426 2352 capitiis.
1461 2300 1626 2352 Capitia
1650 2300 1751 2337 enim
1775 2302 1865 2337 sunt
1889 2298 2035 2350 pectori
2061 2302 2114 2336 te—

1249 2356 1392 2407 gendo,
1417 2370 1493 2395 non
1514 2356 1641 2408 capiti,
1668 2355 1772 2406 quod
1790 2355 1943 2407 capiant
1962 2358 2115 2405 pectus,

1249 2413 1298 2452 cf.
1328 2413 1439 2452 Varr.
1469 2413 1515 2451 L.
1547 2412 1596 2451 L.
1629 2413 1678 2452 V.
1711 2415 1777 2452 30.
1814 2411 1922 2449 Idem
1959 2411 2118 2462 legebat

1249 2483 1335 2508 cum
1361 2469 1521 2521 Sciopp.
1546 2468 1710 2508 Pontan.
1741 2467 1856 2506 Anal.
1883 2467 1910 2506 I.
1941 2471 2002 2508 12.
2029 2481 2115 2519 pro-

1248 2526 1366 2565 bante
1391 2525 1592 2565 Putschio.
1629 2526 1732 2563 Vide
1755 2524 1871 2563 simul
1896 2524 1946 2562 de
1972 2525 2116 2575 tapeti-

1250 2583 1322 2622 bus
1346 2586 1385 2621 et
1409 2584 1574 2634 capitiis
1597 2582 1697 2620 Non.
1723 2595 1758 2632 p.
1775 2584 1867 2622 229.
1882 2583 1921 2618 et
1934 2584 2027 2620 542.
2053 2580 2114 2618 ed.

1247 2639 1371 2678 Mero.
1408 2638 1518 2677 Iuvat
1548 2638 1646 2678 hanc
1679 2638 1896 2682 lectionem,
1922 2636 2026 2687 quod
2058 2641 2116 2675 ta-

1242 2697 1361 2748 petia
1395 2709 1430 2734 S.
1466 2699 1606 2747 tapeta
1648 2709 1722 2732 non
1758 2693 1920 2732 multum
1962 2692 2117 2731 differre

1248 2752 1449 2791 videantur
1467 2753 1516 2791 ab
1537 2752 1725 2803 ephipiis,
1751 2763 1837 2789 cum
1855 2753 2018 2800 utraque
2039 2749 2118 2786 sint

1249 2809 1381 2855 dorsi,
1427 2822 1503 2847 non
1541 2809 1678 2859 capitis
1714 2811 1780 2846 aut
1814 2806 1985 2857 pectoris
2021 2806 2115 2856 tegi-

1248 2869 1388 2904 menta.
1438 2865 1521 2903 Sed
1545 2865 1638 2903 nihil
1669 2867 1800 2903 contra
1823 2866 1978 2901 ceteros
2003 2861 2116 2900 codd.

1246 2925 1307 2960 est
1319 2921 1556 2961 mutandum.
1589 2922 1748 2972 Capitis
1773 2920 1873 2957 enim
1892 2918 1986 2957 nihil
2010 2918 2118 2956 aliud

1248 2981 1311 3016 est
1347 2978 1419 3016 nisi
1455 2978 1674 3029 corruptela
1705 2989 1786 3015 voc.
1817 2976 1985 3027 tapetis3
2029 2987 2117 3013 nam

1249 3036 1404 3086 quoties
1429 3035 1464 3073 in
1489 3034 1593 3073 Mss.
1612 3035 1694 3073 Cet
1714 3034 1750 3072 T
1771 3032 1922 3070 litterae
1948 3033 2045 3069 inter
2069 3043 2116 3068 se

1250 3091 1529 3129 confundantur
1552 3090 1794 3128 notissimum
1819 3092 1895 3127 est.
1941 3088 2005 3126 Ob
2029 3100 2117 3124 ocu-

1250 3147 1312 3186 los
1331 3148 1525 3199 Apuleius
1544 3147 1677 3186 habuit
1688 3145 1796 3197 Vir-g.
1811 3145 1909 3184 Aen.
1924 3143 2010 3184 Vll.
2023 3146 2114 3185 277.
