<?xml version="1.0" encoding="UTF-8"?>
<!DOCTYPE html PUBLIC "-//W3C//DTD XHTML 1.0 Transitional//EN"
    "http://www.w3.org/TR/xhtml1/DTD/xhtml1-transitional.dtd">
<html xmlns="http://www.w3.org/1999/xhtml" xml:lang="en" lang="en">
 <head>
  <title>
</title>
<meta http-equiv="Content-Type" content="text/html;charset=utf-8" />
  <meta name='ocr-system' content='tesseract 3.04.00' />
  <meta name='ocr-capabilities' content='ocr_page ocr_carea ocr_par ocr_line ocrx_word'/>
</head>
<body>
  <div class='ocr_page' id='page_1' title='image "./operaomnia01apuluoft/operaomnia01apuluoft_0159.png"; bbox 0 0 2155 3590; ppageno 0'>
   <div class='ocr_carea' id='block_1_1' title="bbox 666 97 1830 157">
    <p class='ocr_par' dir='ltr' id='par_1_1' title="bbox 666 97 1830 157">
     <span class='ocr_line' id='line_1_1' title="bbox 666 97 1830 157; baseline -0.015 0"><span class='ocrx_word' id='word_1_1' title='bbox 666 113 855 157; x_wconf 85' lang='lat' dir='ltr'><strong>LIBER</strong></span> <span class='ocrx_word' id='word_1_2' title='bbox 883 111 913 154; x_wconf 92' lang='lat'>1.</span> <span class='ocrx_word' id='word_1_3' title='bbox 970 109 1099 152; x_wconf 86' lang='lat' dir='ltr'><strong>CAP.</strong></span> <span class='ocrx_word' id='word_1_4' title='bbox 1126 107 1213 148; x_wconf 88' lang='lat' dir='ltr'><strong>VII.</strong></span> <span class='ocrx_word' id='word_1_5' title='bbox 1776 97 1830 141; x_wconf 82' lang='lat'>33</span> 
     </span>
    </p>
   </div>
   <div class='ocr_carea' id='block_1_2' title="bbox 38 213 1834 347">
    <p class='ocr_par' dir='ltr' id='par_1_2' title="bbox 38 213 1834 347">
     <span class='ocr_line' id='line_1_2' title="bbox 38 213 1834 288; baseline -0.015 -12"><span class='ocrx_word' id='word_1_6' title='bbox 38 236 124 277; x_wconf 75' lang='lat' dir='ltr'>tera</span> <span class='ocrx_word' id='word_1_7' title='bbox 149 233 325 288; x_wconf 83' lang='lat' dir='ltr'>corporis</span> <span class='ocrx_word' id='word_1_8' title='bbox 354 231 582 273; x_wconf 83' lang='lat' dir='ltr'>renudaret.</span> <span class='ocrx_word' id='word_1_9' title='bbox 641 226 729 269; x_wconf 88' lang='lat' dir='ltr'>Nec</span> <span class='ocrx_word' id='word_1_10' title='bbox 761 226 930 281; x_wconf 89' lang='lat' dir='ltr'>denique</span> <span class='ocrx_word' id='word_1_11' title='bbox 957 233 1167 281; x_wconf 88' lang='lat' dir='ltr'>perpessus</span> <span class='ocrx_word' id='word_1_12' title='bbox 1198 232 1273 274; x_wconf 85' lang='lat' dir='ltr'>ego</span> <span class='ocrx_word' id='word_1_13' title='bbox 1303 224 1383 258; x_wconf 84' lang='lat' dir='ltr'>tam</span> <span class='ocrx_word' id='word_1_14' title='bbox 1407 213 1595 255; x_wconf 90' lang='lat' dir='ltr'>miserum</span> <span class='ocrx_word' id='word_1_15' title='bbox 1620 223 1834 253; x_wconf 86' lang='lat' dir='ltr'>aerumnae</span> 
     </span>
     <span class='ocr_line' id='line_1_3' title="bbox 38 281 1062 347; baseline -0.012 -14"><span class='ocrx_word' id='word_1_16' title='bbox 38 290 300 347; x_wconf 81' lang='lat' dir='ltr'>spectaculum</span> <span class='ocrx_word' id='word_1_17' title='bbox 324 288 472 330; x_wconf 78' lang='lat' dir='ltr'>iniecta</span> <span class='ocrx_word' id='word_1_18' title='bbox 494 299 612 327; x_wconf 83' lang='lat' dir='ltr'>manu</span> <span class='ocrx_word' id='word_1_19' title='bbox 635 291 679 325; x_wconf 85' lang='lat' dir='ltr'>ut</span> <span class='ocrx_word' id='word_1_20' title='bbox 703 285 893 339; x_wconf 81' lang='lat' dir='ltr'>adsurgat</span> <span class='ocrx_word' id='word_1_21' title='bbox 917 281 1062 323; x_wconf 88' lang='lat' dir='ltr'>enitor.</span> 
     </span>
    </p>
   </div>
   <div class='ocr_carea' id='block_1_3' title="bbox 623 425 1251 483">
    <p class='ocr_par' dir='ltr' id='par_1_3' title="bbox 623 425 1251 483">
     <span class='ocr_line' id='line_1_4' title="bbox 623 425 1251 483; baseline -0.013 0"><span class='ocrx_word' id='word_1_22' title='bbox 623 431 1019 483; x_wconf 86' lang='lat' dir='ltr'><strong>CAPUT</strong></span> <span class='ocrx_word' id='word_1_23' title='bbox 1097 425 1251 476; x_wconf 82' lang='lat' dir='ltr'><strong>VII.</strong></span> 
     </span>
    </p>
   </div>
   <div class='ocr_carea' id='block_1_4' title="bbox 153 551 1840 624">
    <p class='ocr_par' dir='ltr' id='par_1_4' title="bbox 153 551 1840 624">
     <span class='ocr_line' id='line_1_5' title="bbox 153 551 1840 624; baseline -0.015 -11"><span class='ocrx_word' id='word_1_24' title='bbox 153 573 211 614; x_wconf 83' lang='lat' dir='ltr'>At</span> <span class='ocrx_word' id='word_1_25' title='bbox 238 571 304 613; x_wconf 89' lang='lat' dir='ltr'>ille</span> <span class='ocrx_word' id='word_1_26' title='bbox 331 577 377 611; x_wconf 83' lang='lat' dir='ltr'>ut</span> <span class='ocrx_word' id='word_1_27' title='bbox 405 575 492 610; x_wconf 81' lang='lat' dir='ltr'>erat</span> <span class='ocrx_word' id='word_1_28' title='bbox 521 566 645 622; x_wconf 82' lang='lat' dir='ltr'>capite</span> <span class='ocrx_word' id='word_1_29' title='bbox 669 567 821 607; x_wconf 82' lang='lat' dir='ltr'>velato:</span> <span class='ocrx_word' id='word_1_30' title='bbox 850 563 966 615; x_wconf 86' lang='lat' dir='ltr'>Sine,</span> <span class='ocrx_word' id='word_1_31' title='bbox 995 563 1102 613; x_wconf 78' lang='lat' dir='ltr'>sine,</span> <span class='ocrx_word' id='word_1_32' title='bbox 1127 557 1276 624; x_wconf 75' lang='lat' dir='ltr'>inquit,</span> <span class='ocrx_word' id='word_1_33' title='bbox 1314 556 1472 597; x_wconf 79' lang='lat' dir='ltr'>fruatur</span> <span class='ocrx_word' id='word_1_34' title='bbox 1502 551 1646 594; x_wconf 83' lang='lat' dir='ltr'>diutius</span> <span class='ocrx_word' id='word_1_35' title='bbox 1678 556 1840 602; x_wconf 85' lang='lat' dir='ltr'>tropaeo</span> 
     </span>
    </p>
   </div>
   <div class='ocr_carea' id='block_1_5' title="bbox 41 602 1906 736">
    <p class='ocr_par' dir='ltr' id='par_1_5' title="bbox 41 602 1906 736">
     <span class='ocr_line' id='line_1_6' title="bbox 41 602 1906 682; baseline -0.015 -11"><span class='ocrx_word' id='word_1_36' title='bbox 41 629 221 671; x_wconf 79' lang='lat' dir='ltr'><strong>Fortuna</strong></span> <span class='ocrx_word' id='word_1_37' title='bbox 251 627 352 682; x_wconf 89' lang='lat' dir='ltr'>quod</span> <span class='ocrx_word' id='word_1_38' title='bbox 381 626 470 667; x_wconf 78' lang='lat' dir='ltr'>fixit</span> <span class='ocrx_word' id='word_1_39' title='bbox 498 625 599 679; x_wconf 85' lang='lat' dir='ltr'><strong>ipsa.</strong></span> <span class='ocrx_word' id='word_1_40' title='bbox 664 619 793 664; x_wconf 86' lang='lat' dir='ltr'>Effeci</span> <span class='ocrx_word' id='word_1_41' title='bbox 821 618 1053 676; x_wconf 70' lang='lat' dir='ltr'>sequaturlz</span> <span class='ocrx_word' id='word_1_42' title='bbox 1093 624 1133 659; x_wconf 88' lang='lat' dir='ltr'>et</span> <span class='ocrx_word' id='word_1_43' title='bbox 1162 614 1278 657; x_wconf 90' lang='lat' dir='ltr'>s1mul</span> <span class='ocrx_word' id='word_1_44' title='bbox 1305 626 1424 653; x_wconf 86' lang='lat' dir='ltr'>unam</span> <span class='ocrx_word' id='word_1_45' title='bbox 1455 624 1476 651; x_wconf 83' lang='lat' dir='ltr'>e</span> <span class='ocrx_word' id='word_1_46' title='bbox 1507 609 1656 650; x_wconf 78' lang='lat' dir='ltr'>duabus</span> <span class='ocrx_word' id='word_1_47' title='bbox 1687 605 1842 646; x_wconf 79' lang='lat' dir='ltr'>laciniis</span> <span class='ocrx_word' id='word_1_48' title='bbox 1865 602 1906 638; x_wconf 84' lang='lat'>31</span> 
     </span>
     <span class='ocr_line' id='line_1_7' title="bbox 41 662 1842 736; baseline -0.016 -8"><span class='ocrx_word' id='word_1_49' title='bbox 41 686 139 727; x_wconf 89' lang='lat' dir='ltr'>meis</span> <span class='ocrx_word' id='word_1_50' title='bbox 170 685 277 726; x_wconf 67' lang='lat' dir='ltr'>eXuo</span> <span class='ocrx_word' id='word_1_51' title='bbox 306 696 470 736; x_wconf 88' lang='lat' dir='ltr'>cumque</span> <span class='ocrx_word' id='word_1_52' title='bbox 506 694 693 736; x_wconf 83' lang='lat' dir='ltr'><strong>propere,</strong></span> <span class='ocrx_word' id='word_1_53' title='bbox 731 678 859 721; x_wconf 83' lang='lat' dir='ltr'>vestio</span> <span class='ocrx_word' id='word_1_54' title='bbox 891 677 1017 718; x_wconf 86' lang='lat' dir='ltr'>dicam</span> <span class='ocrx_word' id='word_1_55' title='bbox 1043 689 1094 715; x_wconf 83' lang='lat' dir='ltr'>an</span> <span class='ocrx_word' id='word_1_56' title='bbox 1119 679 1309 726; x_wconf 83' lang='lat' dir='ltr'>contego,</span> <span class='ocrx_word' id='word_1_57' title='bbox 1336 675 1377 710; x_wconf 81' lang='lat' dir='ltr'>et</span> <span class='ocrx_word' id='word_1_58' title='bbox 1398 668 1503 708; x_wconf 83' lang='lat' dir='ltr'>illico</span> <span class='ocrx_word' id='word_1_59' title='bbox 1530 667 1689 706; x_wconf 84' lang='lat' dir='ltr'>lavacro</span> <span class='ocrx_word' id='word_1_60' title='bbox 1714 662 1842 708; x_wconf 83' lang='lat' dir='ltr'>trado,</span> 
     </span>
    </p>
   </div>
   <div class='ocr_carea' id='block_1_6' title="bbox 42 722 1848 911">
    <p class='ocr_par' dir='ltr' id='par_1_6' title="bbox 42 722 1848 911">
     <span class='ocr_line' id='line_1_8' title="bbox 42 722 1844 797; baseline -0.015 -14"><span class='ocrx_word' id='word_1_61' title='bbox 42 742 145 797; x_wconf 91' lang='lat' dir='ltr'>quod</span> <span class='ocrx_word' id='word_1_62' title='bbox 168 740 323 791; x_wconf 84' lang='lat' dir='ltr'>unctui,</span> <span class='ocrx_word' id='word_1_63' title='bbox 352 739 453 794; x_wconf 90' lang='lat' dir='ltr'>quod</span> <span class='ocrx_word' id='word_1_64' title='bbox 471 745 603 787; x_wconf 68' lang='lat' dir='ltr'>¹tersui</span> <span class='ocrx_word' id='word_1_65' title='bbox 626 750 710 791; x_wconf 80' lang='lat' dir='ltr'>lpse</span> <span class='ocrx_word' id='word_1_66' title='bbox 734 734 1036 790; x_wconf 84' lang='lat' dir='ltr'>praennnistro:</span> <span class='ocrx_word' id='word_1_67' title='bbox 1064 729 1238 772; x_wconf 89' lang='lat' dir='ltr'>sordium</span> <span class='ocrx_word' id='word_1_68' title='bbox 1263 739 1464 768; x_wconf 83' lang='lat' dir='ltr'><strong>enormem</strong></span> <span class='ocrx_word' id='word_1_69' title='bbox 1483 722 1658 762; x_wconf 88' lang='lat' dir='ltr'>illuviem</span> <span class='ocrx_word' id='word_1_70' title='bbox 1679 730 1844 773; x_wconf 86' lang='lat' dir='ltr'>operose</span> 
     </span>
     <span class='ocr_line' id='line_1_9' title="bbox 42 775 1846 852; baseline -0.014 -13"><span class='ocrx_word' id='word_1_71' title='bbox 42 798 202 848; x_wconf 72' lang='lat' dir='ltr'>effrioo,</span> <span class='ocrx_word' id='word_1_72' title='bbox 229 796 349 852; x_wconf 88' lang='lat' dir='ltr'>probe</span> <span class='ocrx_word' id='word_1_73' title='bbox 375 801 533 845; x_wconf 82' lang='lat' dir='ltr'>curato,</span> <span class='ocrx_word' id='word_1_74' title='bbox 568 793 616 834; x_wconf 86' lang='lat' dir='ltr'>ad</span> <span class='ocrx_word' id='word_1_75' title='bbox 646 792 857 847; x_wconf 84' lang='lat' dir='ltr'>hospitium</span> <span class='ocrx_word' id='word_1_76' title='bbox 882 790 1010 831; x_wconf 84' lang='lat' dir='ltr'>lassus</span> <span class='ocrx_word' id='word_1_77' title='bbox 1035 788 1118 842; x_wconf 88' lang='lat' dir='ltr'>ipse</span> <span class='ocrx_word' id='word_1_78' title='bbox 1151 785 1358 840; x_wconf 83' lang='lat' dir='ltr'>fatigatum</span> <span class='ocrx_word' id='word_1_79' title='bbox 1391 779 1612 836; x_wconf 83' lang='lat' dir='ltr'>aegerrime</span> <span class='ocrx_word' id='word_1_80' title='bbox 1644 775 1846 817; x_wconf 86' lang='lat' dir='ltr'>sustinens</span> 
     </span>
     <span class='ocr_line' id='line_1_10' title="bbox 43 829 1848 911; baseline -0.014 -15"><span class='ocrx_word' id='word_1_81' title='bbox 43 855 234 911; x_wconf 75' lang='lat' dir='ltr'>perducot</span> <span class='ocrx_word' id='word_1_82' title='bbox 266 852 410 894; x_wconf 83' lang='lat' dir='ltr'>lectulo</span> <span class='ocrx_word' id='word_1_83' title='bbox 439 851 624 901; x_wconf 80' lang='lat' dir='ltr'>refoveo,</span> <span class='ocrx_word' id='word_1_84' title='bbox 658 849 744 890; x_wconf 81' lang='lat' dir='ltr'>cibo</span> <span class='ocrx_word' id='word_1_85' title='bbox 776 848 899 898; x_wconf 81' lang='lat' dir='ltr'>satio,</span> <span class='ocrx_word' id='word_1_86' title='bbox 934 845 1072 901; x_wconf 88' lang='lat' dir='ltr'>poculo</span> <span class='ocrx_word' id='word_1_87' title='bbox 1097 842 1258 896; x_wconf 83' lang='lat' dir='ltr'>mitigo,</span> <span class='ocrx_word' id='word_1_88' title='bbox 1291 838 1433 880; x_wconf 85' lang='lat' dir='ltr'>fabulis</span> <span class='ocrx_word' id='word_1_89' title='bbox 1464 834 1702 892; x_wconf 83' lang='lat' dir='ltr'>permulceo.</span> <span class='ocrx_word' id='word_1_90' title='bbox 1763 829 1848 871; x_wconf 82' lang='lat' dir='ltr'>lam</span> 
     </span>
    </p>
   </div>
   <div class='ocr_carea' id='block_1_7' title="bbox 38 926 1863 1524">
    <p class='ocr_par' dir='ltr' id='par_1_7' title="bbox 43 926 1851 1069">
     <span class='ocr_line' id='line_1_11' title="bbox 44 926 1848 986; baseline -0.014 -9"><span class='ocrx_word' id='word_1_91' title='bbox 44 949 199 986; x_wconf 75' lang='lat' dir='ltr'>eorporis</span> <span class='ocrx_word' id='word_1_92' title='bbox 219 950 311 978; x_wconf 86' lang='lat' dir='ltr'>abest</span> <span class='ocrx_word' id='word_1_93' title='bbox 330 955 351 977; x_wconf 86' lang='lat' dir='ltr'>a</span> <span class='ocrx_word' id='word_1_94' title='bbox 367 948 405 977; x_wconf 89' lang='lat' dir='ltr'>L.</span> <span class='ocrx_word' id='word_1_95' title='bbox 418 948 457 976; x_wconf 80' lang='lat' dir='ltr'>R.</span> <span class='ocrx_word' id='word_1_96' title='bbox 473 946 496 975; x_wconf 83' lang='lat' dir='ltr'>f.</span> <span class='ocrx_word' id='word_1_97' title='bbox 543 942 730 973; x_wconf 82' lang='lat' dir='ltr'>renudaret</span> <span class='ocrx_word' id='word_1_98' title='bbox 746 944 783 973; x_wconf 85' lang='lat' dir='ltr'>F.</span> <span class='ocrx_word' id='word_1_99' title='bbox 796 945 828 973; x_wconf 80' lang='lat'>3.</span> <span class='ocrx_word' id='word_1_100' title='bbox 847 939 1013 970; x_wconf 81' lang='lat' dir='ltr'>enudaret</span> <span class='ocrx_word' id='word_1_101' title='bbox 1025 940 1063 968; x_wconf 88' lang='lat' dir='ltr'>F.</span> <span class='ocrx_word' id='word_1_102' title='bbox 1078 941 1106 967; x_wconf 87' lang='lat'>1.</span> <span class='ocrx_word' id='word_1_103' title='bbox 1120 940 1159 967; x_wconf 90' lang='lat' dir='ltr'>D.</span> <span class='ocrx_word' id='word_1_104' title='bbox 1173 939 1212 966; x_wconf 83' lang='lat' dir='ltr'>R.</span> <span class='ocrx_word' id='word_1_105' title='bbox 1226 936 1248 965; x_wconf 85' lang='lat' dir='ltr'>f.</span> <span class='ocrx_word' id='word_1_106' title='bbox 1262 937 1299 964; x_wconf 90' lang='lat' dir='ltr'>B.</span> <span class='ocrx_word' id='word_1_107' title='bbox 1314 938 1344 964; x_wconf 85' lang='lat' dir='ltr'>et</span> <span class='ocrx_word' id='word_1_108' title='bbox 1357 934 1427 963; x_wconf 87' lang='lat' dir='ltr'><strong>edd.</strong></span> <span class='ocrx_word' id='word_1_109' title='bbox 1441 935 1518 961; x_wconf 83' lang='lat' dir='ltr'>vett.</span> <span class='ocrx_word' id='word_1_110' title='bbox 1533 928 1748 959; x_wconf 80' lang='lat' dir='ltr'>nudarentur</span> <span class='ocrx_word' id='word_1_111' title='bbox 1761 926 1798 954; x_wconf 99' lang='lat' dir='ltr'>G.</span> <span class='ocrx_word' id='word_1_112' title='bbox 1812 926 1848 953; x_wconf 93' lang='lat' dir='ltr'>P.</span> 
     </span>
     <span class='ocr_line' id='line_1_12' title="bbox 43 971 1851 1029; baseline -0.014 -5"><span class='ocrx_word' id='word_1_113' title='bbox 43 996 76 1024; x_wconf 83' lang='lat'>2.</span> <span class='ocrx_word' id='word_1_114' title='bbox 89 992 299 1022; x_wconf 82' lang='lat' dir='ltr'>redundaret</span> <span class='ocrx_word' id='word_1_115' title='bbox 309 1001 341 1029; x_wconf 82' lang='lat' dir='ltr'>p.</span> <span class='ocrx_word' id='word_1_116' title='bbox 386 989 641 1029; x_wconf 69' lang='lat' dir='ltr'>scraptae-ulum</span> <span class='ocrx_word' id='word_1_117' title='bbox 653 990 691 1020; x_wconf 89' lang='lat' dir='ltr'>P.</span> <span class='ocrx_word' id='word_1_118' title='bbox 704 991 737 1019; x_wconf 85' lang='grc'>2.</span> <span class='ocrx_word' id='word_1_119' title='bbox 784 995 949 1016; x_wconf 83' lang='lat' dir='ltr'>aerumna</span> <span class='ocrx_word' id='word_1_120' title='bbox 963 986 1116 1015; x_wconf 76' lang='lat' dir='ltr'><strong>ed.Vu]c.</strong></span> <span class='ocrx_word' id='word_1_121' title='bbox 1125 985 1157 1012; x_wconf 77' lang='grc'>2.</span> <span class='ocrx_word' id='word_1_122' title='bbox 1203 980 1334 1009; x_wconf 72' lang='lat' dir='ltr'>innitor</span> <span class='ocrx_word' id='word_1_123' title='bbox 1346 981 1383 1008; x_wconf 92' lang='lat' dir='ltr'>L.</span> <span class='ocrx_word' id='word_1_124' title='bbox 1397 978 1483 1007; x_wconf 86' lang='lat' dir='ltr'>Hinc</span> <span class='ocrx_word' id='word_1_125' title='bbox 1495 976 1632 1012; x_wconf 87' lang='lat' dir='ltr'>Lipsius</span> <span class='ocrx_word' id='word_1_126' title='bbox 1644 981 1745 1008; x_wconf 82' lang='lat' dir='ltr'><strong>marg.</strong></span> <span class='ocrx_word' id='word_1_127' title='bbox 1760 971 1851 1001; x_wconf 84' lang='lat' dir='ltr'>adie-</span> 
     </span>
     <span class='ocr_line' id='line_1_13' title="bbox 45 1039 252 1069; baseline -0.014 0"><span class='ocrx_word' id='word_1_128' title='bbox 45 1039 88 1069; x_wconf 87' lang='lat' dir='ltr'>cit</span> <span class='ocrx_word' id='word_1_129' title='bbox 102 1039 252 1068; x_wconf 76' lang='lat' dir='ltr'><strong>annito&#39;r.</strong></span> 
     </span>
    </p>

    <p class='ocr_par' dir='ltr' id='par_1_8' title="bbox 38 1059 1863 1524">
     <span class='ocr_line' id='line_1_14' title="bbox 137 1059 1851 1119; baseline -0.014 -6"><span class='ocrx_word' id='word_1_130' title='bbox 137 1085 208 1113; x_wconf 66' lang='lat' dir='ltr'>stne</span> <span class='ocrx_word' id='word_1_131' title='bbox 226 1087 327 1114; x_wconf 88' lang='lat' dir='ltr'>semel</span> <span class='ocrx_word' id='word_1_132' title='bbox 345 1083 486 1119; x_wconf 83' lang='lat' dir='ltr'>positum</span> <span class='ocrx_word' id='word_1_133' title='bbox 504 1082 538 1111; x_wconf 84' lang='lat' dir='ltr'>in</span> <span class='ocrx_word' id='word_1_134' title='bbox 557 1083 592 1110; x_wconf 88' lang='lat'>0.</span> <span class='ocrx_word' id='word_1_135' title='bbox 602 1083 631 1110; x_wconf 85' lang='lat' dir='ltr'>et</span> <span class='ocrx_word' id='word_1_136' title='bbox 644 1082 682 1109; x_wconf 93' lang='lat' dir='ltr'>D.</span> <span class='ocrx_word' id='word_1_137' title='bbox 704 1078 754 1114; x_wconf 92' lang='lat' dir='ltr'>[in</span> <span class='ocrx_word' id='word_1_138' title='bbox 774 1079 869 1108; x_wconf 91' lang='lat' dir='ltr'>cuius</span> <span class='ocrx_word' id='word_1_139' title='bbox 886 1084 988 1111; x_wconf 78' lang='lat' dir='ltr'><strong>marg.</strong></span> <span class='ocrx_word' id='word_1_140' title='bbox 1009 1075 1154 1104; x_wconf 80' lang='lat' dir='ltr'>additum</span> <span class='ocrx_word' id='word_1_141' title='bbox 1168 1070 1233 1107; x_wconf 87' lang='lat' dir='ltr'>est]</span> <span class='ocrx_word' id='word_1_142' title='bbox 1253 1071 1302 1100; x_wconf 84' lang='lat' dir='ltr'>ed.</span> <span class='ocrx_word' id='word_1_143' title='bbox 1315 1070 1466 1099; x_wconf 82' lang='lat' dir='ltr'>Beroald.</span> <span class='ocrx_word' id='word_1_144' title='bbox 1512 1069 1590 1096; x_wconf 83' lang='lat' dir='ltr'><strong>Bas.</strong></span> <span class='ocrx_word' id='word_1_145' title='bbox 1606 1067 1636 1094; x_wconf 89' lang='lat'>1.</span> <span class='ocrx_word' id='word_1_146' title='bbox 1656 1059 1808 1098; x_wconf 69' lang='lat' dir='ltr'>si‘nefine</span> <span class='ocrx_word' id='word_1_147' title='bbox 1822 1069 1851 1096; x_wconf 81' lang='lat' dir='ltr'>p.</span> 
     </span>
     <span class='ocr_line' id='line_1_15' title="bbox 38 1107 1853 1170; baseline -0.013 -11"><span class='ocrx_word' id='word_1_148' title='bbox 38 1130 147 1170; x_wconf 79' lang='lat' dir='ltr'>frnal</span> <span class='ocrx_word' id='word_1_149' title='bbox 167 1132 203 1160; x_wconf 91' lang='lat' dir='ltr'>P.</span> <span class='ocrx_word' id='word_1_150' title='bbox 223 1132 259 1159; x_wconf 88' lang='lat' dir='ltr'>G.</span> <span class='ocrx_word' id='word_1_151' title='bbox 281 1128 370 1168; x_wconf 81' lang='lat' dir='ltr'>quod</span> <span class='ocrx_word' id='word_1_152' title='bbox 380 1127 484 1157; x_wconf 75' lang='lat' dir='ltr'>siilla</span> <span class='ocrx_word' id='word_1_153' title='bbox 497 1129 533 1157; x_wconf 88' lang='lat' dir='ltr'>L.</span> <span class='ocrx_word' id='word_1_154' title='bbox 573 1124 687 1162; x_wconf 66' lang='lat' dir='ltr'>finxit</span> <span class='ocrx_word' id='word_1_155' title='bbox 701 1126 738 1154; x_wconf 86' lang='lat' dir='ltr'>P.</span> <span class='ocrx_word' id='word_1_156' title='bbox 784 1124 861 1160; x_wconf 74' lang='lat' dir='ltr'>ipsa</span> <span class='ocrx_word' id='word_1_157' title='bbox 875 1125 967 1151; x_wconf 83' lang='lat' dir='ltr'>abest</span> <span class='ocrx_word' id='word_1_158' title='bbox 981 1128 1000 1149; x_wconf 87' lang='lat' dir='ltr'>a</span> <span class='ocrx_word' id='word_1_159' title='bbox 1015 1122 1050 1148; x_wconf 87' lang='lat' dir='ltr'>G.</span> <span class='ocrx_word' id='word_1_160' title='bbox 1065 1121 1100 1148; x_wconf 90' lang='lat' dir='ltr'>P.</span> <span class='ocrx_word' id='word_1_161' title='bbox 1116 1120 1151 1147; x_wconf 92' lang='grc' dir='ltr'>Ο.</span> <span class='ocrx_word' id='word_1_162' title='bbox 1165 1119 1204 1146; x_wconf 85' lang='grc' dir='ltr'>Ι).</span> <span class='ocrx_word' id='word_1_163' title='bbox 1218 1124 1253 1145; x_wconf 85' lang='grc' dir='ltr'>π.</span> <span class='ocrx_word' id='word_1_164' title='bbox 1301 1113 1447 1152; x_wconf 77' lang='lat' dir='ltr'>effetiL.</span> <span class='ocrx_word' id='word_1_165' title='bbox 1463 1111 1559 1150; x_wconf 76' lang='lat' dir='ltr'>effi&#39;ci</span> <span class='ocrx_word' id='word_1_166' title='bbox 1572 1112 1622 1141; x_wconf 84' lang='lat' dir='ltr'>ed.</span> <span class='ocrx_word' id='word_1_167' title='bbox 1637 1119 1683 1146; x_wconf 83' lang='lat' dir='ltr'>pr.</span> <span class='ocrx_word' id='word_1_168' title='bbox 1695 1109 1771 1138; x_wconf 83' lang='lat' dir='ltr'><strong>Ald.</strong></span> <span class='ocrx_word' id='word_1_169' title='bbox 1784 1107 1853 1136; x_wconf 77' lang='lat' dir='ltr'>Ve-</span> 
     </span>
     <span class='ocr_line' id='line_1_16' title="bbox 47 1153 1855 1214; baseline -0.014 -9"><span class='ocrx_word' id='word_1_170' title='bbox 47 1181 110 1205; x_wconf 86' lang='lat' dir='ltr'>net.</span> <span class='ocrx_word' id='word_1_171' title='bbox 124 1178 156 1205; x_wconf 78' lang='lat'>2.</span> <span class='ocrx_word' id='word_1_172' title='bbox 182 1178 256 1204; x_wconf 87' lang='lat' dir='ltr'><strong>coll.</strong></span> <span class='ocrx_word' id='word_1_173' title='bbox 268 1176 308 1204; x_wconf 92' lang='lat' dir='ltr'>V.</span> <span class='ocrx_word' id='word_1_174' title='bbox 327 1183 357 1210; x_wconf 90' lang='lat' dir='ltr'>p.</span> <span class='ocrx_word' id='word_1_175' title='bbox 376 1171 477 1214; x_wconf 75' lang='lat' dir='ltr'>effice</span> <span class='ocrx_word' id='word_1_176' title='bbox 494 1175 580 1202; x_wconf 83' lang='lat' dir='ltr'><strong>Iunt.</strong></span> <span class='ocrx_word' id='word_1_177' title='bbox 593 1173 624 1200; x_wconf 81' lang='lat'>2.</span> <span class='ocrx_word' id='word_1_178' title='bbox 672 1172 839 1207; x_wconf 79' lang='lat' dir='ltr'>sequatur</span> <span class='ocrx_word' id='word_1_179' title='bbox 857 1175 920 1196; x_wconf 90' lang='lat' dir='ltr'>non</span> <span class='ocrx_word' id='word_1_180' title='bbox 940 1168 1105 1200; x_wconf 85' lang='lat' dir='ltr'>comparet</span> <span class='ocrx_word' id='word_1_181' title='bbox 1123 1164 1158 1191; x_wconf 89' lang='lat' dir='ltr'>in</span> <span class='ocrx_word' id='word_1_182' title='bbox 1175 1164 1215 1191; x_wconf 93' lang='lat' dir='ltr'>D.</span> <span class='ocrx_word' id='word_1_183' title='bbox 1263 1168 1307 1188; x_wconf 66' lang='lat' dir='ltr'>ea*</span> <span class='ocrx_word' id='word_1_184' title='bbox 1326 1159 1455 1187; x_wconf 77' lang='lat' dir='ltr'>duabus</span> <span class='ocrx_word' id='word_1_185' title='bbox 1476 1160 1511 1188; x_wconf 86' lang='lat'>0.</span> <span class='ocrx_word' id='word_1_186' title='bbox 1531 1167 1560 1193; x_wconf 86' lang='lat' dir='ltr'>p.</span> <span class='ocrx_word' id='word_1_187' title='bbox 1581 1156 1711 1185; x_wconf 85' lang='lat' dir='ltr'>Vicent.</span> <span class='ocrx_word' id='word_1_188' title='bbox 1729 1153 1855 1183; x_wconf 84' lang='lat' dir='ltr'><strong>1unt.1.</strong></span> 
     </span>
     <span class='ocr_line' id='line_1_17' title="bbox 48 1198 1856 1256; baseline -0.013 -6"><span class='ocrx_word' id='word_1_189' title='bbox 48 1222 126 1250; x_wconf 78' lang='lat' dir='ltr'>Am.</span> <span class='ocrx_word' id='word_1_190' title='bbox 145 1219 184 1248; x_wconf 82' lang='lat' dir='ltr'>de</span> <span class='ocrx_word' id='word_1_191' title='bbox 201 1218 330 1248; x_wconf 85' lang='lat' dir='ltr'>duabus</span> <span class='ocrx_word' id='word_1_192' title='bbox 349 1227 384 1248; x_wconf 85' lang='grc' dir='ltr'>π.</span> <span class='ocrx_word' id='word_1_193' title='bbox 399 1225 507 1256; x_wconf 85' lang='lat' dir='ltr'>prope</span> <span class='ocrx_word' id='word_1_194' title='bbox 527 1218 564 1246; x_wconf 87' lang='lat' dir='ltr'>G.</span> <span class='ocrx_word' id='word_1_195' title='bbox 585 1217 607 1245; x_wconf 84' lang='lat' dir='ltr'>f.</span> <span class='ocrx_word' id='word_1_196' title='bbox 628 1213 687 1250; x_wconf 84' lang='lat' dir='ltr'><strong>[cf.</strong></span> <span class='ocrx_word' id='word_1_197' title='bbox 707 1215 749 1244; x_wconf 82' lang='lat' dir='ltr'>ad</span> <span class='ocrx_word' id='word_1_198' title='bbox 767 1214 840 1242; x_wconf 83' lang='lat' dir='ltr'><strong>Liv.</strong></span> <span class='ocrx_word' id='word_1_199' title='bbox 853 1213 908 1241; x_wconf 86' lang='lat' dir='ltr'>IV.</span> <span class='ocrx_word' id='word_1_200' title='bbox 928 1212 977 1239; x_wconf 89' lang='grc'>17.</span> <span class='ocrx_word' id='word_1_201' title='bbox 992 1210 1017 1248; x_wconf 79' lang='lat'>§.</span> <span class='ocrx_word' id='word_1_202' title='bbox 1031 1209 1077 1246; x_wconf 88' lang='lat'>5.]</span> <span class='ocrx_word' id='word_1_203' title='bbox 1127 1214 1214 1235; x_wconf 82' lang='lat' dir='ltr'>anne</span> <span class='ocrx_word' id='word_1_204' title='bbox 1228 1208 1263 1235; x_wconf 92' lang='grc' dir='ltr'>Ο.</span> <span class='ocrx_word' id='word_1_205' title='bbox 1277 1214 1294 1234; x_wconf 84' lang='lat' dir='ltr'>o</span> <span class='ocrx_word' id='word_1_206' title='bbox 1309 1208 1383 1234; x_wconf 89' lang='lat' dir='ltr'><strong>coll.</strong></span> <span class='ocrx_word' id='word_1_207' title='bbox 1399 1206 1495 1233; x_wconf 84' lang='lat' dir='ltr'><strong>Gron.</strong></span> <span class='ocrx_word' id='word_1_208' title='bbox 1510 1212 1540 1238; x_wconf 82' lang='lat' dir='ltr'>p.</span> <span class='ocrx_word' id='word_1_209' title='bbox 1556 1205 1587 1231; x_wconf 83' lang='lat' dir='ltr'>et</span> <span class='ocrx_word' id='word_1_210' title='bbox 1599 1203 1638 1230; x_wconf 89' lang='lat' dir='ltr'>D.</span> <span class='ocrx_word' id='word_1_211' title='bbox 1652 1208 1673 1230; x_wconf 85' lang='lat' dir='ltr'>a</span> <span class='ocrx_word' id='word_1_212' title='bbox 1687 1207 1727 1228; x_wconf 91' lang='lat' dir='ltr'>m.</span> <span class='ocrx_word' id='word_1_213' title='bbox 1743 1208 1770 1227; x_wconf 81' lang='lat' dir='ltr'>S.</span> <span class='ocrx_word' id='word_1_214' title='bbox 1785 1198 1856 1227; x_wconf 84' lang='lat' dir='ltr'><strong>edd.</strong></span> 
     </span>
     <span class='ocr_line' id='line_1_18' title="bbox 47 1241 1858 1301; baseline -0.014 -5"><span class='ocrx_word' id='word_1_215' title='bbox 47 1270 125 1296; x_wconf 77' lang='lat' dir='ltr'>vett.</span> <span class='ocrx_word' id='word_1_216' title='bbox 144 1269 274 1301; x_wconf 86' lang='lat' dir='ltr'>praeter</span> <span class='ocrx_word' id='word_1_217' title='bbox 290 1266 376 1294; x_wconf 76' lang='lat' dir='ltr'>Iunt-</span> <span class='ocrx_word' id='word_1_218' title='bbox 389 1266 421 1292; x_wconf 79' lang='lat'>2.</span> <span class='ocrx_word' id='word_1_219' title='bbox 442 1261 543 1298; x_wconf 81' lang='lat' dir='ltr'>[quod</span> <span class='ocrx_word' id='word_1_220' title='bbox 557 1260 637 1291; x_wconf 83' lang='lat' dir='ltr'><strong>Oud.</strong></span> <span class='ocrx_word' id='word_1_221' title='bbox 651 1267 714 1288; x_wconf 91' lang='lat' dir='ltr'>non</span> <span class='ocrx_word' id='word_1_222' title='bbox 729 1260 776 1287; x_wconf 83' lang='lat' dir='ltr'>ita</span> <span class='ocrx_word' id='word_1_223' title='bbox 784 1257 947 1292; x_wconf 76' lang='lat' dir='ltr'>displicet,</span> <span class='ocrx_word' id='word_1_224' title='bbox 962 1263 1002 1282; x_wconf 86' lang='lat' dir='ltr'>ne</span> <span class='ocrx_word' id='word_1_225' title='bbox 1014 1261 1112 1288; x_wconf 81' lang='lat' dir='ltr'>saepe</span> <span class='ocrx_word' id='word_1_226' title='bbox 1126 1253 1160 1281; x_wconf 89' lang='lat' dir='ltr'>in</span> <span class='ocrx_word' id='word_1_227' title='bbox 1174 1250 1484 1287; x_wconf 74' lang='lat' dir='ltr'>interrogationibus</span> <span class='ocrx_word' id='word_1_228' title='bbox 1500 1247 1668 1276; x_wconf 81' lang='lat' dir='ltr'>abundare</span> <span class='ocrx_word' id='word_1_229' title='bbox 1681 1244 1801 1273; x_wconf 85' lang='lat' dir='ltr'>dicenti</span> <span class='ocrx_word' id='word_1_230' title='bbox 1815 1241 1858 1271; x_wconf 80' lang='lat' dir='ltr'>cf.</span> 
     </span>
     <span class='ocr_line' id='line_1_19' title="bbox 49 1285 1859 1345; baseline -0.014 -4"><span class='ocrx_word' id='word_1_231' title='bbox 49 1319 123 1341; x_wconf 84' lang='lat' dir='ltr'>eum</span> <span class='ocrx_word' id='word_1_232' title='bbox 136 1311 176 1339; x_wconf 83' lang='lat' dir='ltr'>ad</span> <span class='ocrx_word' id='word_1_233' title='bbox 193 1310 369 1345; x_wconf 83' lang='lat' dir='ltr'><strong>Suet.Aug.</strong></span> <span class='ocrx_word' id='word_1_234' title='bbox 391 1316 417 1337; x_wconf 87' lang='lat' dir='ltr'>c.</span> <span class='ocrx_word' id='word_1_235' title='bbox 433 1309 487 1337; x_wconf 86' lang='grc'>69.</span> <span class='ocrx_word' id='word_1_236' title='bbox 507 1305 634 1342; x_wconf 77' lang='lat' dir='ltr'>[ibique</span> <span class='ocrx_word' id='word_1_237' title='bbox 647 1303 814 1340; x_wconf 86' lang='lat' dir='ltr'>Brem.]ad</span> <span class='ocrx_word' id='word_1_238' title='bbox 827 1301 1041 1331; x_wconf 84' lang='lat' dir='ltr'><strong>Lucan.vm.</strong></span> <span class='ocrx_word' id='word_1_239' title='bbox 1058 1300 1135 1327; x_wconf 78' lang='lat'><strong>302.</strong></span> <span class='ocrx_word' id='word_1_240' title='bbox 1147 1296 1308 1326; x_wconf 82' lang='lat' dir='ltr'>Matthiae</span> <span class='ocrx_word' id='word_1_241' title='bbox 1321 1296 1363 1324; x_wconf 79' lang='lat' dir='ltr'>au</span> <span class='ocrx_word' id='word_1_242' title='bbox 1378 1295 1445 1323; x_wconf 84' lang='lat' dir='ltr'><strong>Cic.</strong></span> <span class='ocrx_word' id='word_1_243' title='bbox 1460 1301 1516 1328; x_wconf 80' lang='lat' dir='ltr'>pro</span> <span class='ocrx_word' id='word_1_244' title='bbox 1530 1295 1594 1327; x_wconf 81' lang='lat' dir='ltr'><strong>leg.</strong></span> <span class='ocrx_word' id='word_1_245' title='bbox 1609 1294 1654 1319; x_wconf 84' lang='lat' dir='ltr'>M.</span> <span class='ocrx_word' id='word_1_246' title='bbox 1667 1291 1752 1318; x_wconf 84' lang='lat' dir='ltr'><strong>XIX.</strong></span> <span class='ocrx_word' id='word_1_247' title='bbox 1768 1285 1859 1327; x_wconf 82' lang='lat'><strong>§.57.</strong></span> 
     </span>
     <span class='ocr_line' id='line_1_20' title="bbox 49 1333 1859 1388; baseline -0.014 -3"><span class='ocrx_word' id='word_1_248' title='bbox 49 1358 112 1385; x_wconf 82' lang='lat' dir='ltr'>Sed</span> <span class='ocrx_word' id='word_1_249' title='bbox 132 1359 245 1384; x_wconf 85' lang='lat' dir='ltr'>contra</span> <span class='ocrx_word' id='word_1_250' title='bbox 261 1356 352 1383; x_wconf 84' lang='lat' dir='ltr'><strong>codd.</strong></span> <span class='ocrx_word' id='word_1_251' title='bbox 372 1354 457 1382; x_wconf 86' lang='lat' dir='ltr'>nihil</span> <span class='ocrx_word' id='word_1_252' title='bbox 474 1351 579 1388; x_wconf 81' lang='lat' dir='ltr'>muto]</span> <span class='ocrx_word' id='word_1_253' title='bbox 628 1347 717 1388; x_wconf 83' lang='lat' dir='ltr'>quod</span> <span class='ocrx_word' id='word_1_254' title='bbox 735 1352 810 1378; x_wconf 85' lang='lat' dir='ltr'>ante</span> <span class='ocrx_word' id='word_1_255' title='bbox 831 1346 939 1375; x_wconf 70' lang='lat' dir='ltr'>tersui</span> <span class='ocrx_word' id='word_1_256' title='bbox 950 1347 1063 1375; x_wconf 86' lang='lat' dir='ltr'>exulat</span> <span class='ocrx_word' id='word_1_257' title='bbox 1077 1351 1097 1372; x_wconf 87' lang='lat' dir='ltr'>a</span> <span class='ocrx_word' id='word_1_258' title='bbox 1109 1345 1147 1372; x_wconf 91' lang='lat' dir='ltr'>B.</span> <span class='ocrx_word' id='word_1_259' title='bbox 1195 1339 1286 1379; x_wconf 79' lang='lat' dir='ltr'>quod</span> <span class='ocrx_word' id='word_1_260' title='bbox 1299 1339 1408 1368; x_wconf 77' lang='lat' dir='ltr'>tersui</span> <span class='ocrx_word' id='word_1_261' title='bbox 1419 1345 1500 1375; x_wconf 77' lang='lat' dir='ltr'>opus</span> <span class='ocrx_word' id='word_1_262' title='bbox 1514 1340 1566 1365; x_wconf 83' lang='lat' dir='ltr'>est</span> <span class='ocrx_word' id='word_1_263' title='bbox 1578 1338 1615 1365; x_wconf 91' lang='lat' dir='ltr'>L.</span> <span class='ocrx_word' id='word_1_264' title='bbox 1630 1337 1666 1365; x_wconf 87' lang='lat' dir='ltr'>G.</span> <span class='ocrx_word' id='word_1_265' title='bbox 1680 1335 1718 1363; x_wconf 93' lang='lat' dir='ltr'>D.</span> <span class='ocrx_word' id='word_1_266' title='bbox 1732 1336 1770 1363; x_wconf 87' lang='lat' dir='ltr'>R.</span> <span class='ocrx_word' id='word_1_267' title='bbox 1786 1333 1808 1361; x_wconf 84' lang='lat' dir='ltr'>f.</span> <span class='ocrx_word' id='word_1_268' title='bbox 1824 1333 1859 1360; x_wconf 88' lang='lat' dir='ltr'>O.</span> 
     </span>
     <span class='ocr_line' id='line_1_21' title="bbox 49 1380 1860 1433; baseline -0.014 -3"><span class='ocrx_word' id='word_1_269' title='bbox 49 1403 86 1430; x_wconf 93' lang='lat' dir='ltr'>P.</span> <span class='ocrx_word' id='word_1_270' title='bbox 100 1409 136 1430; x_wconf 84' lang='grc' dir='ltr'>π.</span> <span class='ocrx_word' id='word_1_271' title='bbox 149 1402 236 1430; x_wconf 80' lang='lat' dir='ltr'>male</span> <span class='ocrx_word' id='word_1_272' title='bbox 248 1400 290 1428; x_wconf 80' lang='lat' dir='ltr'>cf.</span> <span class='ocrx_word' id='word_1_273' title='bbox 302 1401 345 1428; x_wconf 83' lang='lat' dir='ltr'>ad</span> <span class='ocrx_word' id='word_1_274' title='bbox 357 1407 387 1433; x_wconf 85' lang='lat' dir='ltr'>p.</span> <span class='ocrx_word' id='word_1_275' title='bbox 402 1400 455 1427; x_wconf 75' lang='lat'>27.</span> <span class='ocrx_word' id='word_1_276' title='bbox 504 1395 623 1425; x_wconf 79' lang='lat' dir='ltr'>cursui</span> <span class='ocrx_word' id='word_1_277' title='bbox 640 1403 696 1430; x_wconf 82' lang='lat' dir='ltr'>pro</span> <span class='ocrx_word' id='word_1_278' title='bbox 712 1392 820 1422; x_wconf 80' lang='lat' dir='ltr'>tersui</span> <span class='ocrx_word' id='word_1_279' title='bbox 831 1393 881 1422; x_wconf 87' lang='lat' dir='ltr'>ed.</span> <span class='ocrx_word' id='word_1_280' title='bbox 895 1393 1025 1421; x_wconf 66' lang='lat' dir='ltr'>vicent.</span> <span class='ocrx_word' id='word_1_281' title='bbox 1037 1390 1086 1418; x_wconf 82' lang='lat' dir='ltr'>ed.</span> <span class='ocrx_word' id='word_1_282' title='bbox 1101 1397 1148 1424; x_wconf 88' lang='lat' dir='ltr'>pr.</span> <span class='ocrx_word' id='word_1_283' title='bbox 1195 1387 1267 1424; x_wconf 75' lang='lat' dir='ltr'>ipse</span> <span class='ocrx_word' id='word_1_284' title='bbox 1281 1389 1376 1415; x_wconf 83' lang='lat' dir='ltr'>abest</span> <span class='ocrx_word' id='word_1_285' title='bbox 1390 1392 1410 1413; x_wconf 84' lang='lat' dir='ltr'>a</span> <span class='ocrx_word' id='word_1_286' title='bbox 1425 1384 1447 1413; x_wconf 88' lang='lat' dir='ltr'>s.</span> <span class='ocrx_word' id='word_1_287' title='bbox 1495 1380 1635 1410; x_wconf 75' lang='lat' dir='ltr'>eluviem</span> <span class='ocrx_word' id='word_1_288' title='bbox 1649 1382 1731 1409; x_wconf 83' lang='lat' dir='ltr'><strong>Mss.</strong></span> <span class='ocrx_word' id='word_1_289' title='bbox 1746 1385 1860 1407; x_wconf 85' lang='lat' dir='ltr'>omnes</span> 
     </span>
     <span class='ocr_line' id='line_1_22' title="bbox 50 1425 1863 1480; baseline -0.013 -6"><span class='ocrx_word' id='word_1_290' title='bbox 50 1445 168 1474; x_wconf 72' lang='lat' dir='ltr'>eluiem</span> <span class='ocrx_word' id='word_1_291' title='bbox 181 1447 220 1474; x_wconf 91' lang='lat' dir='ltr'>D.</span> <span class='ocrx_word' id='word_1_292' title='bbox 234 1453 274 1474; x_wconf 91' lang='lat' dir='ltr'>m.</span> <span class='ocrx_word' id='word_1_293' title='bbox 289 1453 319 1480; x_wconf 85' lang='lat' dir='ltr'>p.</span> <span class='ocrx_word' id='word_1_294' title='bbox 367 1450 506 1480; x_wconf 83' lang='lat' dir='ltr'>operose</span> <span class='ocrx_word' id='word_1_295' title='bbox 519 1444 609 1472; x_wconf 84' lang='lat' dir='ltr'>deest</span> <span class='ocrx_word' id='word_1_296' title='bbox 627 1442 661 1469; x_wconf 92' lang='lat' dir='ltr'>in</span> <span class='ocrx_word' id='word_1_297' title='bbox 674 1442 713 1469; x_wconf 84' lang='lat' dir='ltr'>R.</span> <span class='ocrx_word' id='word_1_298' title='bbox 727 1441 817 1469; x_wconf 84' lang='lat' dir='ltr'><strong>colv.</strong></span> <span class='ocrx_word' id='word_1_299' title='bbox 837 1441 867 1466; x_wconf 85' lang='lat' dir='ltr'>et</span> <span class='ocrx_word' id='word_1_300' title='bbox 881 1438 978 1466; x_wconf 79' lang='lat' dir='ltr'><strong>Vulc.</strong></span> <span class='ocrx_word' id='word_1_301' title='bbox 1027 1432 1140 1472; x_wconf 79' lang='lat' dir='ltr'>officio</span> <span class='ocrx_word' id='word_1_302' title='bbox 1155 1440 1212 1468; x_wconf 82' lang='lat' dir='ltr'>pro</span> <span class='ocrx_word' id='word_1_303' title='bbox 1226 1428 1347 1469; x_wconf 81' lang='lat' dir='ltr'>effrico</span> <span class='ocrx_word' id='word_1_304' title='bbox 1362 1431 1477 1459; x_wconf 71' lang='lat' dir='ltr'>Vener.</span> <span class='ocrx_word' id='word_1_305' title='bbox 1492 1430 1522 1457; x_wconf 77' lang='lat'>4.</span> <span class='ocrx_word' id='word_1_306' title='bbox 1570 1428 1692 1454; x_wconf 77' lang='lat' dir='ltr'>curato</span> <span class='ocrx_word' id='word_1_307' title='bbox 1712 1425 1750 1453; x_wconf 83' lang='lat' dir='ltr'>F.</span> <span class='ocrx_word' id='word_1_308' title='bbox 1766 1425 1794 1452; x_wconf 84' lang='grc'>1.</span> <span class='ocrx_word' id='word_1_309' title='bbox 1817 1425 1863 1450; x_wconf 73' lang='lat' dir='ltr'>(ut</span> 
     </span>
     <span class='ocr_line' id='line_1_23' title="bbox 51 1468 1861 1524; baseline -0.014 -3"><span class='ocrx_word' id='word_1_310' title='bbox 51 1493 71 1521; x_wconf 77' lang='lat' dir='ltr'>a</span> <span class='ocrx_word' id='word_1_311' title='bbox 84 1492 192 1520; x_wconf 87' lang='lat' dir='ltr'>Modio</span> <span class='ocrx_word' id='word_1_312' title='bbox 212 1492 357 1519; x_wconf 74' lang='lat' dir='ltr'>notatum</span> <span class='ocrx_word' id='word_1_313' title='bbox 375 1492 435 1524; x_wconf 84' lang='lat' dir='ltr'>est,</span> <span class='ocrx_word' id='word_1_314' title='bbox 456 1488 539 1524; x_wconf 86' lang='lat' dir='ltr'>quod</span> <span class='ocrx_word' id='word_1_315' title='bbox 552 1487 769 1521; x_wconf 84' lang='lat' dir='ltr'>Lindenbrog.</span> <span class='ocrx_word' id='word_1_316' title='bbox 789 1482 921 1512; x_wconf 85' lang='lat' dir='ltr'>collatio</span> <span class='ocrx_word' id='word_1_317' title='bbox 939 1489 1002 1510; x_wconf 89' lang='lat' dir='ltr'>non</span> <span class='ocrx_word' id='word_1_318' title='bbox 1021 1482 1157 1515; x_wconf 82' lang='lat' dir='ltr'>probat.)</span> <span class='ocrx_word' id='word_1_319' title='bbox 1175 1478 1213 1507; x_wconf 81' lang='lat' dir='ltr'>F.</span> <span class='ocrx_word' id='word_1_320' title='bbox 1226 1479 1258 1507; x_wconf 81' lang='lat'>3.</span> <span class='ocrx_word' id='word_1_321' title='bbox 1272 1478 1308 1505; x_wconf 88' lang='lat' dir='ltr'>G.</span> <span class='ocrx_word' id='word_1_322' title='bbox 1322 1478 1359 1505; x_wconf 91' lang='lat' dir='ltr'>P.</span> <span class='ocrx_word' id='word_1_323' title='bbox 1373 1477 1409 1504; x_wconf 94' lang='lat' dir='ltr'>L.</span> <span class='ocrx_word' id='word_1_324' title='bbox 1424 1476 1460 1503; x_wconf 86' lang='lat' dir='ltr'>B.</span> <span class='ocrx_word' id='word_1_325' title='bbox 1476 1482 1506 1508; x_wconf 83' lang='lat' dir='ltr'>p.</span> <span class='ocrx_word' id='word_1_326' title='bbox 1521 1476 1549 1501; x_wconf 85' lang='lat' dir='ltr'>et</span> <span class='ocrx_word' id='word_1_327' title='bbox 1563 1473 1602 1500; x_wconf 91' lang='lat' dir='ltr'>D.</span> <span class='ocrx_word' id='word_1_328' title='bbox 1617 1479 1689 1500; x_wconf 87' lang='lat' dir='ltr'>am.</span> <span class='ocrx_word' id='word_1_329' title='bbox 1705 1478 1731 1498; x_wconf 92' lang='lat' dir='ltr'>s.</span> <span class='ocrx_word' id='word_1_330' title='bbox 1746 1471 1777 1497; x_wconf 85' lang='lat' dir='ltr'>et</span> <span class='ocrx_word' id='word_1_331' title='bbox 1790 1468 1861 1496; x_wconf 85' lang='lat' dir='ltr'><strong>edd.</strong></span> 
     </span>
    </p>
   </div>
   <div class='ocr_carea' id='block_1_8' title="bbox 50 1513 1865 1619">
    <p class='ocr_par' dir='ltr' id='par_1_9' title="bbox 50 1513 1865 1619">
     <span class='ocr_line' id='line_1_24' title="bbox 50 1513 1863 1569; baseline -0.014 -3"><span class='ocrx_word' id='word_1_332' title='bbox 50 1541 128 1567; x_wconf 75' lang='lat' dir='ltr'>vett.</span> <span class='ocrx_word' id='word_1_333' title='bbox 151 1538 188 1565; x_wconf 84' lang='lat' dir='ltr'>In</span> <span class='ocrx_word' id='word_1_334' title='bbox 203 1535 322 1565; x_wconf 78' lang='lat' dir='ltr'>ceteris</span> <span class='ocrx_word' id='word_1_335' title='bbox 340 1537 509 1563; x_wconf 79' lang='lat' dir='ltr'>curatum.</span> <span class='ocrx_word' id='word_1_336' title='bbox 559 1531 676 1569; x_wconf 81' lang='lat' dir='ltr'>lapsus</span> <span class='ocrx_word' id='word_1_337' title='bbox 694 1532 731 1560; x_wconf 92' lang='lat' dir='ltr'>L.</span> <span class='ocrx_word' id='word_1_338' title='bbox 750 1536 787 1558; x_wconf 86' lang='grc' dir='ltr'>π.</span> <span class='ocrx_word' id='word_1_339' title='bbox 808 1530 847 1557; x_wconf 90' lang='lat' dir='ltr'>D.</span> <span class='ocrx_word' id='word_1_340' title='bbox 867 1535 888 1557; x_wconf 81' lang='lat' dir='ltr'>a</span> <span class='ocrx_word' id='word_1_341' title='bbox 907 1535 946 1556; x_wconf 92' lang='lat' dir='ltr'>m.</span> <span class='ocrx_word' id='word_1_342' title='bbox 961 1535 992 1562; x_wconf 87' lang='lat' dir='ltr'>p.</span> <span class='ocrx_word' id='word_1_343' title='bbox 1011 1525 1065 1555; x_wconf 83' lang='lat' dir='ltr'><strong>(cf.</strong></span> <span class='ocrx_word' id='word_1_344' title='bbox 1085 1525 1170 1554; x_wconf 89' lang='lat' dir='ltr'>Cort.</span> <span class='ocrx_word' id='word_1_345' title='bbox 1184 1524 1226 1552; x_wconf 83' lang='lat' dir='ltr'>ad</span> <span class='ocrx_word' id='word_1_346' title='bbox 1238 1524 1363 1551; x_wconf 77' lang='lat' dir='ltr'><strong>Lucan.</strong></span> <span class='ocrx_word' id='word_1_347' title='bbox 1377 1521 1402 1549; x_wconf 92' lang='grc' dir='ltr'>Ι.</span> <span class='ocrx_word' id='word_1_348' title='bbox 1416 1520 1504 1549; x_wconf 84' lang='grc'><strong>690.)</strong></span> <span class='ocrx_word' id='word_1_349' title='bbox 1551 1516 1622 1553; x_wconf 67' lang='lat' dir='ltr'>ipse</span> <span class='ocrx_word' id='word_1_350' title='bbox 1635 1524 1700 1544; x_wconf 90' lang='lat' dir='ltr'>non</span> <span class='ocrx_word' id='word_1_351' title='bbox 1713 1517 1762 1543; x_wconf 86' lang='lat' dir='ltr'>est</span> <span class='ocrx_word' id='word_1_352' title='bbox 1777 1513 1809 1541; x_wconf 91' lang='lat' dir='ltr'>in</span> <span class='ocrx_word' id='word_1_353' title='bbox 1824 1513 1863 1540; x_wconf 91' lang='lat' dir='ltr'>D.</span> 
     </span>
     <span class='ocr_line' id='line_1_25' title="bbox 52 1562 1865 1619; baseline -0.014 -7"><span class='ocrx_word' id='word_1_354' title='bbox 52 1582 119 1611; x_wconf 89' lang='lat' dir='ltr'>nisi</span> <span class='ocrx_word' id='word_1_355' title='bbox 138 1589 160 1611; x_wconf 86' lang='lat' dir='ltr'>a</span> <span class='ocrx_word' id='word_1_356' title='bbox 181 1589 223 1610; x_wconf 91' lang='lat' dir='ltr'>m.</span> <span class='ocrx_word' id='word_1_357' title='bbox 248 1589 276 1610; x_wconf 94' lang='lat' dir='ltr'>s.</span> <span class='ocrx_word' id='word_1_358' title='bbox 288 1580 470 1619; x_wconf 77' lang='lat' dir='ltr'>fatigatus</span> <span class='ocrx_word' id='word_1_359' title='bbox 488 1580 526 1608; x_wconf 89' lang='lat' dir='ltr'>D.</span> <span class='ocrx_word' id='word_1_360' title='bbox 547 1585 569 1607; x_wconf 85' lang='lat' dir='ltr'>a</span> <span class='ocrx_word' id='word_1_361' title='bbox 587 1585 629 1606; x_wconf 90' lang='lat' dir='ltr'>m.</span> <span class='ocrx_word' id='word_1_362' title='bbox 649 1585 679 1611; x_wconf 82' lang='lat' dir='ltr'>p.</span> <span class='ocrx_word' id='word_1_363' title='bbox 727 1573 914 1603; x_wconf 75' lang='lat' dir='ltr'>subsistens</span> <span class='ocrx_word' id='word_1_364' title='bbox 932 1574 971 1601; x_wconf 92' lang='lat' dir='ltr'>D.</span> <span class='ocrx_word' id='word_1_365' title='bbox 994 1578 1015 1600; x_wconf 85' lang='lat' dir='ltr'>a</span> <span class='ocrx_word' id='word_1_366' title='bbox 1028 1579 1057 1606; x_wconf 86' lang='lat' dir='ltr'>p.</span> <span class='ocrx_word' id='word_1_367' title='bbox 1077 1578 1120 1600; x_wconf 92' lang='lat' dir='ltr'>m.</span> <span class='ocrx_word' id='word_1_368' title='bbox 1163 1565 1328 1606; x_wconf 77' lang='lat' dir='ltr'>perducto</span> <span class='ocrx_word' id='word_1_369' title='bbox 1347 1573 1383 1594; x_wconf 86' lang='grc' dir='ltr'>π.</span> <span class='ocrx_word' id='word_1_370' title='bbox 1404 1565 1426 1594; x_wconf 91' lang='lat' dir='ltr'>i.</span> <span class='ocrx_word' id='word_1_371' title='bbox 1445 1574 1472 1594; x_wconf 88' lang='lat' dir='ltr'>e.</span> <span class='ocrx_word' id='word_1_372' title='bbox 1493 1563 1569 1592; x_wconf 83' lang='lat' dir='ltr'>totis</span> <span class='ocrx_word' id='word_1_373' title='bbox 1582 1562 1710 1591; x_wconf 74' lang='lat' dir='ltr'>vii-ihus</span> <span class='ocrx_word' id='word_1_374' title='bbox 1723 1563 1755 1588; x_wconf 88' lang='lat' dir='ltr'>et</span> <span class='ocrx_word' id='word_1_375' title='bbox 1767 1565 1865 1593; x_wconf 78' lang='lat' dir='ltr'>aegre</span> 
     </span>
    </p>
   </div>
   <div class='ocr_carea' id='block_1_9' title="bbox 52 1620 928 1664">
    <p class='ocr_par' dir='ltr' id='par_1_10' title="bbox 52 1620 928 1664">
     <span class='ocr_line' id='line_1_26' title="bbox 52 1620 928 1664; baseline -0.013 -7"><span class='ocrx_word' id='word_1_376' title='bbox 52 1628 208 1664; x_wconf 81' lang='lat' dir='ltr'>perduco;</span> <span class='ocrx_word' id='word_1_377' title='bbox 233 1627 314 1655; x_wconf 87' lang='lat' dir='ltr'><strong>Oud.</strong></span> <span class='ocrx_word' id='word_1_378' title='bbox 328 1628 495 1660; x_wconf 82' lang='lat' dir='ltr'>comparat</span> <span class='ocrx_word' id='word_1_379' title='bbox 505 1625 615 1653; x_wconf 84' lang='lat' dir='ltr'><strong>Plaut.</strong></span> <span class='ocrx_word' id='word_1_380' title='bbox 628 1624 724 1652; x_wconf 81' lang='lat' dir='ltr'><strong>Most.</strong></span> <span class='ocrx_word' id='word_1_381' title='bbox 736 1622 792 1650; x_wconf 85' lang='lat'><strong>111.</strong></span> <span class='ocrx_word' id='word_1_382' title='bbox 806 1621 838 1649; x_wconf 80' lang='lat'>2.</span> <span class='ocrx_word' id='word_1_383' title='bbox 854 1620 928 1647; x_wconf 86' lang='grc'><strong>179.</strong></span> 
     </span>
    </p>
   </div>
   <div class='ocr_carea' id='block_1_10' title="bbox 978 1614 1173 1645">
    <p class='ocr_par' dir='ltr' id='par_1_11' title="bbox 978 1614 1173 1645">
     <span class='ocr_line' id='line_1_27' title="bbox 978 1614 1173 1645; baseline -0.005 -1"><span class='ocrx_word' id='word_1_384' title='bbox 978 1619 1048 1644; x_wconf 80' lang='lat' dir='ltr'>tam</span> <span class='ocrx_word' id='word_1_385' title='bbox 1060 1616 1135 1645; x_wconf 80' lang='lat' dir='ltr'>Am.</span> <span class='ocrx_word' id='word_1_386' title='bbox 1152 1614 1173 1643; x_wconf 85' lang='lat' dir='ltr'>f.</span> 
     </span>
    </p>
   </div>
   <div class='ocr_carea' id='block_1_11' title="bbox 54 1683 1867 1750">
    <p class='ocr_par' dir='ltr' id='par_1_12' title="bbox 54 1683 1867 1750">
     <span class='ocr_line' id='line_1_28' title="bbox 54 1683 1867 1750; baseline -0.014 -7"><span class='ocrx_word' id='word_1_387' title='bbox 54 1703 179 1743; x_wconf 81' lang='lat' dir='ltr'>fuisse</span> <span class='ocrx_word' id='word_1_388' title='bbox 210 1701 440 1741; x_wconf 86' lang='lat' dir='ltr'>delectatos.</span> <span class='ocrx_word' id='word_1_389' title='bbox 487 1700 614 1739; x_wconf 81' lang='lat' dir='ltr'>Recte</span> <span class='ocrx_word' id='word_1_390' title='bbox 645 1699 757 1750; x_wconf 87' lang='lat' dir='ltr'>igitur</span> <span class='ocrx_word' id='word_1_391' title='bbox 785 1696 931 1746; x_wconf 86' lang='lat' dir='ltr'>ubique</span> <span class='ocrx_word' id='word_1_392' title='bbox 989 1707 1064 1732; x_wconf 91' lang='lat' dir='ltr'>non</span> <span class='ocrx_word' id='word_1_393' title='bbox 1098 1694 1160 1730; x_wconf 85' lang='lat' dir='ltr'>est</span> <span class='ocrx_word' id='word_1_394' title='bbox 1191 1689 1297 1743; x_wconf 87' lang='lat' dir='ltr'>quod</span> <span class='ocrx_word' id='word_1_395' title='bbox 1321 1689 1594 1727; x_wconf 84' lang='lat' dir='ltr'><strong>demonstrem.</strong></span> <span class='ocrx_word' id='word_1_396' title='bbox 1642 1683 1706 1723; x_wconf 90' lang='lat' dir='ltr'>De</span> <span class='ocrx_word' id='word_1_397' title='bbox 1731 1683 1867 1733; x_wconf 88' lang='lat' dir='ltr'>imper·</span> 
     </span>
    </p>
   </div>
   <div class='ocr_carea' id='block_1_12' title="bbox 54 1751 955 3061">
    <p class='ocr_par' dir='ltr' id='par_1_13' title="bbox 54 1751 938 2040">
     <span class='ocr_line' id='line_1_29' title="bbox 54 1751 933 1800; baseline -0.013 0"><span class='ocrx_word' id='word_1_398' title='bbox 54 1761 156 1800; x_wconf 80' lang='lat' dir='ltr'>haec</span> <span class='ocrx_word' id='word_1_399' title='bbox 179 1758 372 1798; x_wconf 78' lang='lat' dir='ltr'>vocabula</span> <span class='ocrx_word' id='word_1_400' title='bbox 400 1772 477 1797; x_wconf 92' lang='lat' dir='ltr'>uno</span> <span class='ocrx_word' id='word_1_401' title='bbox 508 1757 627 1796; x_wconf 87' lang='lat' dir='ltr'>ductu</span> <span class='ocrx_word' id='word_1_402' title='bbox 651 1751 933 1795; x_wconf 79' lang='lat' dir='ltr'>conscribenda</span> 
     </span>
     <span class='ocr_line' id='line_1_30' title="bbox 57 1809 932 1867; baseline -0.009 -12"><span class='ocrx_word' id='word_1_403' title='bbox 57 1817 197 1856; x_wconf 82' lang='lat' dir='ltr'>curavi.</span> <span class='ocrx_word' id='word_1_404' title='bbox 247 1815 295 1855; x_wconf 85' lang='lat' dir='ltr'>cf.</span> <span class='ocrx_word' id='word_1_405' title='bbox 335 1813 455 1867; x_wconf 90' lang='lat' dir='ltr'><strong>Apul.</strong></span> <span class='ocrx_word' id='word_1_406' title='bbox 491 1812 588 1852; x_wconf 82' lang='lat' dir='ltr'><strong>Met.</strong></span> <span class='ocrx_word' id='word_1_407' title='bbox 620 1809 724 1850; x_wconf 85' lang='lat' dir='ltr'><strong>VIII.</strong></span> <span class='ocrx_word' id='word_1_408' title='bbox 759 1824 800 1862; x_wconf 93' lang='lat' dir='ltr'>p.</span> <span class='ocrx_word' id='word_1_409' title='bbox 838 1812 932 1850; x_wconf 90' lang='lat'><strong>580.</strong></span> 
     </span>
     <span class='ocr_line' id='line_1_31' title="bbox 58 1863 932 1922; baseline -0.011 -9"><span class='ocrx_word' id='word_1_410' title='bbox 58 1873 339 1913; x_wconf 79' lang='lat' dir='ltr'>humerotenus</span> <span class='ocrx_word' id='word_1_411' title='bbox 358 1874 422 1911; x_wconf 87' lang='lat' dir='ltr'>ctt.</span> <span class='ocrx_word' id='word_1_412' title='bbox 446 1869 505 1909; x_wconf 84' lang='lat' dir='ltr'>Ita</span> <span class='ocrx_word' id='word_1_413' title='bbox 530 1869 634 1922; x_wconf 84' lang='lat' dir='ltr'>apud</span> <span class='ocrx_word' id='word_1_414' title='bbox 652 1867 764 1907; x_wconf 76' lang='lat' dir='ltr'><strong>Lact.</strong></span> <span class='ocrx_word' id='word_1_415' title='bbox 782 1863 932 1906; x_wconf 85' lang='lat' dir='ltr'><strong>Placid.</strong></span> 
     </span>
     <span class='ocr_line' id='line_1_32' title="bbox 61 1925 938 1980; baseline -0.009 -11"><span class='ocrx_word' id='word_1_416' title='bbox 61 1929 159 1969; x_wconf 85' lang='lat' dir='ltr'><strong>Fab.</strong></span> <span class='ocrx_word' id='word_1_417' title='bbox 184 1927 333 1968; x_wconf 89' lang='lat' dir='ltr'><strong>LXIV.</strong></span> <span class='ocrx_word' id='word_1_418' title='bbox 363 1932 396 1969; x_wconf 83' lang='lat'>1.</span> <span class='ocrx_word' id='word_1_419' title='bbox 422 1929 569 1980; x_wconf 81' lang='lat' dir='ltr'><strong>p.879.</strong></span> <span class='ocrx_word' id='word_1_420' title='bbox 596 1925 705 1964; x_wconf 80' lang='lat' dir='ltr'><strong>stav.</strong></span> <span class='ocrx_word' id='word_1_421' title='bbox 729 1934 799 1977; x_wconf 90' lang='lat' dir='ltr'>pro</span> <span class='ocrx_word' id='word_1_422' title='bbox 824 1928 938 1962; x_wconf 83' lang='lat' dir='ltr'>tenus</span> 
     </span>
     <span class='ocr_line' id='line_1_33' title="bbox 55 1982 619 2040; baseline -0.011 -14"><span class='ocrx_word' id='word_1_423' title='bbox 55 1985 168 2040; x_wconf 79' lang='lat' dir='ltr'>pube</span> <span class='ocrx_word' id='word_1_424' title='bbox 188 1985 415 2038; x_wconf 78' lang='lat' dir='ltr'>pubetenus</span> <span class='ocrx_word' id='word_1_425' title='bbox 440 1982 619 2035; x_wconf 70' lang='lat' dir='ltr'>corrigo]</span> 
     </span>
    </p>

    <p class='ocr_par' dir='ltr' id='par_1_14' title="bbox 62 2034 946 2551">
     <span class='ocr_line' id='line_1_34' title="bbox 117 2034 940 2092; baseline -0.012 -10"><span class='ocrx_word' id='word_1_426' title='bbox 117 2043 344 2082; x_wconf 61' lang='lat' dir='ltr'>ramulam-et</span> <span class='ocrx_word' id='word_1_427' title='bbox 380 2039 507 2092; x_wconf 92' lang='lat' dir='ltr'><strong>[Oud.</strong></span> <span class='ocrx_word' id='word_1_428' title='bbox 544 2052 661 2091; x_wconf 90' lang='lat' dir='ltr'>quum</span> <span class='ocrx_word' id='word_1_429' title='bbox 697 2038 747 2076; x_wconf 82' lang='lat' dir='ltr'>e&#39;x</span> <span class='ocrx_word' id='word_1_430' title='bbox 781 2034 940 2088; x_wconf 88' lang='lat' dir='ltr'>Apuleii</span> 
     </span>
     <span class='ocr_line' id='line_1_35' title="bbox 62 2091 942 2151; baseline -0.011 -12"><span class='ocrx_word' id='word_1_431' title='bbox 62 2099 160 2139; x_wconf 88' lang='lat' dir='ltr'>locis</span> <span class='ocrx_word' id='word_1_432' title='bbox 186 2096 289 2137; x_wconf 85' lang='lat' dir='ltr'><strong>VIII.</strong></span> <span class='ocrx_word' id='word_1_433' title='bbox 314 2111 352 2151; x_wconf 90' lang='lat' dir='ltr'>p.</span> <span class='ocrx_word' id='word_1_434' title='bbox 379 2100 472 2138; x_wconf 88' lang='lat'><strong>580.</strong></span> <span class='ocrx_word' id='word_1_435' title='bbox 509 2094 557 2135; x_wconf 86' lang='lat' dir='ltr'>al.</span> <span class='ocrx_word' id='word_1_436' title='bbox 595 2095 632 2133; x_wconf 88' lang='lat' dir='ltr'>in</span> <span class='ocrx_word' id='word_1_437' title='bbox 664 2104 771 2133; x_wconf 86' lang='lat' dir='ltr'>more</span> <span class='ocrx_word' id='word_1_438' title='bbox 797 2091 942 2131; x_wconf 85' lang='lat' dir='ltr'>auctori</span> 
     </span>
     <span class='ocr_line' id='line_1_36' title="bbox 64 2150 942 2203; baseline -0.01 -9"><span class='ocrx_word' id='word_1_439' title='bbox 64 2155 187 2195; x_wconf 84' lang='lat' dir='ltr'>fuisse</span> <span class='ocrx_word' id='word_1_440' title='bbox 229 2155 306 2193; x_wconf 90' lang='lat' dir='ltr'>hoc</span> <span class='ocrx_word' id='word_1_441' title='bbox 346 2154 506 2192; x_wconf 88' lang='lat' dir='ltr'>verbum</span> <span class='ocrx_word' id='word_1_442' title='bbox 548 2153 623 2191; x_wconf 86' lang='lat' dir='ltr'>sibi</span> <span class='ocrx_word' id='word_1_443' title='bbox 658 2150 942 2203; x_wconf 74' lang='lat' dir='ltr'>persuasisset,</span> 
     </span>
     <span class='ocr_line' id='line_1_37' title="bbox 63 2204 942 2261; baseline -0.011 -9"><span class='ocrx_word' id='word_1_444' title='bbox 63 2212 127 2253; x_wconf 87' lang='lat' dir='ltr'>hic</span> <span class='ocrx_word' id='word_1_445' title='bbox 150 2211 375 2251; x_wconf 54' lang='lat' dir='ltr'>re‘nudaret</span> <span class='ocrx_word' id='word_1_446' title='bbox 402 2212 535 2249; x_wconf 86' lang='lat' dir='ltr'>contra</span> <span class='ocrx_word' id='word_1_447' title='bbox 559 2208 805 2261; x_wconf 89' lang='lat' dir='ltr'>plurimorum</span> <span class='ocrx_word' id='word_1_448' title='bbox 831 2204 942 2244; x_wconf 88' lang='lat' dir='ltr'><strong>codd.</strong></span> 
     </span>
     <span class='ocr_line' id='line_1_38' title="bbox 66 2262 943 2320; baseline -0.011 -11"><span class='ocrx_word' id='word_1_449' title='bbox 66 2269 333 2309; x_wconf 84' lang='lat' dir='ltr'>auctoritatem</span> <span class='ocrx_word' id='word_1_450' title='bbox 357 2267 501 2320; x_wconf 86' lang='lat' dir='ltr'><strong>posuit.</strong></span> <span class='ocrx_word' id='word_1_451' title='bbox 555 2264 642 2317; x_wconf 89' lang='lat' dir='ltr'>Ego</span> <span class='ocrx_word' id='word_1_452' title='bbox 667 2276 799 2302; x_wconf 82' lang='lat' dir='ltr'>veram</span> <span class='ocrx_word' id='word_1_453' title='bbox 824 2262 943 2313; x_wconf 88' lang='lat' dir='ltr'>scrip-</span> 
     </span>
     <span class='ocr_line' id='line_1_39' title="bbox 65 2318 943 2366; baseline -0.01 -1"><span class='ocrx_word' id='word_1_454' title='bbox 65 2329 193 2366; x_wconf 87' lang='lat' dir='ltr'>turam</span> <span class='ocrx_word' id='word_1_455' title='bbox 225 2338 276 2363; x_wconf 83' lang='lat' dir='ltr'>ex</span> <span class='ocrx_word' id='word_1_456' title='bbox 306 2323 351 2363; x_wconf 90' lang='lat' dir='ltr'>F.</span> <span class='ocrx_word' id='word_1_457' title='bbox 379 2327 415 2365; x_wconf 87' lang='grc'><strong>3.</strong></span> <span class='ocrx_word' id='word_1_458' title='bbox 442 2335 626 2362; x_wconf 86' lang='lat' dir='ltr'>revocare</span> <span class='ocrx_word' id='word_1_459' title='bbox 651 2335 725 2359; x_wconf 89' lang='lat' dir='ltr'>non</span> <span class='ocrx_word' id='word_1_460' title='bbox 761 2318 943 2357; x_wconf 84' lang='lat' dir='ltr'>dubitavi.</span> 
     </span>
     <span class='ocr_line' id='line_1_40' title="bbox 69 2373 945 2429; baseline -0.013 -6"><span class='ocrx_word' id='word_1_461' title='bbox 69 2382 269 2423; x_wconf 80' lang='lat' dir='ltr'>Enudare</span> <span class='ocrx_word' id='word_1_462' title='bbox 281 2384 411 2420; x_wconf 86' lang='lat' dir='ltr'>tamen</span> <span class='ocrx_word' id='word_1_463' title='bbox 425 2382 479 2419; x_wconf 88' lang='lat' dir='ltr'>ita</span> <span class='ocrx_word' id='word_1_464' title='bbox 497 2378 655 2418; x_wconf 86' lang='lat' dir='ltr'>defendi</span> <span class='ocrx_word' id='word_1_465' title='bbox 675 2379 818 2429; x_wconf 88' lang='lat' dir='ltr'>potest,</span> <span class='ocrx_word' id='word_1_466' title='bbox 840 2373 945 2426; x_wconf 91' lang='lat' dir='ltr'>quod</span> 
     </span>
     <span class='ocr_line' id='line_1_41' title="bbox 70 2430 946 2490; baseline -0.011 -12"><span class='ocrx_word' id='word_1_467' title='bbox 70 2452 206 2479; x_wconf 88' lang='lat' dir='ltr'>omnes</span> <span class='ocrx_word' id='word_1_468' title='bbox 237 2439 409 2490; x_wconf 88' lang='lat' dir='ltr'>corporis</span> <span class='ocrx_word' id='word_1_469' title='bbox 440 2440 572 2489; x_wconf 81' lang='lat' dir='ltr'>partes</span> <span class='ocrx_word' id='word_1_470' title='bbox 604 2435 653 2475; x_wconf 87' lang='lat' dir='ltr'>ab</span> <span class='ocrx_word' id='word_1_471' title='bbox 684 2432 864 2472; x_wconf 85' lang='lat' dir='ltr'>umbilico</span> <span class='ocrx_word' id='word_1_472' title='bbox 896 2430 946 2470; x_wconf 88' lang='lat' dir='ltr'>ad</span> 
     </span>
     <span class='ocr_line' id='line_1_42' title="bbox 69 2488 844 2551; baseline -0.012 -16"><span class='ocrx_word' id='word_1_473' title='bbox 69 2497 214 2551; x_wconf 89' lang='lat' dir='ltr'>pubem</span> <span class='ocrx_word' id='word_1_474' title='bbox 237 2508 365 2546; x_wconf 89' lang='lat' dir='ltr'>usque</span> <span class='ocrx_word' id='word_1_475' title='bbox 391 2494 578 2533; x_wconf 83' lang='lat' dir='ltr'>Socrates</span> <span class='ocrx_word' id='word_1_476' title='bbox 602 2488 844 2541; x_wconf 63' lang='lat' dir='ltr'>nudaverat]</span> 
     </span>
    </p>

    <p class='ocr_par' dir='ltr' id='par_1_15' title="bbox 71 2543 955 3061">
     <span class='ocr_line' id='line_1_43' title="bbox 127 2543 950 2591; baseline -0.012 0"><span class='ocrx_word' id='word_1_477' title='bbox 127 2551 229 2591; x_wconf 71' lang='lat' dir='ltr'><strong>CAr.</strong></span> <span class='ocrx_word' id='word_1_478' title='bbox 255 2549 342 2590; x_wconf 87' lang='lat' dir='ltr'><strong>Vll.</strong></span> <span class='ocrx_word' id='word_1_479' title='bbox 385 2552 470 2591; x_wconf 78' lang='lat' dir='ltr'>sine</span> <span class='ocrx_word' id='word_1_480' title='bbox 499 2551 595 2590; x_wconf 78' lang='lat' dir='ltr'>sine.</span> <span class='ocrx_word' id='word_1_481' title='bbox 626 2547 739 2587; x_wconf 85' lang='lat' dir='ltr'>Hanc</span> <span class='ocrx_word' id='word_1_482' title='bbox 769 2543 950 2584; x_wconf 87' lang='lat' dir='ltr'>eiusdem</span> 
     </span>
     <span class='ocr_line' id='line_1_44' title="bbox 71 2604 951 2660; baseline -0.011 -11"><span class='ocrx_word' id='word_1_483' title='bbox 71 2608 252 2649; x_wconf 76' lang='lat' dir='ltr'>vocabuli</span> <span class='ocrx_word' id='word_1_484' title='bbox 264 2608 563 2660; x_wconf 86' lang='lat' dir='ltr'>geminationem</span> <span class='ocrx_word' id='word_1_485' title='bbox 583 2604 804 2656; x_wconf 85' lang='lat' dir='ltr'>elegantem</span> <span class='ocrx_word' id='word_1_486' title='bbox 824 2604 862 2640; x_wconf 92' lang='lat' dir='ltr'>et</span> <span class='ocrx_word' id='word_1_487' title='bbox 880 2614 951 2652; x_wconf 89' lang='lat' dir='ltr'>per</span> 
     </span>
     <span class='ocr_line' id='line_1_45' title="bbox 74 2656 950 2718; baseline -0.013 -12"><span class='ocrx_word' id='word_1_488' title='bbox 74 2679 210 2706; x_wconf 86' lang='lat' dir='ltr'>omnes</span> <span class='ocrx_word' id='word_1_489' title='bbox 252 2666 465 2718; x_wconf 83' lang='lat' dir='ltr'>scriptores</span> <span class='ocrx_word' id='word_1_490' title='bbox 501 2663 653 2702; x_wconf 84' lang='lat' dir='ltr'>obviam</span> <span class='ocrx_word' id='word_1_491' title='bbox 690 2660 806 2699; x_wconf 90' lang='lat' dir='ltr'>docet</span> <span class='ocrx_word' id='word_1_492' title='bbox 846 2656 950 2697; x_wconf 89' lang='lat' dir='ltr'><strong>Oud.</strong></span> 
     </span>
     <span class='ocr_line' id='line_1_46' title="bbox 75 2713 952 2763; baseline -0.011 -1"><span class='ocrx_word' id='word_1_493' title='bbox 75 2722 280 2763; x_wconf 78' lang='lat' dir='ltr'>conferens</span> <span class='ocrx_word' id='word_1_494' title='bbox 304 2721 391 2761; x_wconf 87' lang='lat' dir='ltr'><strong>lntt.</strong></span> <span class='ocrx_word' id='word_1_495' title='bbox 428 2720 479 2759; x_wconf 85' lang='lat' dir='ltr'>ad</span> <span class='ocrx_word' id='word_1_496' title='bbox 513 2718 599 2758; x_wconf 89' lang='lat' dir='ltr'><strong>Liv.</strong></span> <span class='ocrx_word' id='word_1_497' title='bbox 637 2716 682 2756; x_wconf 91' lang='lat' dir='ltr'>II.</span> <span class='ocrx_word' id='word_1_498' title='bbox 721 2731 752 2756; x_wconf 89' lang='lat' dir='ltr'>c.</span> <span class='ocrx_word' id='word_1_499' title='bbox 790 2719 856 2756; x_wconf 86' lang='grc'>40.</span> <span class='ocrx_word' id='word_1_500' title='bbox 900 2713 952 2753; x_wconf 83' lang='lat' dir='ltr'>ad</span> 
     </span>
     <span class='ocr_line' id='line_1_47' title="bbox 77 2771 951 2828; baseline -0.013 -9"><span class='ocrx_word' id='word_1_501' title='bbox 77 2779 193 2819; x_wconf 78' lang='lat' dir='ltr'><strong>Caes.</strong></span> <span class='ocrx_word' id='word_1_502' title='bbox 207 2778 254 2818; x_wconf 91' lang='grc' dir='ltr'><strong>Β.</strong></span> <span class='ocrx_word' id='word_1_503' title='bbox 277 2777 325 2818; x_wconf 84' lang='lat' dir='ltr'>G.</span> <span class='ocrx_word' id='word_1_504' title='bbox 339 2778 389 2817; x_wconf 91' lang='lat' dir='ltr'>V.</span> <span class='ocrx_word' id='word_1_505' title='bbox 405 2781 470 2817; x_wconf 88' lang='grc'>44.</span> <span class='ocrx_word' id='word_1_506' title='bbox 493 2773 606 2828; x_wconf 91' lang='lat' dir='ltr'><strong>Apul.</strong></span> <span class='ocrx_word' id='word_1_507' title='bbox 626 2773 723 2813; x_wconf 89' lang='lat' dir='ltr'>Met.</span> <span class='ocrx_word' id='word_1_508' title='bbox 738 2771 783 2812; x_wconf 93' lang='lat' dir='ltr'>II.</span> <span class='ocrx_word' id='word_1_509' title='bbox 802 2785 841 2824; x_wconf 88' lang='lat' dir='ltr'>p.</span> <span class='ocrx_word' id='word_1_510' title='bbox 859 2774 951 2813; x_wconf 87' lang='lat'><strong>160.</strong></span> 
     </span>
     <span class='ocr_line' id='line_1_48' title="bbox 80 2827 951 2887; baseline -0.013 -10"><span class='ocrx_word' id='word_1_511' title='bbox 80 2839 172 2878; x_wconf 87' lang='lat'><strong>162.</strong></span> <span class='ocrx_word' id='word_1_512' title='bbox 208 2833 276 2874; x_wconf 89' lang='lat' dir='ltr'>VI.</span> <span class='ocrx_word' id='word_1_513' title='bbox 315 2848 356 2887; x_wconf 89' lang='lat' dir='ltr'>p.</span> <span class='ocrx_word' id='word_1_514' title='bbox 392 2837 486 2874; x_wconf 89' lang='grc'><strong>400.</strong></span> <span class='ocrx_word' id='word_1_515' title='bbox 522 2831 555 2870; x_wconf 88' lang='lat' dir='ltr'><strong>F</strong></span> <span class='ocrx_word' id='word_1_516' title='bbox 560 2829 667 2870; x_wconf 86' lang='lat' dir='ltr'>lorid.</span> <span class='ocrx_word' id='word_1_517' title='bbox 703 2844 741 2883; x_wconf 90' lang='lat' dir='ltr'>p.</span> <span class='ocrx_word' id='word_1_518' title='bbox 779 2831 846 2870; x_wconf 84' lang='lat'>29.</span> <span class='ocrx_word' id='word_1_519' title='bbox 884 2827 951 2880; x_wconf 85' lang='lat' dir='ltr'><strong>[cf.</strong></span> 
     </span>
     <span class='ocr_line' id='line_1_49' title="bbox 77 2885 952 2940; baseline -0.01 -8"><span class='ocrx_word' id='word_1_520' title='bbox 77 2891 214 2933; x_wconf 87' lang='lat' dir='ltr'>Heius.</span> <span class='ocrx_word' id='word_1_521' title='bbox 240 2891 291 2931; x_wconf 88' lang='lat' dir='ltr'>ad</span> <span class='ocrx_word' id='word_1_522' title='bbox 314 2890 472 2930; x_wconf 90' lang='lat' dir='ltr'>Petron.</span> <span class='ocrx_word' id='word_1_523' title='bbox 498 2903 530 2929; x_wconf 92' lang='lat' dir='ltr'>c.</span> <span class='ocrx_word' id='word_1_524' title='bbox 551 2892 616 2929; x_wconf 86' lang='lat'>42.</span> <span class='ocrx_word' id='word_1_525' title='bbox 641 2901 679 2940; x_wconf 92' lang='lat' dir='ltr'>p.</span> <span class='ocrx_word' id='word_1_526' title='bbox 701 2890 795 2927; x_wconf 89' lang='lat'><strong>257.</strong></span> <span class='ocrx_word' id='word_1_527' title='bbox 820 2885 952 2924; x_wconf 80' lang='lat' dir='ltr'><strong>Burm.</strong></span> 
     </span>
     <span class='ocr_line' id='line_1_50' title="bbox 79 2940 955 2999; baseline -0.011 -10"><span class='ocrx_word' id='word_1_528' title='bbox 79 2947 222 2990; x_wconf 87' lang='lat' dir='ltr'>Fronto</span> <span class='ocrx_word' id='word_1_529' title='bbox 254 2948 304 2987; x_wconf 90' lang='lat' dir='ltr'>de</span> <span class='ocrx_word' id='word_1_530' title='bbox 335 2947 533 2999; x_wconf 84' lang='lat' dir='ltr'>eloquent.</span> <span class='ocrx_word' id='word_1_531' title='bbox 563 2959 601 2998; x_wconf 90' lang='lat' dir='ltr'>p.</span> <span class='ocrx_word' id='word_1_532' title='bbox 627 2947 721 2985; x_wconf 85' lang='lat'><strong>228.</strong></span> <span class='ocrx_word' id='word_1_533' title='bbox 753 2941 814 2981; x_wconf 88' lang='lat' dir='ltr'>ed.</span> <span class='ocrx_word' id='word_1_534' title='bbox 839 2940 955 2981; x_wconf 88' lang='lat' dir='ltr'><strong>Rom.</strong></span> 
     </span>
     <span class='ocr_line' id='line_1_51' title="bbox 79 3003 490 3061; baseline -0.01 -15"><span class='ocrx_word' id='word_1_535' title='bbox 79 3005 163 3061; x_wconf 75' lang='lat' dir='ltr'>ipsi</span> <span class='ocrx_word' id='word_1_536' title='bbox 186 3006 270 3058; x_wconf 74' lang='lat' dir='ltr'>ipsi</span> <span class='ocrx_word' id='word_1_537' title='bbox 292 3003 490 3057; x_wconf 73' lang='lat' dir='ltr'>inquam]</span> 
     </span>
    </p>
   </div>
   <div class='ocr_carea' id='block_1_13' title="bbox 991 1741 1894 3048">
    <p class='ocr_par' dir='ltr' id='par_1_16' title="bbox 991 1741 1869 1846">
     <span class='ocr_line' id='line_1_52' title="bbox 991 1741 1869 1800; baseline -0.016 -11"><span class='ocrx_word' id='word_1_538' title='bbox 991 1750 1094 1788; x_wconf 80' lang='lat' dir='ltr'>secto</span> <span class='ocrx_word' id='word_1_539' title='bbox 1119 1753 1294 1800; x_wconf 87' lang='lat' dir='ltr'>tempore</span> <span class='ocrx_word' id='word_1_540' title='bbox 1319 1747 1511 1796; x_wconf 87' lang='lat' dir='ltr'>sequente</span> <span class='ocrx_word' id='word_1_541' title='bbox 1534 1741 1754 1795; x_wconf 87' lang='lat' dir='ltr'>praesentis</span> <span class='ocrx_word' id='word_1_542' title='bbox 1781 1751 1869 1777; x_wconf 94' lang='lat' dir='ltr'>con-</span> 
     </span>
     <span class='ocr_line' id='line_1_53' title="bbox 992 1794 1868 1846; baseline -0.016 0"><span class='ocrx_word' id='word_1_543' title='bbox 992 1806 1157 1846; x_wconf 80' lang='lat' dir='ltr'>iunctivo</span> <span class='ocrx_word' id='word_1_544' title='bbox 1184 1804 1230 1843; x_wconf 88' lang='lat' dir='ltr'>cf.</span> <span class='ocrx_word' id='word_1_545' title='bbox 1257 1802 1379 1841; x_wconf 84' lang='lat' dir='ltr'>Kritz.</span> <span class='ocrx_word' id='word_1_546' title='bbox 1405 1801 1454 1840; x_wconf 87' lang='lat' dir='ltr'>ad</span> <span class='ocrx_word' id='word_1_547' title='bbox 1481 1799 1580 1838; x_wconf 84' lang='lat' dir='ltr'><strong>Sall.</strong></span> <span class='ocrx_word' id='word_1_548' title='bbox 1602 1797 1684 1837; x_wconf 82' lang='lat' dir='ltr'><strong>Cat.</strong></span> <span class='ocrx_word' id='word_1_549' title='bbox 1699 1794 1806 1835; x_wconf 89' lang='lat' dir='ltr'><strong>XLI.</strong></span> <span class='ocrx_word' id='word_1_550' title='bbox 1829 1807 1868 1846; x_wconf 87' lang='lat' dir='ltr'>p.</span> 
     </span>
    </p>

    <p class='ocr_par' dir='ltr' id='par_1_17' title="bbox 998 1862 1892 2874">
     <span class='ocr_line' id='line_1_54' title="bbox 1052 1862 1873 1958; baseline -0.017 1"><span class='ocrx_word' id='word_1_551' title='bbox 1052 1862 1203 1958; x_wconf 58' lang='lat' dir='ltr'>illuvz&#39;e.</span> <span class='ocrx_word' id='word_1_552' title='bbox 1231 1916 1373 1955; x_wconf 80' lang='lat' dir='ltr'>Contra</span> <span class='ocrx_word' id='word_1_553' title='bbox 1388 1927 1523 1953; x_wconf 88' lang='lat' dir='ltr'>omnes</span> <span class='ocrx_word' id='word_1_554' title='bbox 1536 1911 1639 1951; x_wconf 85' lang='lat' dir='ltr'><strong>Mss.</strong></span> <span class='ocrx_word' id='word_1_555' title='bbox 1653 1910 1715 1949; x_wconf 88' lang='lat' dir='ltr'>hic</span> <span class='ocrx_word' id='word_1_556' title='bbox 1734 1907 1873 1948; x_wconf 75' lang='lat' dir='ltr'>illuvie</span> 
     </span>
     <span class='ocr_line' id='line_1_55' title="bbox 998 1965 1875 2024; baseline -0.017 -8"><span class='ocrx_word' id='word_1_557' title='bbox 998 1992 1029 2016; x_wconf 89' lang='lat' dir='ltr'>c.</span> <span class='ocrx_word' id='word_1_558' title='bbox 1068 1974 1172 2014; x_wconf 86' lang='lat' dir='ltr'><strong>Oud.</strong></span> <span class='ocrx_word' id='word_1_559' title='bbox 1221 1974 1331 2024; x_wconf 80' lang='lat' dir='ltr'>lego,</span> <span class='ocrx_word' id='word_1_560' title='bbox 1380 1971 1560 2022; x_wconf 77' lang='lat' dir='ltr'>quoniam</span> <span class='ocrx_word' id='word_1_561' title='bbox 1609 1967 1757 2007; x_wconf 82' lang='lat' dir='ltr'>facilior</span> <span class='ocrx_word' id='word_1_562' title='bbox 1794 1965 1875 2002; x_wconf 79' lang='lat' dir='ltr'>erat</span> 
     </span>
     <span class='ocr_line' id='line_1_56' title="bbox 998 2021 1873 2083; baseline -0.016 -11"><span class='ocrx_word' id='word_1_563' title='bbox 998 2033 1098 2072; x_wconf 77' lang='lat' dir='ltr'>haee</span> <span class='ocrx_word' id='word_1_564' title='bbox 1117 2030 1342 2083; x_wconf 80' lang='lat' dir='ltr'>depravatio</span> <span class='ocrx_word' id='word_1_565' title='bbox 1363 2029 1398 2066; x_wconf 90' lang='lat' dir='ltr'>in</span> <span class='ocrx_word' id='word_1_566' title='bbox 1413 2027 1561 2079; x_wconf 81' lang='lat' dir='ltr'>glossis</span> <span class='ocrx_word' id='word_1_567' title='bbox 1577 2036 1732 2076; x_wconf 87' lang='lat' dir='ltr'>quoque</span> <span class='ocrx_word' id='word_1_568' title='bbox 1747 2021 1873 2061; x_wconf 85' lang='lat' dir='ltr'><strong>obvia.</strong></span> 
     </span>
     <span class='ocr_line' id='line_1_57' title="bbox 999 2077 1877 2137; baseline -0.015 -9"><span class='ocrx_word' id='word_1_569' title='bbox 999 2089 1042 2128; x_wconf 91' lang='lat' dir='ltr'>In</span> <span class='ocrx_word' id='word_1_570' title='bbox 1064 2088 1199 2128; x_wconf 80' lang='lat' dir='ltr'><strong>Gloss.</strong></span> <span class='ocrx_word' id='word_1_571' title='bbox 1220 2086 1286 2126; x_wconf 86' lang='lat' dir='ltr'>Gr.</span> <span class='ocrx_word' id='word_1_572' title='bbox 1300 2085 1389 2124; x_wconf 79' lang='lat' dir='ltr'><strong>Lat.</strong></span> <span class='ocrx_word' id='word_1_573' title='bbox 1404 2099 1443 2137; x_wconf 88' lang='lat' dir='ltr'>p.</span> <span class='ocrx_word' id='word_1_574' title='bbox 1459 2087 1551 2124; x_wconf 86' lang='lat'><strong>500.</strong></span> <span class='ocrx_word' id='word_1_575' title='bbox 1566 2077 1773 2131; x_wconf 81' lang='grc' dir='ltr'><em>κακόσμια,</em></span> <span class='ocrx_word' id='word_1_576' title='bbox 1788 2089 1877 2117; x_wconf 88' lang='lat' dir='ltr'>cum</span> 
     </span>
     <span class='ocr_line' id='line_1_58' title="bbox 1003 2138 1875 2194; baseline -0.014 -9"><span class='ocrx_word' id='word_1_577' title='bbox 1003 2146 1126 2185; x_wconf 76' lang='lat' dir='ltr'><strong>Salui.</strong></span> <span class='ocrx_word' id='word_1_578' title='bbox 1153 2144 1204 2184; x_wconf 81' lang='lat' dir='ltr'>ad</span> <span class='ocrx_word' id='word_1_579' title='bbox 1219 2143 1340 2182; x_wconf 89' lang='lat' dir='ltr'><strong>Solin.</strong></span> <span class='ocrx_word' id='word_1_580' title='bbox 1366 2156 1403 2194; x_wconf 89' lang='lat' dir='ltr'>p.</span> <span class='ocrx_word' id='word_1_581' title='bbox 1430 2145 1524 2183; x_wconf 80' lang='lat'><strong>655.</strong></span> <span class='ocrx_word' id='word_1_582' title='bbox 1552 2153 1621 2192; x_wconf 90' lang='lat' dir='ltr'>pro</span> <span class='ocrx_word' id='word_1_583' title='bbox 1647 2138 1793 2177; x_wconf 69' lang='lat' dir='ltr'>elza-ies</span> <span class='ocrx_word' id='word_1_584' title='bbox 1825 2156 1875 2162; x_wconf 73' lang='lat'>——</span> 
     </span>
     <span class='ocr_line' id='line_1_59' title="bbox 1002 2190 1879 2248; baseline -0.017 -5"><span class='ocrx_word' id='word_1_585' title='bbox 1002 2202 1162 2242; x_wconf 70' lang='lat' dir='ltr'>illut-ies</span> <span class='ocrx_word' id='word_1_586' title='bbox 1185 2199 1433 2239; x_wconf 82' lang='lat' dir='ltr'>scribendum</span> <span class='ocrx_word' id='word_1_587' title='bbox 1465 2199 1537 2235; x_wconf 83' lang='lat' dir='ltr'><strong>est.</strong></span> <span class='ocrx_word' id='word_1_588' title='bbox 1565 2195 1731 2248; x_wconf 88' lang='lat' dir='ltr'>[Eodem</span> <span class='ocrx_word' id='word_1_589' title='bbox 1761 2190 1879 2231; x_wconf 85' lang='lat' dir='ltr'>modo</span> 
     </span>
     <span class='ocr_line' id='line_1_60' title="bbox 1004 2249 1880 2309; baseline -0.014 -11"><span class='ocrx_word' id='word_1_590' title='bbox 1004 2259 1103 2298; x_wconf 80' lang='lat' dir='ltr'>falso</span> <span class='ocrx_word' id='word_1_591' title='bbox 1118 2259 1169 2297; x_wconf 87' lang='lat' dir='ltr'>ibi</span> <span class='ocrx_word' id='word_1_592' title='bbox 1184 2257 1322 2309; x_wconf 80' lang='lat' dir='ltr'>legitur</span> <span class='ocrx_word' id='word_1_593' title='bbox 1342 2251 1537 2305; x_wconf 74' lang='grc' dir='ltr'><em>κάκοσμος</em></span> <span class='ocrx_word' id='word_1_594' title='bbox 1549 2265 1733 2305; x_wconf 82' lang='lat' dir='ltr'>spurcus,</span> <span class='ocrx_word' id='word_1_595' title='bbox 1756 2249 1880 2288; x_wconf 81' lang='lat' dir='ltr'>ellua-</span> 
     </span>
     <span class='ocr_line' id='line_1_61' title="bbox 1003 2307 1880 2367; baseline -0.017 -11"><span class='ocrx_word' id='word_1_596' title='bbox 1003 2321 1066 2356; x_wconf 76' lang='lat' dir='ltr'>tus</span> <span class='ocrx_word' id='word_1_597' title='bbox 1077 2330 1146 2367; x_wconf 86' lang='lat' dir='ltr'>pro</span> <span class='ocrx_word' id='word_1_598' title='bbox 1161 2314 1351 2354; x_wconf 72' lang='lat' dir='ltr'>illarutus</span> <span class='ocrx_word' id='word_1_599' title='bbox 1373 2313 1464 2350; x_wconf 83' lang='lat' dir='ltr'>etin</span> <span class='ocrx_word' id='word_1_600' title='bbox 1487 2310 1620 2349; x_wconf 84' lang='lat' dir='ltr'><strong>Gloss.</strong></span> <span class='ocrx_word' id='word_1_601' title='bbox 1636 2307 1735 2346; x_wconf 88' lang='lat' dir='ltr'><strong>Phil.</strong></span> <span class='ocrx_word' id='word_1_602' title='bbox 1756 2320 1793 2358; x_wconf 85' lang='lat' dir='ltr'>p.</span> <span class='ocrx_word' id='word_1_603' title='bbox 1814 2307 1880 2344; x_wconf 86' lang='lat'>85.</span> 
     </span>
     <span class='ocr_line' id='line_1_62' title="bbox 1006 2362 1884 2422; baseline -0.016 -10"><span class='ocrx_word' id='word_1_604' title='bbox 1006 2372 1176 2412; x_wconf 76' lang='lat' dir='ltr'>elludies</span> <span class='ocrx_word' id='word_1_605' title='bbox 1207 2393 1259 2399; x_wconf 83' lang='lat'>--</span> <span class='ocrx_word' id='word_1_606' title='bbox 1291 2365 1456 2422; x_wconf 75' lang='grc' dir='ltr'><em>ἀρούσια</em></span> <span class='ocrx_word' id='word_1_607' title='bbox 1499 2364 1785 2416; x_wconf 85' lang='lat' dir='ltr'>emendandum</span> <span class='ocrx_word' id='word_1_608' title='bbox 1821 2362 1884 2398; x_wconf 87' lang='lat' dir='ltr'>est</span> 
     </span>
     <span class='ocr_line' id='line_1_63' title="bbox 1006 2418 1883 2472; baseline -0.017 -3"><span class='ocrx_word' id='word_1_609' title='bbox 1006 2429 1162 2469; x_wconf 75' lang='lat' dir='ltr'>illuvies</span> <span class='ocrx_word' id='word_1_610' title='bbox 1175 2451 1224 2456; x_wconf 92' lang='lat'>—</span> <span class='ocrx_word' id='word_1_611' title='bbox 1243 2425 1416 2466; x_wconf 74' lang='grc' dir='ltr'><strong>(ὶλουσιά.</strong></span> <span class='ocrx_word' id='word_1_612' title='bbox 1439 2423 1602 2464; x_wconf 73' lang='lat' dir='ltr'>Illure‘es</span> <span class='ocrx_word' id='word_1_613' title='bbox 1615 2422 1715 2460; x_wconf 87' lang='lat' dir='ltr'>enim</span> <span class='ocrx_word' id='word_1_614' title='bbox 1729 2418 1883 2472; x_wconf 82' lang='lat' dir='ltr'>proprie</span> 
     </span>
     <span class='ocr_line' id='line_1_64' title="bbox 1007 2479 1884 2532; baseline -0.016 -6"><span class='ocrx_word' id='word_1_615' title='bbox 1007 2486 1193 2530; x_wconf 75' lang='lat' dir='ltr'>alluvies,</span> <span class='ocrx_word' id='word_1_616' title='bbox 1220 2483 1269 2523; x_wconf 87' lang='lat' dir='ltr'>cf.</span> <span class='ocrx_word' id='word_1_617' title='bbox 1295 2482 1423 2522; x_wconf 88' lang='lat' dir='ltr'><strong>Doed.</strong></span> <span class='ocrx_word' id='word_1_618' title='bbox 1451 2482 1546 2532; x_wconf 85' lang='lat' dir='ltr'><strong>Syn.</strong></span> <span class='ocrx_word' id='word_1_619' title='bbox 1561 2479 1607 2517; x_wconf 89' lang='lat' dir='ltr'>ll.</span> <span class='ocrx_word' id='word_1_620' title='bbox 1637 2491 1674 2529; x_wconf 92' lang='lat' dir='ltr'>p.</span> <span class='ocrx_word' id='word_1_621' title='bbox 1692 2481 1755 2517; x_wconf 78' lang='lat'>45.</span> <span class='ocrx_word' id='word_1_622' title='bbox 1782 2486 1884 2525; x_wconf 66' lang='lat' dir='ltr'>sqq„</span> 
     </span>
     <span class='ocr_line' id='line_1_65' title="bbox 1009 2532 1885 2590; baseline -0.015 -9"><span class='ocrx_word' id='word_1_623' title='bbox 1009 2545 1071 2581; x_wconf 89' lang='lat' dir='ltr'>est</span> <span class='ocrx_word' id='word_1_624' title='bbox 1094 2540 1290 2580; x_wconf 85' lang='lat' dir='ltr'>inundatio</span> <span class='ocrx_word' id='word_1_625' title='bbox 1317 2551 1444 2590; x_wconf 83' lang='lat' dir='ltr'>aquae</span> <span class='ocrx_word' id='word_1_626' title='bbox 1470 2541 1509 2576; x_wconf 87' lang='lat' dir='ltr'>ct</span> <span class='ocrx_word' id='word_1_627' title='bbox 1533 2535 1686 2579; x_wconf 80' lang='lat' dir='ltr'>sordes,</span> <span class='ocrx_word' id='word_1_628' title='bbox 1713 2545 1813 2584; x_wconf 85' lang='lat' dir='ltr'>quae</span> <span class='ocrx_word' id='word_1_629' title='bbox 1832 2532 1885 2569; x_wconf 93' lang='lat' dir='ltr'>in-</span> 
     </span>
     <span class='ocr_line' id='line_1_66' title="bbox 1009 2588 1886 2651; baseline -0.015 -13"><span class='ocrx_word' id='word_1_630' title='bbox 1009 2599 1059 2638; x_wconf 83' lang='lat' dir='ltr'>de</span> <span class='ocrx_word' id='word_1_631' title='bbox 1084 2598 1302 2651; x_wconf 81' lang='lat' dir='ltr'>adspersae</span> <span class='ocrx_word' id='word_1_632' title='bbox 1326 2598 1428 2640; x_wconf 77' lang='lat' dir='ltr'>sunt,</span> <span class='ocrx_word' id='word_1_633' title='bbox 1461 2594 1606 2634; x_wconf 75' lang='lat' dir='ltr'>elcwz&#39;es</span> <span class='ocrx_word' id='word_1_634' title='bbox 1630 2605 1721 2629; x_wconf 88' lang='lat' dir='ltr'>vero</span> <span class='ocrx_word' id='word_1_635' title='bbox 1748 2592 1809 2627; x_wconf 89' lang='lat' dir='ltr'>est</span> <span class='ocrx_word' id='word_1_636' title='bbox 1833 2588 1886 2626; x_wconf 90' lang='lat' dir='ltr'>in-</span> 
     </span>
     <span class='ocr_line' id='line_1_67' title="bbox 1009 2642 1888 2701; baseline -0.015 -6"><span class='ocrx_word' id='word_1_637' title='bbox 1009 2655 1167 2695; x_wconf 87' lang='lat' dir='ltr'>undatio</span> <span class='ocrx_word' id='word_1_638' title='bbox 1185 2654 1248 2692; x_wconf 90' lang='lat' dir='ltr'>vel</span> <span class='ocrx_word' id='word_1_639' title='bbox 1276 2653 1414 2692; x_wconf 78' lang='lat' dir='ltr'>effusio</span> <span class='ocrx_word' id='word_1_640' title='bbox 1441 2663 1578 2701; x_wconf 79' lang='lat' dir='ltr'>aquae.</span> <span class='ocrx_word' id='word_1_641' title='bbox 1617 2648 1663 2687; x_wconf 83' lang='lat' dir='ltr'>cf.</span> <span class='ocrx_word' id='word_1_642' title='bbox 1692 2646 1810 2685; x_wconf 89' lang='lat' dir='ltr'><strong>Gron.</strong></span> <span class='ocrx_word' id='word_1_643' title='bbox 1837 2642 1888 2683; x_wconf 86' lang='lat' dir='ltr'>ad</span> 
     </span>
     <span class='ocr_line' id='line_1_68' title="bbox 1009 2701 1886 2761; baseline -0.014 -10"><span class='ocrx_word' id='word_1_644' title='bbox 1009 2711 1095 2751; x_wconf 87' lang='lat' dir='ltr'><strong>Liv.</strong></span> <span class='ocrx_word' id='word_1_645' title='bbox 1117 2711 1143 2750; x_wconf 93' lang='lat' dir='ltr'>I.</span> <span class='ocrx_word' id='word_1_646' title='bbox 1171 2715 1208 2752; x_wconf 87' lang='grc'>4.</span> <span class='ocrx_word' id='word_1_647' title='bbox 1228 2709 1347 2761; x_wconf 78' lang='lat' dir='ltr'><strong>Apul.</strong></span> <span class='ocrx_word' id='word_1_648' title='bbox 1368 2708 1464 2747; x_wconf 80' lang='lat' dir='ltr'><strong>Met.</strong></span> <span class='ocrx_word' id='word_1_649' title='bbox 1480 2706 1530 2745; x_wconf 91' lang='lat' dir='ltr'>V.</span> <span class='ocrx_word' id='word_1_650' title='bbox 1551 2720 1589 2758; x_wconf 91' lang='lat' dir='ltr'>p.</span> <span class='ocrx_word' id='word_1_651' title='bbox 1605 2708 1700 2745; x_wconf 75' lang='lat'><strong>37⁷2.</strong></span> <span class='ocrx_word' id='word_1_652' title='bbox 1721 2701 1826 2740; x_wconf 87' lang='lat' dir='ltr'><strong>VIII.</strong></span> <span class='ocrx_word' id='word_1_653' title='bbox 1847 2715 1886 2753; x_wconf 90' lang='lat' dir='ltr'>p.</span> 
     </span>
     <span class='ocr_line' id='line_1_69' title="bbox 1012 2759 1892 2810; baseline -0.016 0"><span class='ocrx_word' id='word_1_654' title='bbox 1012 2772 1107 2810; x_wconf 81' lang='lat'><strong>526.</strong></span> <span class='ocrx_word' id='word_1_655' title='bbox 1143 2766 1198 2807; x_wconf 88' lang='lat' dir='ltr'>Ut</span> <span class='ocrx_word' id='word_1_656' title='bbox 1227 2769 1358 2805; x_wconf 86' lang='lat' dir='ltr'>nostro</span> <span class='ocrx_word' id='word_1_657' title='bbox 1390 2764 1478 2803; x_wconf 85' lang='lat' dir='ltr'>loco</span> <span class='ocrx_word' id='word_1_658' title='bbox 1503 2762 1687 2802; x_wconf 79' lang='lat' dir='ltr'>sordium</span> <span class='ocrx_word' id='word_1_659' title='bbox 1711 2759 1892 2799; x_wconf 66' lang='lat' dir='ltr'>illut-fem</span> 
     </span>
     <span class='ocr_line' id='line_1_70' title="bbox 1011 2815 1889 2874; baseline -0.015 -9"><span class='ocrx_word' id='word_1_660' title='bbox 1011 2826 1065 2865; x_wconf 78' lang='lat' dir='ltr'>ita</span> <span class='ocrx_word' id='word_1_661' title='bbox 1089 2824 1192 2864; x_wconf 89' lang='lat' dir='ltr'><strong>Gell.</strong></span> <span class='ocrx_word' id='word_1_662' title='bbox 1217 2823 1264 2862; x_wconf 91' lang='lat' dir='ltr'>II.</span> <span class='ocrx_word' id='word_1_663' title='bbox 1293 2827 1329 2864; x_wconf 93' lang='lat'>6.</span> <span class='ocrx_word' id='word_1_664' title='bbox 1361 2819 1567 2874; x_wconf 76' lang='lat' dir='ltr'>squaloris</span> <span class='ocrx_word' id='word_1_665' title='bbox 1597 2818 1692 2856; x_wconf 83' lang='lat' dir='ltr'>dixit</span> <span class='ocrx_word' id='word_1_666' title='bbox 1721 2815 1889 2855; x_wconf 76' lang='lat' dir='ltr'>illuvies.</span> 
     </span>
    </p>

    <p class='ocr_par' dir='ltr' id='par_1_18' title="bbox 1013 2871 1894 3048">
     <span class='ocr_line' id='line_1_71' title="bbox 1071 2871 1894 2928; baseline -0.017 -6"><span class='ocrx_word' id='word_1_667' title='bbox 1071 2885 1214 2922; x_wconf 78' lang='lat' dir='ltr'>curato</span> <span class='ocrx_word' id='word_1_668' title='bbox 1252 2881 1274 2918; x_wconf 93' lang='lat' dir='ltr'>i.</span> <span class='ocrx_word' id='word_1_669' title='bbox 1313 2893 1345 2916; x_wconf 89' lang='lat' dir='ltr'>e.</span> <span class='ocrx_word' id='word_1_670' title='bbox 1384 2880 1595 2928; x_wconf 76' lang='lat' dir='ltr'>postquam</span> <span class='ocrx_word' id='word_1_671' title='bbox 1628 2873 1728 2912; x_wconf 83' lang='lat' dir='ltr'>haec</span> <span class='ocrx_word' id='word_1_672' title='bbox 1765 2871 1894 2911; x_wconf 86' lang='lat' dir='ltr'>omnia</span> 
     </span>
     <span class='ocr_line' id='line_1_72' title="bbox 1013 2932 1893 2985; baseline -0.015 -6"><span class='ocrx_word' id='word_1_673' title='bbox 1013 2940 1116 2978; x_wconf 89' lang='lat' dir='ltr'>bene</span> <span class='ocrx_word' id='word_1_674' title='bbox 1129 2940 1260 2977; x_wconf 84' lang='lat' dir='ltr'>curata</span> <span class='ocrx_word' id='word_1_675' title='bbox 1273 2938 1421 2979; x_wconf 86' lang='lat' dir='ltr'>essent,</span> <span class='ocrx_word' id='word_1_676' title='bbox 1439 2937 1481 2972; x_wconf 88' lang='lat' dir='ltr'>ut</span> <span class='ocrx_word' id='word_1_677' title='bbox 1496 2932 1678 2985; x_wconf 67' lang='lat' dir='ltr'>coquito,</span> <span class='ocrx_word' id='word_1_678' title='bbox 1689 2932 1893 2983; x_wconf 77' lang='lat' dir='ltr'>percepto</span> 
     </span>
     <span class='ocr_line' id='line_1_73' title="bbox 1016 2986 1894 3048; baseline -0.016 -12"><span class='ocrx_word' id='word_1_679' title='bbox 1016 2995 1065 3035; x_wconf 78' lang='lat' dir='ltr'>cf.</span> <span class='ocrx_word' id='word_1_680' title='bbox 1089 3009 1128 3048; x_wconf 91' lang='lat' dir='ltr'>p.</span> <span class='ocrx_word' id='word_1_681' title='bbox 1154 2998 1219 3035; x_wconf 91' lang='lat'>30.</span> <span class='ocrx_word' id='word_1_682' title='bbox 1250 2991 1416 3031; x_wconf 88' lang='lat' dir='ltr'>Temere</span> <span class='ocrx_word' id='word_1_683' title='bbox 1443 2991 1544 3028; x_wconf 86' lang='lat' dir='ltr'>enim</span> <span class='ocrx_word' id='word_1_684' title='bbox 1568 2988 1775 3027; x_wconf 83' lang='lat' dir='ltr'>lectionem</span> <span class='ocrx_word' id='word_1_685' title='bbox 1800 2986 1894 3037; x_wconf 82' lang='lat' dir='ltr'>optt.</span> 
     </span>
    </p>
   </div>
   <div class='ocr_carea' id='block_1_14' title="bbox 139 3046 1534 3117">
    <p class='ocr_par' dir='ltr' id='par_1_19' title="bbox 139 3046 1534 3117">
     <span class='ocr_line' id='line_1_74' title="bbox 139 3046 1534 3117; baseline -0.013 -15"><span class='ocrx_word' id='word_1_686' title='bbox 139 3063 254 3117; x_wconf 81' lang='lat' dir='ltr'>effeci</span> <span class='ocrx_word' id='word_1_687' title='bbox 267 3066 473 3114; x_wconf 80' lang='lat' dir='ltr'>sequatur.</span> <span class='ocrx_word' id='word_1_688' title='bbox 490 3058 738 3112; x_wconf 83' lang='lat' dir='ltr'>[Elegantius</span> <span class='ocrx_word' id='word_1_689' title='bbox 754 3057 898 3095; x_wconf 80' lang='lat' dir='ltr'>abesse</span> <span class='ocrx_word' id='word_1_690' title='bbox 913 3058 960 3094; x_wconf 84' lang='lat' dir='ltr'>ut</span> <span class='ocrx_word' id='word_1_691' title='bbox 1018 3052 1131 3092; x_wconf 87' lang='lat' dir='ltr'><strong>codd.</strong></span> <span class='ocrx_word' id='word_1_692' title='bbox 1157 3052 1392 3090; x_wconf 84' lang='lat' dir='ltr'>commutare</span> <span class='ocrx_word' id='word_1_693' title='bbox 1417 3046 1534 3085; x_wconf 90' lang='lat' dir='ltr'>nolui.</span> 
     </span>
    </p>
   </div>
   <div class='ocr_carea' id='block_1_15' title="bbox 81 3112 958 3172">
    <p class='ocr_par' dir='ltr' id='par_1_20' title="bbox 81 3112 958 3172">
     <span class='ocr_line' id='line_1_75' title="bbox 81 3112 958 3172; baseline -0.011 -13"><span class='ocrx_word' id='word_1_694' title='bbox 81 3119 307 3172; x_wconf 83' lang='lat' dir='ltr'>particulam</span> <span class='ocrx_word' id='word_1_695' title='bbox 321 3121 412 3170; x_wconf 84' lang='lat' dir='ltr'>post</span> <span class='ocrx_word' id='word_1_696' title='bbox 428 3117 587 3155; x_wconf 79' lang='lat' dir='ltr'>verbum</span> <span class='ocrx_word' id='word_1_697' title='bbox 601 3112 958 3167; x_wconf 48' lang='lat' dir='ltr'>efficerapluribus</span> 
     </span>
    </p>
   </div>
   <div class='ocr_carea' id='block_1_16' title="bbox 1072 3096 1898 3161">
    <p class='ocr_par' dir='ltr' id='par_1_21' title="bbox 1072 3096 1898 3161">
     <span class='ocr_line' id='line_1_76' title="bbox 1072 3096 1898 3161; baseline -0.013 -14"><span class='ocrx_word' id='word_1_698' title='bbox 1072 3108 1230 3161; x_wconf 77' lang='lat' dir='ltr'>poculo</span> <span class='ocrx_word' id='word_1_699' title='bbox 1264 3106 1422 3159; x_wconf 68' lang='lat' dir='ltr'>mitiyo.</span> <span class='ocrx_word' id='word_1_700' title='bbox 1473 3102 1586 3155; x_wconf 77' lang='lat' dir='ltr'>[Non</span> <span class='ocrx_word' id='word_1_701' title='bbox 1630 3100 1762 3154; x_wconf 83' lang='lat' dir='ltr'>placet</span> <span class='ocrx_word' id='word_1_702' title='bbox 1800 3096 1898 3137; x_wconf 85' lang='lat' dir='ltr'>illud</span> 
     </span>
    </p>
   </div>
   <div class='ocr_carea' id='block_1_17' title="bbox 1611 3157 1636 3200">
    <p class='ocr_par' dir='ltr' id='par_1_22' title="bbox 1611 3157 1636 3200">
     <span class='ocr_line' id='line_1_77' title="bbox 1611 3157 1636 3200; baseline 0 0"><span class='ocrx_word' id='word_1_703' title='bbox 1611 3157 1636 3200; x_wconf 88' lang='grc'><strong>3</strong></span> 
     </span>
    </p>
   </div>
  </div>
 </body>
</html>
