2221 3667
280 145 363 189 286
539 146 584 185 L.
616 146 834 187 APULEll
865 143 1264 186 MADAURENSIS
1295 123 1835 189 METAMORPHOSEON

280 259 328 298 ad
361 265 610 312 conspectum
637 260 731 301 deae
756 259 928 301 Veneris
961 256 1215 309 navigabant.
1279 256 1404 305 Sacra
1435 255 1896 308 diaepraeterz'untur,
1931 253 2073 308 templa

281 315 573 366 deformantur,
611 316 828 370 pulvinaria
854 319 1159 370 per-teruntur,
1189 311 1435 352 ceremoniae
1462 311 1738 365 negliguntur,
1765 311 1997 352 incoronata
2022 310 2074 350 si-

283 371 457 411 mulacra
483 379 522 412 et
545 386 638 413 arae
663 373 804 413 viduae
832 372 972 424 frigido
999 369 1130 409 cinere
1158 368 1351 407 foedatae.
1403 366 1565 407 Puellae
1591 366 1853 422 suppliealtur
1877 375 1916 407 et
1939 367 1979 406 in
2004 367 2074 406 hu-

159 426 256 481 [155]
284 428 409 468 manis
437 426 444 481 Ι
469 428 642 470 vultibus
673 431 767 469 deae
794 435 925 468 tantae
952 424 1112 465 numina
1136 424 1361 478 placantur,
1398 430 1436 464 et
1466 424 1505 463 in
1537 426 1726 463 matutino
1757 437 1971 477 progressu
1994 423 2075 463 vir-

191 471 256 505 303
284 484 386 538 ginis
418 484 588 526 victimis
621 493 659 526 et
689 485 811 540 epulis
841 482 1010 523 Veneris
1041 480 1215 521 absentis
1247 494 1389 521 numen
1415 479 1664 535 propitiatur.
1717 478 1877 534 Iamque
1902 493 1971 534 per
1996 479 2076 533 pla-

282 612 486 651 z-agz'tabane
505 622 561 648 pro
581 611 789 649 navigabant
808 613 842 640 B.
869 605 1024 649 (modius
1044 610 1076 638 in
1096 610 1242 645 margine
1258 612 1338 638 haec
1351 610 1537 638 adnotavit:
1563 610 1647 644 quod
1660 609 1741 638 forte
1755 612 1802 637 est
1817 615 1838 637 a
1851 615 1988 645 vagare.
2013 607 2077 635 Sed

282 659 369 688 edita
382 659 477 688 lectio
496 667 559 687 non
580 662 626 687 est
647 654 882 691 sollicitanda).
930 653 1055 691 de'epro
1070 653 1151 682 deae
1164 655 1200 683 F.
1220 657 1251 684 3.
1273 656 1310 683 G.
1326 656 1354 683 1.
1370 656 1399 684 2.
1421 656 1458 683 D.
1474 656 1510 684 P.
1525 656 1559 684 Ο.
1574 662 1594 684 a
1613 662 1653 683 m.
1674 663 1702 689 p.
1724 654 1823 683 ceteri
1843 654 1912 682 edd.
1933 656 1962 682 et
1987 652 2077 681 codd.

282 702 374 731 deae.
422 703 452 733 d.
463 703 714 743 praeferuntur
726 703 761 730 F.
777 703 807 730 3.
823 703 858 729 G.
873 703 903 729 2.
917 701 955 729 Ι).
969 702 1007 729 R.
1023 701 1043 729 f.
1057 701 1091 729 Ο.
1106 708 1136 735 p.
1150 696 1179 729 δ.
1201 697 1442 736 prefferuntur
1456 702 1492 729 G.
1509 702 1537 729 1.
1565 698 1796 739 proferuntur
1809 700 1845 728 B.
1875 697 2080 738 deferuntur

282 750 319 778 F.
334 751 363 778 1.
378 750 455 779 Bas.
470 751 500 777 2.
515 750 604 777 Colv.
620 752 648 776 et
663 749 758 776 Vulc.
807 745 1046 785 reformantur
1065 747 1101 774 G.
1120 747 1146 774 1.
1160 747 1192 774 2.
1214 747 1249 774 Ρ.
1264 747 1302 774 D.
1347 744 1476 782 pulvim.
1492 744 1722 784 perferuntur
1739 746 1776 774 F.
1790 745 1821 773 3.
1843 746 1879 773 G.
1900 745 1929 772 1.
1944 745 1975 773 2.
1995 744 2034 772 1).
2055 741 2078 770 f.

282 792 312 823 δ.
327 803 355 829 ρ.
382 793 582 822 deseruntur
597 794 630 821 F.
648 795 675 820 1.
691 793 765 820 ΑΜ.
785 793 867 820 lunt.
881 793 911 820 2.
925 792 1021 820 Vulc.
1048 791 1152 819 Ceteri
1172 792 1251 819 codd
1282 794 1311 819 et
1325 792 1395 819 edd.
1416 790 1820 829 praebentproferuneur.
1867 787 1933 816 v'die
1953 797 2008 824 pro
2030 788 2079 816 υἰ-

282 838 368 867 duae
382 841 416 868 0.
431 847 450 868 a
464 848 502 867 nl.
518 847 545 873 p.
594 835 829 873 supplic-antur
844 837 864 866 s.
911 834 1103 864 inhumanis
1117 837 1231 865 Venet.
1247 838 1276 864 ·2.
1290 838 1373 864 lunt.
1393 837 1417 864 l.
1433 837 1507 865 Ald.
1532 834 1741 871 inhumanos,
1769 833 1914 862 vultibus
1928 835 1976 863 ed.
1991 842 2036 868 pr.
2050 837 2081 862 et

283 887 364 913 [unt.
384 887 414 914 2.
453 883 594 911 vultibus
614 884 710 911 Orell.
731 882 840 915 edidit.
890 884 992 909 tanta
1011 891 1041 911 n.
1055 883 1092 910 R.
1146 882 1330 909 multatim}
1351 884 1386 910 G.
1401 883 1431 909 2.
1459 881 1646 909 mactueino
1659 882 1698 909 D.
1746 879 1897 908 absentio
1910 881 1950 908 D.
1964 887 2036 908 am.
2051 887 2080 914 p.

281 938 400 958 numen
414 931 449 959 F.
466 931 494 957 1.
508 930 537 957 3.
564 928 670 958 Ceteri
682 928 771 956 codd.
786 928 855 956 edd.
870 931 946 957 vett.
960 935 1070 956 omnes
1083 929 1202 956 habent
1214 934 1342 955 nomen.

283 1038 475 1078 cumOud.
485 1038 646 1077 restitui.
675 1037 743 1090 [Et
756 1036 1045 1076 videnturlatini
1059 1051 1150 1089 poe-

281 1101 345 1134 tae
371 1096 511 1146 ubique
537 1108 716 1145 graecam
743 1093 903 1133 formam
924 1095 959 1132 in
985 1094 1048 1132 his
1069 1108 1151 1132 voc.

281 1153 500 1191 retinuisse.
517 1151 564 1190 cf.
575 1151 710 1190 Heins.
720 1151 769 1189 ad
779 1150 893 1190 Ovid.
904 1150 1150 1192 Met.X.297.

286 1210 451 1250 Gnidon
473 1209 577 1260 quod
598 1209 632 1246 in
649 1207 842 1247 nonnullis
859 1207 946 1245 edd.
962 1208 1151 1253 scribitur,

280 1279 484 1318 perperam
510 1265 688 1317 praetulit
713 1264 833 1303 Bach.
860 1265 907 1302 ad
925 1264 1150 1303 Ovid.Met.

280 1321 331 1361 X.
358 1326 450 1363 531.
482 1322 529 1361 cs.
557 1321 640 1360 Fea
664 1321 715 1361 ad
739 1321 870 1360 Horat.
897 1321 973 1360 Od.
1000 1320 1063 1360 Ill.
1091 1324 1157 1361 28.

284 1383 345 1419 13.
385 1379 448 1417 De
486 1379 658 1417 locorum
694 1378 882 1429 religione
921 1377 969 1416 cf.
994 1376 1081 1417 lntt.
1106 1378 1156 1415 ad

281 1435 395 1474 Ovid.
427 1435 524 1474 Met.
556 1434 607 1474 X.
641 1439 732 1475 531.
766 1434 902 1473 Heius.
934 1434 1102 1473 Advers.
1128 1433 1154 1472 l.

285 1497 320 1533 1.
346 1507 383 1545 p.
411 1496 447 1533 3.
473 1492 622 1531 Meurs.
651 1491 765 1543 Cypr.
792 1491 818 1529 1.
850 1496 911 1532 15.
938 1505 974 1543 p.
1003 1491 1090 1543 46.]

340 1573 606 1625 ηαυίρτιὸαηί.
627 1569 1155 1610 cf.Plin.Hist.N.XXXVI.

285 1633 320 1670 5.
348 1634 386 1669 4.
431 1629 561 1669 Venas
599 1642 719 1681 quam.
748 1632 794 1667 ut
823 1628 1007 1667 viderent
1038 1627 1155 1666 multi

282 1687 534 1738 παυίῃανιιηί
553 1686 728 1725 Cnidon.
754 1684 882 1723 Nemo
908 1697 993 1722 cum
1015 1682 1154 1734 plurali

283 1742 405 1793 iungi,
444 1743 549 1794 quod
580 1741 786 1779 Bentleius
823 1741 896 1779 dici
934 1742 1155 1791 negaverat,

284 1798 385 1837 Oud.
408 1799 573 1838 illustrat
593 1798 786 1849 exemplis
808 1796 924 1835 Caes.
946 1797 995 1835 de
1008 1796 1054 1834 B.
1071 1795 1112 1834 C.
1129 1794 1155 1834 Ι.

285 1860 429 1905 66.79.
456 1856 560 1894 Yell.
587 1854 611 1894 Ι.
643 1860 704 1896 16.

340 1949 461 1975 sacra
488 1935 592 1974 diae.
621 1933 697 1987 [lta
721 1948 771 1973 ex
796 1935 952 1987 optimis
972 1933 1085 1972 codd.
1100 1946 1156 1970 re-

285 1994 388 2043 cepi,
421 2005 536 2043 quum
566 1992 661 2030 inira
691 1991 743 2030 sit
768 1992 943 2030 codicum
968 1990 1004 2028 in
1032 2003 1080 2028 ea
1105 1989 1157 2026 le·

284 2051 409 2088 ctione
435 2049 661 2087 constantia.
711 2047 768 2086 lta
793 2048 896 2099 apud
916 2046 1023 2086 Grut.
1040 2050 1106 2091 86,
1121 2050 1156 2085 4.

285 2106 425 2157 legitur
438 2107 533 2145 diae
548 2106 713 2151 Suriae,
740 2119 840 2156 quae
866 2104 1006 2143 eadem
1020 2104 1157 2141 Venus

285 2164 435 2202 videtur
460 2176 572 2208 esse,
599 2161 680 2207 vel,
706 2164 740 2201 si
765 2162 839 2200 hoc
863 2176 937 2200 non
965 2161 1158 2212 probatur,

285 2220 374 2271 lege
407 2221 496 2267 dia,
529 2219 634 2270 quod
665 2223 793 2258 tamen
826 2220 952 2257 minus
986 2231 1159 2269 compro-

284 2278 413 2323 batur.
441 2278 622 2327 quoniam
643 2280 888 2327 opponuntur
907 2275 980 2313 sibi
995 2275 1070 2312 dea
1084 2273 1160 2311 Ve-

286 2347 358 2372 nus
379 2338 418 2372 et
436 2333 586 2385 puella.
612 2333 673 2370 vel
702 2334 781 2379 dei,
807 2332 910 2383 quod
930 2332 1091 2383 saepius
1111 2330 1161 2368 de

285 2391 442 2429 Venere
473 2391 608 2429 dicitur
646 2389 693 2428 cf.
714 2390 823 2440 Virg.
857 2390 958 2427 Aen.
988 2387 1034 2426 ll.
1067 2391 1162 2428 632.

286 2448 416 2499 ibique
449 2447 558 2486 Serv.
587 2447 817 2485 Accuratius
848 2459 961 2496 again
988 2445 1037 2483 de
1064 2445 1162 2483 deus

287 2518 355 2556 pro
383 2505 461 2543 dea
487 2505 523 2542 in
548 2503 714 2542 Excurs.
738 2503 785 2541 ad
814 2502 909 2541 Met.
924 2500 975 2541 X.
998 2516 1032 2553 p.
1049 2501 1160 2553 574]

340 2574 660 2624 praeteriuntur.
724 2570 872 2623 [Aliter
914 2569 1042 2607 locum
1085 2583 1163 2608 cor-

288 2630 412 2680 rigere
467 2644 541 2667 non
597 2628 730 2679 potui,
781 2629 843 2677 qui
892 2627 941 2665 ab
986 2627 1163 2664 omnibus

290 2686 372 2724 sere
401 2686 672 2737 interpretibus
704 2684 914 2723 derelictus
944 2687 1017 2722 est.
1061 2682 1163 2721 Oud.

290 2746 391 2781 enim
423 2744 643 2781 coniectura
669 2744 946 2794 proferuntur
971 2742 1055 2778 sive
1081 2740 1163 2792 clif-

288 2802 492 2851 feruntur,
541 2814 610 2852 pro
655 2800 933 2838 erastinantur
968 2796 1058 2835 ideo
1095 2796 1165 2833 im-

291 2855 504 2907 probabilis
531 2861 610 2902 est,
637 2856 727 2907 quia
740 2869 813 2893 non
829 2853 1064 2900 differuntur,
1091 2852 1165 2891 sed

292 2913 408 2964 plane
438 2914 682 2965 negliguntur
713 2916 753 2950 et
781 2912 888 2963 parvi
914 2910 1166 2948 aestimantur

292 2969 460 3008 Veneris
484 2970 683 3008 sacrificia.
735 2969 971 3008 Praeterire
983 2966 1057 3005 hac
1072 2967 1107 3004 in
1122 2980 1163 3004 re

293 3026 486 3077 proprium
502 3040 594 3064 esse
609 3026 849 3064 demonstrat
862 3024 993 3063 Burni.
1007 3023 1057 3061 ad
1070 3022 1163 3061 Pro-

294 3087 389 3133 pert.
416 3082 459 3119 ll.
487 3088 522 3123 ἴ).
550 3088 613 3123 28.
647 3078 1161 3121 cf.0vi‹l.itlet.V111.278.

295 3139 401 3178 solus
426 3141 510 3177 sine
535 3140 649 3179 llam-e
679 3140 855 3178 relictas.
904 3138 1164 3176 Praeterilac

1212 1051 1382 1077 cessasse
1403 1039 1548 1089 ferunt
1561 1036 1768 1076 Letoidos
1782 1050 1889 1082 aras,
1914 1035 1979 1073 ubi
1992 1034 2081 1073 vide

1210 1093 1352 1146 Bach]

1267 1150 1418 1202 templa
1457 1151 1754 1203 deformantur.

1810 1149 2082 1201 [Deformare

1209 1207 1273 1245 hic
1293 1207 1342 1245 de
1362 1208 1436 1246 situ
1451 1211 1488 1244 et
1501 1207 1683 1245 sordibus
1704 1206 1978 1251 intellexerim,
2004 1206 2083 1255 qui-

1211 1264 1285 1302 bus
1302 1263 1392 1301 fana
1405 1264 1571 1302 Veneris
1599 1263 1768 1302 obducta
1793 1266 1917 1308 erant,
1943 1265 1984 1300 ut
2003 1274 2083 1299 ara-

1215 1320 1298 1358 neis
1336 1324 1375 1358 et
1400 1320 1531 1358 herbis
1556 1319 1669 1358 malis
1705 1323 1943 1371 tegerentur,
1980 1316 2084 1369 quod

1214 1377 1317 1415 bene
1347 1377 1531 1415 describit
1566 1375 1682 1428 Prop.
1709 1376 1754 1415 ll.
1781 1381 1816 1417 5.
1844 1379 1895 1416 28
1921 1388 1980 1426 sq.
2018 1373 2082 1411 ubi

1215 1433 1263 1472 cs.
1285 1433 1367 1472 lntt.
1389 1434 1571 1472 Araneae
1596 1434 1697 1471 enim
1722 1432 1774 1471 ibi
1800 1432 1921 1471 sedes
1939 1431 2085 1470 habere

1214 1490 1360 1535 solent,
1403 1491 1467 1528 ubi
1511 1490 1597 1529 loca
1632 1489 1779 1528 inculta
1814 1492 2011 1527 vetustate
2047 1491 2084 1525 et

1215 1548 1399 1598 squalore
1426 1547 1539 1597 lapsa
1562 1547 1681 1599 sunt]

1267 1604 1507 1655 pulvinaria
1528 1608 1803 1655 pez-teruntur.
1837 1601 1970 1656 [Hanc
1997 1614 2084 1639 con-

1215 1661 1410 1704 iecturam,
1437 1673 1537 1710 quae
1563 1659 1748 1698 facillima
1772 1663 1834 1698 est
1852 1658 2085 1697 sententiae-

1216 1730 1292 1767 que
1307 1717 1451 1768 optime
1467 1718 1662 1762 convenit,
1689 1717 1724 1754 in
1745 1719 1893 1754 textum
1914 1715 2087 1766 recipere

1217 1787 1264 1811 eo
1278 1774 1404 1811 minus
1420 1773 1606 1819 dubitavi,
1623 1775 1711 1824 quia
1724 1772 1967 1818 vocabulum,
1984 1770 2088 1822 quod

1217 1831 1328 1868 unius
1361 1828 1564 1869 Columell.
1591 1829 1675 1868 XII.
1702 1834 1766 1870 38.
1799 1829 1829 1879 ᾗ.
1857 1833 1893 1869 7.
1925 1827 2087 1868 auctori-

1216 1891 1295 1925 tate
1340 1886 1598 1932 confirmatur,
1642 1902 1665 1926 a
1702 1886 1863 1925 librariis
1900 1883 2086 1936 perfacile

1216 1943 1351 1982 mutari
1385 1947 1544 1994 poterat.
1594 1943 1755 1996 Summa
1790 1955 1988 1981 sacrorum
2024 1953 2087 1979 ne-

1217 2000 1402 2051 gligentia
1417 2000 1491 2038 hoc
1500 2000 1717 2052 composito
1733 1999 1967 2050 exprimitur.
1983 1998 2088 2036 Pro-

1217 2062 1420 2100 fer-untur,
1447 2057 1552 2108 quod
1567 2056 1668 2095 Oud.
1683 2056 1866 2109 praefert,
1893 2055 1974 2093 fere
1988 2054 2087 2093 idem

1216 2114 1435 2166 significat]

1276 2172 1521 2210 incoronata
1557 2171 1791 2210 simulacra.
1841 2168 1948 2208 Colv.
1987 2181 2087 2207 com-

1219 2231 1328 2280 parat
1359 2227 1407 2265 (le
1439 2241 1565 2269 more.
1597 2226 1805 2266 simulacra
1835 2226 1994 2264 deorum
2027 2238 2089 2263 co-

1219 2285 1327 2323 rollis
1354 2284 1583 2322 revinciendi
1611 2283 1739 2330 Quint.
1754 2282 1867 2322 Dect.
1882 2279 2089 2321 CCCXXI.

1223 2356 1261 2394 p.
1277 2345 1368 2382 644.
1395 2341 1525 2379 Burm.
1550 2341 1855 2380 venenmninter
1869 2339 1974 2378 lares
1986 2351 2089 2382 suos,

1219 2401 1324 2437 inter
1347 2412 1467 2437 sacra
1492 2411 1665 2442 mensae,
1692 2397 1901 2436 coronalis
1929 2395 2091 2448 pariter

1223 2469 1323 2508 quos
1366 2454 1612 2499 colebamus,
1661 2454 1741 2492 «liis
1787 2451 2090 2492 v'nnnortalibns.

1222 2511 1338 2563 Apul.
1365 2510 1459 2549 Met.
1487 2509 1549 2549 111.
1575 2524 1610 2561 p.
1627 2514 1721 2551 226.
1746 2508 1874 2547 Plaut.
1899 2505 2090 2547 Aulutll.

1222 2573 1259 2609 8.
1289 2572 1351 2608 15.
1381 2572 1443 2609 16.
1471 2566 1659 2619 [Plurima
1683 2566 1865 2616 exempla
1889 2563 2091 2616 praebebit

1223 2625 1381 2665 adeunti
1395 2622 1531 2662 Ouzel.
1548 2624 1598 2662 ad
1611 2623 1755 2662 Minue.
1772 2621 1854 2660 Fel.
1869 2635 1905 2672 p.
1925 2625 1973 2661 15
1988 2634 2090 2671 sqq..

1225 2683 1288 2734 qui
1313 2696 1381 2734 pro
1408 2695 1513 2719 more
1540 2694 1612 2719 suo
1638 2680 1765 2719 omnia
1794 2678 1964 2729 undique
1990 2690 2090 2715 com-

1222 2738 1386 2791 piiavli]

1281 2809 1380 2835 arae
1406 2795 1550 2835 viduae
1575 2797 1662 2832 cett.
1691 2792 1757 2846 [cf.
1783 2790 1875 2830 val.
1901 2789 2093 2829 Flacc.11.

1225 2856 1289 2893 98.
1317 2853 1445 2892 laetus
1469 2851 1560 2890 adit
1585 2855 1729 2890 contra
1752 2849 1913 2888 Veneris
1925 2851 2005 2886 stat
2013 2847 2093 2899 fri-

1222 2910 1330 2962 yida
1355 2922 1510 2960 semper
1538 2906 1621 2946 Ara
1647 2907 1740 2946 Ioco
1770 2905 1835 2943 ubi
1882 2903 1931 2942 cf.
1962 2903 2091 2942 Burin.

1223 2970 1261 3004 et
1274 2965 1475 3004 Berthold.
1498 2964 1547 3002 (le
1565 2978 1633 3002 ara
1643 2961 1743 3000 Vlss.
1760 2962 1795 2999 in
1812 2961 1952 3000 Graev.
1968 2959 2090 2998 Thes.

1222 3023 1381 3073 Antiqq.
1409 3020 1455 3061 T.
1470 3020 1536 3060 Vl.
1562 3034 1597 3072 p.
1624 3023 1700 3060 351
1731 3018 1807 3070 sq]

1280 3093 1435 3118 numen.
1461 3078 1561 3115 Oud.
1579 3090 1627 3114 ex
1651 3077 1765 3127 longe
1785 3074 1959 3125 plurimis
1981 3073 2091 3112 codd.

1225 3150 1363 3175 nomen
1396 3134 1579 3179 restituit,
1611 3132 1727 3171 solita
1752 3132 1954 3182 utriusque
1980 3143 2091 3169 voca-
