2155 3590
653 168 833 210 LIBER
862 170 935 210 Vl.
996 168 1122 211 CAP.
1152 169 1225 210 IV.

1764 168 1845 212 405

59 284 252 327 litteratas
282 282 404 323 ramis
436 282 614 323 arborum
636 281 645 339 l
664 282 916 336 postibusque
947 283 1132 331 suffixas,
1165 296 1263 337 quae
1295 296 1382 322 cum
1416 281 1544 336 gratia
1575 281 1669 322 facti
1703 295 1846 322 nomen

59 339 190 390 Deae,
218 338 452 379 cuifuerant
466 339 613 389 dicata,
640 339 902 380 testabantur.
931 339 1045 381 Tune
1066 353 1169 394 genu
1189 339 1286 379 nixa
1311 345 1350 380 et
1372 338 1552 379 manibus
1578 351 1687 378 aram
1713 345 1846 392 tepen-

58 404 136 439 tem
160 395 360 450 amplexa,
389 395 554 436 detersis
580 403 670 436 ante
695 395 867 436 lacrimis
893 396 949 436 sic
975 403 1227 451 apprecatur:

617 545 1061 593 CAPUT

1177 544 1265 593 IV.

164 665 305 722 Magni
341 665 448 709 Iovis
487 680 675 721 germana
712 674 751 707 et
787 667 977 721 coniuga,
1018 667 1103 708 sive
1140 673 1182 707 tu
1218 663 1348 718 Sami,
1389 679 1487 721 quae
1521 665 1710 720 quaerula
1735 672 1848 720 partu

53 797 231 826 litteratas
250 796 356 824 ramis
376 795 556 824 arborum:
576 795 733 833 pestique
751 796 878 825 Vicent.
927 794 980 822 dei
997 795 1053 823 cui
1061 795 1215 835 fuerant
1232 793 1328 827 „Hm
1341 793 1459 823 dicata
1473 795 1507 823 0.
1522 801 1542 823 a
1554 802 1595 823 m.
1608 801 1639 828 p.
1678 793 1805 833 fuerat
1821 790 1851 822 d.

51 844 188 880 repente
201 840 362 878 amplexa
373 841 405 879 β.
419 844 463 870 Μ,
478 849 508 876 p.
534 843 699 878 repentem
715 840 736 869 f.
750 842 899 870 Beroald.
915 841 990 870 Bas.
1006 842 1035 870 1.
1083 839 1276 879 amplexam
1291 842 1325 871 0.
1339 842 1378 870 D.
1414 838 1617 877 amplexam
1628 847 1659 875 p.
1706 836 1850 867 detersis

50 891 132 916 ante
144 886 296 915 manibus
309 888 346 915 R.
356 887 378 916 f.

97 932 304 970 coniugaque
322 940 378 966 pro
397 933 432 958 et
449 931 592 968 confuga
611 932 646 961 G.
667 932 704 961 P.
722 932 760 960 D.
782 931 802 959 l'.
850 937 933 959 sano
948 933 982 960 O.
997 939 1015 959 a
1028 940 1068 961 m.
1082 939 1112 966 p.
1150 938 1238 964 sana
1250 939 1280 967 p.
1294 938 1349 966 pro
1364 928 1466 959 Sami.
1515 928 1574 968 qui
1585 936 1678 967 quer.
1691 930 1805 959 Vener.
1816 930 1849 958 2.

52 977 195 1017 querula
208 978 243 1006 F.
260 979 288 1006 1.
302 979 333 1005 3.
348 978 383 1005 G.
397 977 432 1005 P.
446 978 484 1005 D.
499 977 533 1005 Ο.
548 978 585 1006 R.
600 976 621 1004 f.
637 984 665 1011 p.
681 978 728 1005 ed.
744 984 790 1011 pr.
803 977 932 1006 Vicent.
956 978 993 1005 In
1012 978 1064 1005 his
1083 978 1231 1005 omnibus
1251 978 1339 1005 codd.
1362 984 1448 1013 quae
1461 983 1635 1010 pronomen
1648 977 1751 1013 abest,
1766 975 1850 1011 quod

50 1027 126 1054 ante
140 1021 295 1061 querulo,
320 1026 355 1050 ut
369 1026 441 1051 cett.
456 1022 545 1050 codd.
559 1026 590 1050 et
603 1022 673 1052 edd.
688 1024 804 1050 habent
815 1043 824 1059 ,
848 1023 975 1056 legitur.
1000 1024 1036 1051 In
1051 1023 1123 1051 edd.
1136 1030 1182 1057 pr.
1197 1026 1226 1051 et
1240 1022 1367 1061 Vicent.
1382 1026 1488 1050 tamen
1503 1028 1589 1058 quae
1602 1023 1701 1049 extat.

50 1134 274 1186 expositae,
299 1133 352 1170 ita
376 1145 531 1183 quoque
552 1133 587 1170 in
606 1133 722 1170 ramis
747 1133 923 1170 arborum
981 1132 1016 1169 in
1050 1130 1188 1169 Graev.
1220 1130 1342 1169 Thes.
1374 1131 1505 1182 Antiq.
1538 1128 1664 1170 T.V1.
1689 1142 1727 1180 p.
1754 1133 1850 1171 256.

50 1195 90 1230 et
112 1190 292 1241 postibus
310 1187 444 1239 templi
463 1187 618 1226 Iunonis
639 1188 824 1239 Sospitae
848 1187 923 1225 fixa
980 1187 1043 1226 De
1068 1200 1171 1237 genu
1193 1187 1360 1226 flexione
1386 1186 1434 1225 cs.
1450 1185 1562 1225 eund.
1583 1200 1613 1224 c.
1632 1190 1693 1226 15.
1715 1199 1751 1237 p.
1767 1190 1849 1227 317

51 1250 159 1286 erant
181 1247 427 1283 vestimenta.
479 1245 594 1284 Auro
625 1245 826 1283 litteratas
857 1243 920 1281 vel

51 1303 101 1342 ad
114 1304 222 1354 ipsas
235 1305 370 1340 vestes
384 1304 515 1352 potest
533 1301 682 1345 referri,
708 1313 809 1350 quae
829 1313 919 1338 auro

50 1363 158 1399 erant
179 1359 327 1410 pictae,
356 1356 422 1395 vel
447 1356 497 1395 ad
521 1356 696 1401 tabulas,
728 1369 829 1407 quae
854 1370 919 1408 ap-

49 1417 203 1470 positae
233 1418 273 1453 et
302 1414 437 1452 litteris
468 1414 595 1452 aureis
621 1413 831 1464 inscriptae
857 1426 917 1452 ca-

50 1472 259 1513 lamitatem
274 1470 514 1510 enarrabant.
542 1469 787 1520 Quamquam
802 1469 918 1508 alium

48 1528 176 1568 locum
189 1541 341 1580 nequeo
355 1527 535 1572 invenire,
551 1540 626 1579 quo
635 1525 769 1564 Iunoni
782 1530 919 1564 vestes

49 1585 250 1624 dedicatas
275 1584 401 1622 fuisse
425 1586 763 1630 commemoratur,
789 1587 917 1621 tamen

48 1641 124 1682 hoe
137 1655 210 1680 non
225 1641 396 1693 impedit,
422 1654 469 1678 ne
484 1640 599 1678 lectio
619 1639 917 1692 comprobetur.]

105 1700 230 1738 ramis
243 1697 446 1737 arborum.
473 1696 538 1749 [cf.
554 1697 604 1736 ad
619 1695 802 1735 Florid.1.
818 1710 854 1747 p.
865 1695 918 1747 4.]

101 1754 368 1809 postibusque
391 1755 578 1806 suffixus.
628 1752 696 1805 [cf.
728 1753 778 1791 de
801 1765 921 1798 more,

48 1811 273 1851 anthemata
306 1811 543 1861 praeceteris
579 1809 709 1861 spolia
751 1809 921 1847 hostium

49 1869 87 1908 in
106 1867 254 1906 toribus
273 1870 312 1905 et
329 1866 495 1918 fastigiis
514 1866 744 1919 templorum
758 1878 922 1916 suspen·

49 1922 169 1964 dendi
191 1922 277 1962 lntt.
302 1923 353 1962 ad
377 1921 520 1963 Tibull.
539 1922 565 1961 1.
595 1928 628 1963 1.
655 1926 720 1963 54.
744 1921 922 1973 Propert.

49 1980 114 2020 ΠΙ.
129 1985 165 2021 7.
180 1983 245 2020 26.
260 1979 439 2030 Sagittar.
453 1979 504 2017 de
516 1981 640 2018 ianuis
654 1983 744 2017 vett.
760 1992 790 2017 c.
807 1981 871 2018 29.
886 1978 922 2016 in

52 2034 574 2086 Graev.'l'hes.Antiq.T.Vl.
585 2033 921 2085 p.509.Tomasin.

51 2093 103 2132 de
114 2093 245 2132 donar.
261 2095 350 2130 vett.
365 2105 397 2130 c.
414 2095 451 2132 6.
464 2091 556 2130 ibid.
572 2090 711 2130 T.X11.
725 2105 762 2143 p.
779 2090 890 2142 780.]

106 2150 252 2204 qratia
272 2149 393 2201 facti.
443 2149 613 2187 Factum
636 2146 701 2186 hic
729 2147 923 2198 significat

51 2200 197 2259 εὔχαρις
225 2203 492 2250 benefactum,
522 2204 751 2254 praestitum
780 2202 921 2241 benefi-

52 2262 154 2302 cium
179 2265 218 2300 et
235 2264 366 2300 votum
384 2261 628 2312 impetratum
641 2272 665 2298 a
676 2259 750 2298 dea
762 2258 917 2298 Iunone.

106 2332 217 2372 yenu
236 2318 354 2363 nixa,
373 2317 557 2356 manibus
582 2330 698 2355 aram
726 2321 922 2368 tepentem

53 2373 259 2428 amplexa.
306 2373 373 2412 Ad
391 2385 497 2411 aram
517 2372 726 2423 confugere
740 2372 923 2411 solebant

53 2431 256 2484 supplices
270 2433 310 2468 et
322 2442 464 2468 noxam
483 2429 677 2480 promeriti
703 2428 749 2468 cf.
764 2427 922 2467 Lucian.

53 2489 104 2528 de
113 2485 403 2537 love'l'ragoed.
413 2499 445 2525 c.
454 2489 558 2536 52.p.
570 2489 661 2526 700.
677 2480 707 2524 ὦ
716 2481 924 2535 Τιμόκλεις,

52 2541 102 2586 σὺ
125 2541 196 2597 γὰρ
216 2538 345 2595 ὥσπερ
363 2545 399 2582 οἱ
416 2538 491 2581 ὑπό
510 2556 618 2581 τινων
635 2539 847 2594 βιαζόμενοι
866 2542 927 2579 ἐπὶ

51 2596 139 2648 τοὺς
151 2598 298 2653 βωμοὺς
312 2597 395 2650 ἡμῖν
414 2601 712 2649 καταπέφευγας.
737 2598 923 2637 Ambros.

53 2656 103 2698 ad
111 2655 289 2696 Marcell.
299 2654 422 2706 Epist.
433 2659 497 2696 33.
512 2655 602 2694 Nee
615 2654 767 2694 altaria
782 2653 923 2693 tenebo

54 2726 156 2765 quos
170 2713 313 2751 excitat
325 2710 425 2751 Elm.
451 2709 923 2764 [cf.Plut.Qnaest.Rom.

57 2772 95 2811 2.
122 2773 184 2810 10.
198 2772 238 2807 et
255 2772 317 2810 13.
341 2767 518 2806 Macrob.
533 2769 687 2806 Saturn.
702 2766 728 2804 I.
744 2771 782 2807 8.
807 2765 870 2804 Ill.
887 2769 923 2806 6.

56 2823 142 2864 [ott.
172 2824 222 2864 ad
250 2824 380 2864 Iuven.
406 2822 515 2862 XIV.
543 2827 636 2864 219.
667 2822 738 2861 Sil.
769 2821 831 2861 Ill.
859 2826 924 2862 82.

57 2877 226 2920 Broukh.
251 2880 301 2920 ad
323 2879 440 2933 Prop.
454 2879 515 2919 111.
545 2883 607 2920 19.
635 2884 697 2920 15.
722 2877 924 2918 Heindorf.

59 2935 111 2974 ad
131 2934 233 2975 Plat.
255 2935 458 2988 Protagor.
485 2950 522 2988 p.
539 2940 634 2977 531.
659 2935 848 2974 Schmidt.
875 2935 926 2974 ad

59 2989 193 3031 Horat.
216 2991 340 3044 Epist.
359 2993 403 3032 11.
428 2997 542 3034 1.16.
567 2991 714 3031 Fusius
738 3005 786 3030 ea
810 2991 861 3029 de
884 3004 927 3029 re

59 3051 180 3099 agunt
201 3047 358 3090 Brouer.
383 3050 434 3088 de
458 3053 548 3089 vett.
574 3053 613 3087 et
635 3051 767 3087 recett.
793 3047 928 3086 adora-

61 3103 227 3143 tionibus
251 3104 288 3143 in
311 3104 450 3145 Polen.
478 3104 616 3157 Suppl.
643 3104 765 3144 Thes.
792 3104 926 3154 Antiq.

60 3158 109 3200 T.
121 3157 169 3199 11.
190 3173 228 3213 p.
243 3165 361 3203 1012.
385 3167 427 3203 et
447 3160 651 3203 Berthald.
676 3161 727 3200 de
751 3173 819 3200 ara
843 3175 875 3199 c.
894 3165 927 3202 1.

979 1257 1039 1294 sq.
1064 1242 1192 1282 Plaut.
1207 1243 1376 1282 Rudent.
1390 1243 1438 1280 V.
1454 1246 1490 1283 2.
1505 1242 1589 1294 46.]
1622 1244 1848 1293 Tepentem,

978 1299 1170 1350 frequenti
1195 1312 1323 1338 errore
1348 1299 1441 1338 abiit
1466 1300 1501 1336 in
1526 1303 1700 1349 repente.
1736 1298 1849 1336 Bene

977 1356 1258 1394 aitBeroaldus
1268 1356 1408 1395 adhuc
1420 1356 1627 1407 sacrificio
1642 1355 1848 1394 calentem.

978 1412 1018 1450 In
1035 1410 1136 1451 Pith.
1153 1412 1290 1463 legitur
1304 1412 1561 1463 anzplexans,
1588 1423 1704 1461 quam
1718 1409 1849 1449 lectio-

977 1482 1064 1507 nem
1086 1467 1187 1507 Oud.
1213 1468 1449 1520 praetulisse
1474 1467 1624 1505 videtur
1648 1479 1698 1504 ex
1721 1465 1849 1507 Plaut.

977 1525 1148 1566 Rudent.
1173 1523 1238 1563 III.
1266 1529 1302 1565 3.
1337 1529 1402 1565 34.
1452 1523 1545 1564 Tibi
1578 1521 1851 1562 auscultamus

978 1587 1017 1621 et
1047 1582 1178 1622 Venus
1204 1580 1332 1627 alma,
1357 1580 1498 1620 ambae
1523 1584 1560 1619 te
1586 1579 1850 1624 obsecramus,

979 1652 1096 1678 aram
1132 1638 1416 1690 amplexantes
1453 1636 1561 1676 hanc
1590 1641 1700 1676 tuam
1726 1635 1852 1675 lacri-

979 1700 1142 1741 mantes,
1156 1695 1330 1747 9enibus
1344 1695 1480 1733 nixae.
1509 1692 1610 1744 [Sed
1623 1691 1851 1731 idemPlau·

980 1755 1043 1789 tus
1068 1751 1165 1790 dixit
1187 1750 1290 1790 Rud.
1311 1749 1357 1789 11.
1377 1754 1416 1791 7.
1435 1753 1472 1791 2.
1499 1750 1567 1789 liic
1590 1750 1633 1787 in
1655 1751 1764 1800 fano
1785 1748 1852 1788 Ve-

979 1809 1088 1847 neris
1105 1809 1265 1860 siquam
1282 1809 1423 1860 flentes
1444 1805 1662 1858 amplexae
1686 1804 1849 1857 tenent]

1037 1865 1204 1903 detersis
1233 1868 1327 1903 ante
1365 1863 1554 1902 lacrimis.
1603 1859 1703 1899 Elm.
1736 1874 1853 1911 quum

979 1924 1150 1973 putaret,
1194 1919 1440 1958 lacrimantes
1482 1917 1595 1956 nefas
1638 1916 1765 1955 fuisse
1801 1916 1852 1954 ad

981 1990 1095 2015 sacra
1119 1975 1310 2014 accedere
1335 1974 1421 2014 coll.
1450 1972 1613 2012 Tertull.
1638 1972 1852 2024 Apologet.

982 2047 1013 2071 c.
1041 2036 1076 2073 9.
1109 2038 1148 2071 et
1170 2032 1400 2085 infantibus
1431 2029 1768 2075 blandiebantur,
1805 2043 1854 2068 ne

982 2090 1239 2128 lacrimantes
1263 2088 1588 2131 immolarentur,
1614 2099 1637 2123 e
1663 2085 1853 2124 contrario

981 2145 1264 2184 demonstravit
1281 2144 1320 2182 id
1339 2157 1472 2182 verum
1492 2157 1566 2181 non
1582 2155 1676 2180 esse
1696 2146 1736 2181 et
1751 2155 1854 2180 sem-

979 2215 1049 2254 per
1079 2214 1102 2239 a
1133 2200 1357 2239 mulieribus
1389 2201 1425 2238 in
1452 2198 1586 2251 grandi
1615 2197 1789 2250 periculo
1815 2203 1855 2236 et

979 2257 1280 2297 extraordinaria
1306 2256 1527 2296 calamitate
1559 2255 1705 2294 factum
1729 2254 1854 2294 fuisso

980 2314 1067 2353 coll.
1093 2313 1190 2353 Met.
1215 2313 1283 2352 XI.
1310 2326 1347 2365 p.
1374 2316 1469 2353 753.
1497 2312 1716 2351 lacrimoso
1740 2310 1854 2350 vultu

979 2373 1039 2411 sic
1062 2371 1327 2422 adprecatur.
1355 2368 1469 2408 Unde
1494 2371 1621 2419 putat,
1647 2367 1777 2406 forsan
1791 2367 1854 2405 hic

981 2427 1062 2467 tale
1086 2426 1179 2478 quid
1202 2430 1244 2465 ut
1268 2426 1317 2465 de
1332 2424 1473 2464 Cerere
1497 2424 1621 2470 innui,
1645 2424 1854 2463 coniiciens

984 2485 1143 2524 detersa
1158 2488 1252 2523 aute
1265 2483 1446 2522 crinibus
1459 2480 1522 2519 vel
1536 2482 1667 2534 potius
1688 2480 1856 2519 detersis

984 2545 1079 2580 ante
1103 2540 1327 2579 manubriis
1351 2539 1496 2578 samis
1522 2541 1561 2576 et
1583 2538 1731 2590 λαβαῖς.
1770 2535 1855 2574 Sed

979 2597 1057 2635 hae
1081 2595 1379 2635 allucinationes
1398 2599 1489 2634 sunt
1500 2594 1600 2633 satis
1612 2593 1856 2632 temerariae.

980 2652 1174 2704 Equidem
1200 2652 1377 2692 lacrimis
1401 2652 1560 2690 retineo.

1039 2708 1130 2749 CAv.
1160 2707 1228 2748 IV.
1278 2708 1402 2747 Sami.
1453 2707 1743 2760 [Clarissimum
1773 2707 1857 2744 erat

982 2766 1149 2806 Iunonis
1158 2765 1320 2804 Samiae
1333 2763 1521 2816 templum
1535 2761 1857 2811 celeberrimique

982 2821 1083 2868 ludi,
1109 2822 1217 2873 quiin
1227 2822 1310 2859 eius
1335 2820 1522 2859 honorem
1547 2818 1856 2858 celebrabantur.

984 2878 1032 2917 cf.
1059 2878 1207 2930 Spanh.
1233 2878 1282 2916 ad
1310 2875 1533 2915 Callimach.
1559 2874 1677 2926 Hym.
1703 2875 1739 2912 in
1765 2872 1855 2913 Del.

983 2939 1048 2975 48.
1061 2933 1233 2973 Pausan.
1247 2932 1334 2972 Vll.
1346 2933 1384 2973 4.
1399 2932 1483 2970 lntt.
1499 2931 1548 2970 ad
1562 2929 1857 2972 Herod.111.6o.

985 2991 1122 3031 Savar.
1159 2990 1210 3030 ad
1247 2989 1384 3028 Sidon.
1420 2987 1598 3039 Apollin.
1623 2990 1661 3028 9.
1698 3001 1736 3039 p.
1765 2991 1856 3028 122.

983 3046 1167 3086 Panofka
1190 3046 1277 3084 Res
1296 3044 1516 3083 Samiorum
1540 3057 1576 3096 p.
1592 3048 1646 3085 57
1669 3056 1758 3095 sqq.
1782 3042 1858 3082 La-

987 3107 1101 3143 ctant.
1125 3102 1264 3142 Institt.
1288 3100 1317 3140 I.
1345 3105 1410 3142 17.
1433 3100 1647 3152 Boettiger.
1679 3101 1715 3139 in
1742 3099 1856 3138 libro:

987 3159 1111 3202 ldeen
1125 3173 1194 3201 zur
1207 3157 1592 3212 Kunstmytlwloyie
1606 3155 1708 3198 T.11.
1720 3169 1761 3208 p.
1774 3160 1856 3198 229

1871 288 1935 321 388
