2155 3590
649 102 833 144 LIBER
859 103 930 144 IX.
991 103 1118 144 CAP.
1145 103 1287 144 XXV.
1792 102 1875 147 817

97 215 215 256 lentia
239 214 401 255 sulfuris
425 213 678 271 perilturum.
731 214 818 256 Nec
843 215 1001 256 suadela
1025 229 1110 256 mea
1136 216 1202 256 sed
1227 214 1347 269 ipsius
1372 216 1431 255 rei
1455 216 1687 256 necessitate
1711 216 1869 267 lenitus,
1897 224 1960 256 64¹2

94 271 231 325 quippe
255 271 332 310 iam
356 271 585 311 semivivum
610 272 714 311 illum
741 272 781 312 in
806 272 1027 326 proximum
1054 272 1230 325 deportat
1253 271 1515 324 angiportum.
1576 271 1677 312 Tum
1703 286 1871 312 uxorem

94 327 177 367 eius
207 327 323 367 tacite
354 327 461 367 suasi
496 340 541 367 ae
572 328 736 381 denique
766 328 964 382 persuasi,
998 328 1199 368 secederet-
1227 327 1442 380 paululum,
1475 334 1592 381 atque
1622 328 1726 367 ultra
1753 328 1872 369 limen

92 452 236 490 sulpuris
250 455 286 482 G.
306 457 335 483 2.
373 452 530 491 suphurr's
543 456 581 483 D.
630 454 740 483 lentus
759 463 815 490 pro
829 454 951 482 lenitus
966 457 1000 483 G.
1016 456 1046 483 2.
1079 453 1208 481 letatus
1219 455 1258 482 D.
1305 453 1372 481 r‘mn
1387 452 1505 490 qm‘ppe
1517 453 1708 482 scutit-irunt
1725 455 1744 483 s.
1770 456 1873 483 Natu-

92 500 214 534 mlius,
239 500 343 533 inquit
362 500 457 535 Oud.,
484 500 621 528 dixisset
641 500 900 529 semimorluum.
925 501 1030 534 Quare
1047 500 1158 528 malim
1177 506 1248 527 curn
1261 499 1362 526 Pric.:
1390 497 1567 535 Quippem‘,
1592 502 1624 527 ut
1641 501 1785 534 saepius.
1809 502 1872 529 Sed

89 544 130 572 ef.
150 544 237 573 infra
255 545 295 573 ad
316 552 344 578 p.
365 546 440 573 644.
488 544 521 571 ίιι
534 545 694 581 proximo
716 543 744 573 δ.
781 543 995 582 deportatum
1015 545 1052 572 L.
1101 546 1169 570 tum
1182 551 1323 570 umorem
1336 544 1372 572 F.
1386 544 1416 571 3.
1431 544 1466 571 G.
1484 544 1512 570 1.
1527 551 1556 577 p.
1576 547 1607 571 et
1621 545 1689 572 edd.
1706 547 1781 572 veu.
1796 549 1873 573 ante

89 589 178 617 Colv.
207 591 316 616 tamen
328 590 364 617 Β.
378 589 518 617 Scriver.
543 591 908 619 cmnx'icent.ve11et.4.
922 589 998 616 Bas.
1025 590 1104 616 lunc
1115 589 1149 616 in
1163 590 1325 616 cettffllss.
1339 591 1369 616 et
1383 588 1453 616 edd.
1490 585 1617 615 diutius
1630 596 1686 622 pro
1701 587 1839 625 denique
1849 588 1871 617 f.

90 639 125 661 se
137 632 267 661 eederet
276 635 311 662 G.
321 635 350 662 2.
376 632 572 662 succederet
582 636 617 664 L.
628 636 663 664 0.
709 637 813 671 atque
825 637 916 663 abest
930 640 951 662 a
964 634 998 661 G.
1017 634 1044 661 1.
1058 635 1089 662 2.
1103 634 1137 662 0.
1150 634 1188 661 D.
1202 634 1240 661 R.
1254 632 1277 661 f.
1290 632 1323 670 β.
1338 629 1557 661 t5.Coll.Voss.
1586 631 1693 660 lumen
1703 635 1736 661 G.
1748 635 1777 662 2.
1787 635 1821 662 P.
1831 635 1870 662 D.

88 735 271 771 natura
310 732 478 784 ferebat
516 733 600 772 sine
634 734 744 785 iyue.
815 732 865 770 Et
900 733 952 770 ita

87 787 269 825 emendat
293 787 342 825 de
366 787 454 826 Deo
481 787 629 827 Socrat.
654 802 692 839 p.
715 791 811 829 123:
836 792 950 827 natu-

86 857 206 882 ras...
226 845 466 890 aeviternus,
492 845 680 896 corporis
704 845 951 896 eontayz‘one

86 913 104 938 s
116 913 143 938 u
157 913 223 950 ap
237 904 253 937 t
266 913 286 938 e
320 913 346 938 n
361 914 386 938 a
400 905 417 939 t
428 915 454 939 u
466 913 488 937 r
503 915 529 939 a
568 905 745 939 remotae
785 900 949 952 [quibus

85 954 187 993 adde
217 955 306 994 ibid.
340 969 379 1007 p.
409 959 496 996 142.
535 956 657 996 nubes
686 957 720 995 si
748 960 950 1008 suapte

85 1015 293 1051 natura
328 1016 410 1050 tam
446 1013 597 1064 spissae
632 1027 682 1051 ae
716 1026 862 1065 gyrat-es
882 1013 948 1062 fo-

84 1072 173 1105 rent
209 1069 247 1104 et
282 1067 399 1119 paulo
434 1072 543 1119 post:
588 1081 606 1106 s
618 1083 644 1108 u
660 1082 726 1119 op
741 1073 757 1105 t
769 1081 790 1106 e
823 1082 851 1106 n
864 1069 909 1106 is
922 1081 949 1105 u

85 1123 269 1162 caducae
303 1127 343 1161 et
366 1137 404 1174 p.
432 1127 520 1164 146.
552 1129 725 1175 suapte
761 1127 947 1175 sponte.

83 1192 122 1229 p.
152 1182 242 1219 164.
267 1185 440 1231 suopte
465 1180 642 1231 corde]
675 1179 750 1217 Cic.
772 1179 822 1216 de
835 1178 948 1217 Orat.

82 1233 128 1272 Π.
144 1238 207 1274 23.
229 1235 261 1285 ξ.
276 1238 339 1275 93.
365 1240 404 1274 et
425 1240 599 1286 suapte
623 1239 811 1280 natura,
840 1234 952 1286 quod

81 1290 221 1335 velint,
253 1295 572 1343 consequantur,·
607 1290 703 1329 Ace.
734 1290 837 1341 apud
870 1290 949 1328 Cic.

82 1345 241 1385 Tuscul.
262 1345 307 1385 ll.
328 1351 366 1386 5.
388 1350 456 1387 13:
483 1351 612 1385 tamen
637 1348 752 1399 ipsae
775 1349 949 1397 suapte

79 1407 259 1442 natura
283 1403 440 1441 enitent.
487 1401 615 1441 ¹Nizol.
643 1402 797 1453 quidem
823 1415 844 1439 e
865 1400 948 1439 Cic.

83 1458 134 1498 ad
145 1457 227 1497 Att.
244 1458 277 1495 V
281 1457 310 1497 Ι.
325 1462 361 1498 7.
382 1458 412 1508 §.
431 1463 464 1498 1.
486 1458 621 1496 citare:
650 1459 826 1504 Quintus
838 1470 948 1510 puer

79 1518 269 1565 suapte,
295 1515 368 1566 pie
401 1528 512 1562 sane,
548 1528 609 1553 me
641 1515 804 1567 quidem
834 1517 943 1553 certe

78 1569 245 1610 multum
268 1570 473 1617 hortante,
503 1571 575 1609 sed
605 1575 845 1615 currentem,
870 1569 944 1607 sed

79 1626 117 1664 in
154 1627 308 1678 optimis
345 1626 443 1665 Edd.
480 1627 566 1664 sine
601 1626 681 1664 ullo
721 1625 942 1665 variationis

78 1681 216 1720 indicio
231 1682 420 1721 exhiberi:
438 1683 485 1728 Q.
491 1683 602 1735 filius
610 1683 684 1734 pie
696 1695 803 1721 sane.
819 1681 941 1720 Solin.

79 1752 110 1777 c.
137 1742 172 1778 7.
199 1751 235 1789 p.
264 1742 325 1780 16.
356 1743 525 1790 suopte
560 1739 760 1791 inyeuio
790 1739 942 1791 inflam-

78 1798 175 1840 mat,
216 1794 281 1832 ubi
315 1795 525 1832 mirandum
565 1795 616 1832 sit
657 1795 692 1832 in
729 1807 804 1831 sex
838 1793 942 1832 Mss.

79 1851 232 1901 optimis
268 1850 345 1901 legi
374 1855 545 1902 suapte
574 1851 800 1902 iuyeuio,
832 1854 870 1887 et
906 1850 940 1887 in

77 1906 200 1945 Voss.
236 1909 323 1945 tert.
358 1907 584 1957 simpliciter
619 1911 779 1957 suapte,
810 1920 841 1944 c.
877 1909 939 1945 17.

77 1965 182 2013 p.27.
199 1961 263 2002 Su
273 1976 333 2013 op
342 1967 385 2001 te
405 1963 606 2014 inqene'o
620 1963 730 2013 pesti
741 1963 940 2008 resistunt,

75 2017 141 2056 ubi
166 2018 295 2056 itidem
319 2021 400 2056 tres
423 2018 525 2056 Mss.
555 2031 630 2056 rec.
667 2022 839 2068 suapte
875 2030 940 2054 ex-

75 2073 244 2112 hibeant.
302 2073 376 2112 His
413 2074 606 2124 exemplis
640 2073 801 2125 prolatis
837 2072 940 2111 Oud.

76 2133 193 2179 negat
216 2134 360 2181 suapte
383 2143 551 2180 uuquam
578 2143 670 2167 esse
693 2143 765 2169 sua
784 2133 939 2180 sponte,

74 2186 148 2224 sed
159 2191 231 2238 pte
243 2185 388 2224 habere
403 2186 566 2224 eandem
581 2186 668 2231 vim,
684 2198 797 2235 quam
812 2185 940 2236 ipsius

73 2240 138 2279 vel
151 2243 331 2294 ipsorum
344 2241 392 2280 de
405 2241 597 2293 pluribus,
621 2246 662 2280 ut
677 2240 753 2280 Cic.
769 2241 818 2278 de
832 2240 942 2279 Orat.

74 2297 139 2337 ΠΙ.
165 2302 201 2338 3.
227 2298 259 2347 9.
286 2301 348 2338 10.
379 2298 598 2338 Crassum
621 2301 794 2348 suapte
816 2297 939 2336 inter-

70 2356 224 2405 fectum
258 2367 407 2393 manu.
454 2353 543 2391 Nec
578 2358 705 2392 tamen
742 2352 844 2392 Oud.
875 2352 938 2391 hic

74 2409 194 2461 iungit
206 2414 350 2461 suapte
368 2409 558 2449 violentia
579 2409 764 2460 sulfuris,
789 2412 831 2447 ut
843 2408 937 2447 Flo-

72 2465 178 2504 ridus
197 2466 468 2516 interpretatus
482 2467 662 2517 propria
682 2467 737 2510 vi,
762 2464 833 2502 sed
848 2465 937 2503 sub·

72 2521 248 2573 intelligit
273 2535 295 2558 e
308 2522 630 2573 praecedentibus
644 2535 768 2560 nooea.
795 2520 937 2560 Dicere

73 2579 172 2616 enim
185 2578 407 2629 Apuleium,
417 2592 501 2617 eum
517 2578 667 2629 absque
681 2591 794 2615 noxa
807 2577 938 2616 nostri

68 2634 296 2685 periturum
309 2639 452 2686 suapte
464 2634 548 2672 sive
568 2648 640 2672 sua
653 2634 783 2684 ipsius
805 2647 831 2671 n
842 2646 939 2671 oxa

73 2693 113 2728 et
129 2690 243 2741 culp
251 2705 289 2736 a,
311 2703 425 2741 quam
439 2694 579 2742 sponte
593 2690 666 2727 sibi
680 2689 938 2734 arces-siverit,

73 2757 231 2784 caveam
256 2746 360 2784 illam
386 2747 558 2785 subiens.
596 2744 683 2791 Qua
708 2745 744 2782 in
770 2744 938 2796 explica-

71 2801 176 2839 tione
197 2805 301 2840 totus
326 2815 375 2840 ex
400 2801 501 2841 Oud.
526 2802 700 2855 pendere
722 2800 826 2839 volo.

132 2857 285 2909 quippe
296 2859 376 2897 iam
389 2859 622 2898 semivirum.
661 2857 846 2909 [Ratione
860 2869 935 2895 non

74 2911 205 2951 habita
221 2915 437 2952 sententiae
446 2914 567 2959 Oud.,
588 2913 798 2953 naturalius
813 2913 937 2950 fuisse

73 2968 106 3005 si
142 2967 335 3019 Apuleius
370 2984 439 3022 pro
477 2971 698 3010 semivirum.
734 2970 938 3021 posuisset

72 3025 378 3072 semimortuum,
409 3040 484 3065 non
514 3039 676 3079 possum
707 3039 782 3063 non
813 3024 936 3063 mirari

73 3079 192 3118 virum
229 3081 400 3128 doctum,
439 3083 503 3133 qui
539 3081 740 3121 Pricaeum
776 3084 937 3119 secutus

1011 730 1164 783 quippe
1191 730 1227 768 in
1261 731 1459 782 qzce'ppeui
1488 729 1753 781 corrigendum
1778 743 1872 768 esse

1008 792 1177 824 censeat.
1202 785 1398 825 Particula
1422 786 1522 824 enim
1547 799 1617 837 per
1640 786 1872 824 sententiam

1007 842 1159 893 probari
1171 841 1360 892 nequit‚id
1369 841 1474 893 quod
1486 843 1616 881 statim
1629 841 1723 880 infra
1731 855 1770 893 p.
1779 845 1871 882 644.

1008 897 1309 950 demonstrabo]

1062 955 1274 993 secederet.
1299 953 1506 993 Burmann.
1520 954 1706 994 secedere
1718 954 1871 992 omnino

1006 1010 1214 1061 legendum
1229 1009 1482 1049 contenditad
1490 1009 1762 1048 Phaedr.Fab.
1772 1009 1870 1050 I.15.

1008 1070 1063 1112 6.,
1094 1066 1144 1104 ibi
1171 1079 1326 1117 quoque
1348 1079 1417 1117 pro
1448 1067 1646 1106 suadebat
1670 1067 1784 1105 asino
1805 1068 1871 1117 su-

1004 1136 1103 1174 ρετ-ε
1126 1135 1322 1172 reponens
1342 1123 1507 1161 asinum.
1534 1122 1602 1160 Sic
1616 1126 1720 1160 certe
1732 1122 1869 1173 Virga.

1004 1176 1204 1216 Aen.XlI.
1231 1182 1323 1218 814.
1356 1177 1606 1217 Iuturnam
1635 1192 1871 1218 succurrere

1005 1234 1136 1285 fratri
1170 1235 1322 1279 suast',·
1373 1233 1422 1271 cf.
1460 1233 1571 1273 Serv,
1607 1233 1657 1272 ad
1687 1235 1786 1272 Aen.
1817 1233 1869 1272 X.

1011 1293 1073 1329 10.
1098 1289 1248 1328 Auson.
1276 1289 1376 1341 Epit.
1408 1289 1444 1327 in
1468 1287 1554 1328 Pat.
1586 1293 1651 1330 53.
1683 1291 1759 1329 Me
1782 1304 1868 1329 sua-

1007 1346 1058 1383 sit
1087 1347 1192 1383 ritae
1222 1346 1374 1384 abitum
1399 1349 1577 1395 petere.
1625 1346 1742 1396 Apul.
1773 1346 1868 1384 Met.

1006 1400 1054 1438 V.
1079 1414 1115 1451 p.
1142 1404 1233 1440 342.
1263 1406 1309 1439 ut
1336 1405 1379 1439 te
1409 1401 1647 1440 suadeant
1671 1415 1777 1440 meos
1801 1415 1869 1440 ea:—

999 1457 1175 1508 plorare
1201 1457 1346 1501 cultus,
1373 1461 1412 1494 et
1430 1456 1525 1494 infra
1544 1471 1582 1508 p.
1599 1461 1691 1498 644.
1717 1457 1870 1496 idemti-

1003 1513 1091 1551 dem
1115 1512 1372 1558 suadebat,
1396 1514 1623 1552 maritum
1650 1514 1780 1564 quieti
1805 1513 1869 1552 de-

1002 1570 1162 1614 cedere,
1188 1568 1250 1606 ubi
1266 1573 1392 1607 tamen
1413 1568 1584 1607 nonnulli
1597 1569 1710 1608 codd.
1727 1570 1870 1608 variant

1000 1626 1035 1662 in
1050 1626 1196 1663 marito
1211 1628 1249 1662 ct
1262 1625 1493 1671 decederet,
1518 1629 1560 1663 ut
1578 1625 1681 1676 apud
1699 1624 1867 1664 Frontin.

999 1680 1066 1719 IV.
1093 1685 1129 1727 5,
1157 1685 1194 1720 7.
1221 1681 1495 1720 Suaserunt
1524 1681 1866 1720 coaemnititmzi-

1002 1737 1084 1775 bus
1103 1737 1406 1787 strinqerent
1422 1737 1606 1789 yladios.
1628 1736 1720 1774 Cum
1737 1737 1866 1775 dativo

1000 1805 1093 1830 vero
1119 1796 1158 1830 et
1182 1792 1361 1830 infinitivo
1388 1792 1525 1842 legitur
1547 1792 1644 1831 Met.
1661 1792 1708 1830 X.
1722 1807 1758 1844 p.
1775 1796 1867 1833 686.

1002 1849 1189 1887 Marito
1227 1849 1498 1899 persuadet
1537 1849 1595 1888 ad
1637 1849 1868 1901 louyt'ssime

999 1905 1162 1944 dissitas
1194 1904 1438 1954 festinare
1473 1905 1656 1950 villulas,
1693 1908 1733 1942 et
1761 1905 1866 1955 Yirg.

999 1960 1144 2011 Georg.
1165 1959 1212 1998 ll.
1232 1963 1327 2000 315.
1351 1960 1440 1998 Nee
1464 1961 1557 1999 tibi
1582 1966 1662 2000 tam
1683 1961 1867 2011 prudens

1000 2017 1211 2069 quisquep
1220 2029 1358 2055 ersua
1369 2017 1455 2055 dea
1465 2020 1481 2054 t
1493 2021 1652 2062 auctor,
1667 2017 1866 2056 Tellurem

1001 2073 1144 2111 Borea
1190 2072 1372 2124 riqidam
1418 2073 1602 2124 spirante
1641 2087 1679 2111 m
1695 2086 1864 2111 overe.

1001 2127 1132 2174 Quare
1173 2141 1260 2166 cum
1303 2128 1432 2166 varios
1481 2141 1600 2166 casus
1648 2128 1866 2179 modosque

998 2185 1117 2222 verba
1129 2184 1302 2224 suadere
1316 2188 1356 2221 et
1362 2184 1616 2234 persuadere
1628 2185 1865 2229 admiserint,

997 2240 1037 2277 id
1061 2240 1167 2291 quod
1185 2243 1359 2292 apertum
1379 2244 1441 2278 est
1459 2240 1521 2278 vel
1541 2253 1591 2278 ex
1609 2240 1741 2279 Burin.
1763 2242 1864 2279 notis

997 2296 1047 2335 ad
1060 2295 1228 2335 Phaedr.
1244 2296 1267 2334 l.
1277 2309 1309 2334 c.
1325 2299 1364 2334 et
1376 2296 1426 2334 ad
1440 2295 1553 2335 Orid.
1569 2296 1862 2336 HeroidXVll.

997 2356 1087 2393 185.
1113 2352 1163 2390 ad
1186 2351 1342 2390 Petron.
1362 2356 1434 2397 46,
1461 2352 1572 2391 codd.
1598 2353 1864 2392 auctoritatem

994 2409 1134 2459 respici
1149 2409 1294 2447 debere
1308 2421 1393 2446 cum
1407 2408 1507 2446 Oud.
1529 2408 1771 2447 iudicandum
1790 2413 1863 2447 est.

996 2465 1063 2503 Sic
1076 2463 1173 2504 Met.
1186 2463 1237 2504 X.
1256 2479 1294 2516 p.
1310 2468 1402 2506 685.
1429 2468 1468 2503 et
1493 2465 1638 2504 boumn
1664 2469 1865 2516 caperet

995 2521 1169 2560 animum
1181 2521 1481 2572 refectionique
1493 2534 1533 2560 se
1552 2533 1602 2559 ac
1619 2521 1745 2559 saluti
1762 2520 1862 2559 red—

995 2577 1143 2622 deret,
1169 2577 1376 2629 impendio
1400 2577 1583 2616 suadet.
1611 2576 1760 2614 Similia
1773 2579 1863 2614 sunt

996 2634 1204 2671 innumera.
1252 2632 1299 2671 cs.
1330 2631 1426 2670 Met.
1452 2631 1520 2670 IV.
1553 2645 1588 2682 p.
1616 2636 1708 2672 241.
1740 2637 1862 2684 atque

996 2689 1055 2728 ad
1067 2702 1125 2727 me
1139 2689 1377 2728 laniandum
1385 2688 1498 2727 rabie
1508 2689 1661 2739 perciti
1669 2689 1863 2738 ferrent

996 2746 1204 2796 impetum,
1231 2745 1386 2796 passim
1411 2744 1690 2783 cohortantur.
1738 2743 1786 2782 cf.
1811 2742 1862 2781 ad

996 2800 1092 2839 Met.
1108 2799 1210 2839 Vlll.
1235 2814 1272 2851 p.
1288 2804 1380 2841 513.
1406 2812 1524 2851 Supra
1549 2813 1584 2850 p.
1601 2803 1692 2840 638.
1721 2799 1860 2839 obtun-

995 2857 1112 2902 dere,
1134 2856 1322 2907 s'abulam
1338 2860 1595 2907 promeret.
1618 2869 1654 2907 p.
1671 2859 1765 2896 674.
1791 2856 1866 2895 de·

995 2912 1227 2951 nuntiant
1260 2913 1429 2963 hospiti,
1463 2925 1537 2950 nos
1572 2911 1754 2950 dedere
1782 2925 1860 2963 po-

995 2970 1082 3013 tins,
1111 2981 1229 3020 quam
1253 2967 1440 3007 subiret
1462 2968 1679 3006 discrimen
1699 2968 1859 3019 capitis.

996 3023 1170 3076 [Deinde
1204 3022 1488 3062 observandum
1526 3026 1604 3067 est,
1641 3023 1860 3062 infinitivum

999 3080 1083 3118 usui
1120 3079 1305 3130 loquendi
1340 3080 1377 3117 in
1409 3078 1565 3129 Apuleii
1605 3079 1712 3117 libris
1743 3079 1857 3118 obvio

1412 3146 1465 3186 52
