2155 3590
619 154 806 195 LIBER
836 155 905 195 III.
966 156 1095 198 CAP.
1125 156 1268 197 Xx‘ll.

1767 166 1856 212 181

574 314 632 362 -C
690 316 736 362 A
793 317 830 362 P
889 317 933 364 U
991 319 1035 364 T
1126 319 1323 367 XVII.

172 444 323 486 Verum
354 460 438 486 cum
472 447 596 487 tristis
626 447 716 488 inde
750 449 1009 502 discederem,
1044 466 1093 492 ne
1118 467 1278 507 prorsus
1304 455 1440 496 vacuis
1463 459 1643 501 manibus
1669 464 1854 514 redirem,

61 501 259 554 conspicio
278 503 481 555 quemdam
502 503 690 544 forficulis
718 506 984 546 attondentem
1011 509 1192 562 caprinos
1216 517 1341 551 utres,
1370 511 1480 565 Quos
1508 530 1594 555 cum
1619 519 1739 571 probe
1765 536 1857 561 con-

59 557 219 597 strictos
249 557 484 612 inflatosque.
516 566 555 600 et
583 561 658 600 ian]
692 562 895 614 pendentis
928 577 1152 616 cernerem,
1187 566 1346 620 capillos
1372 582 1506 610 eorum
1533 571 1636 613 humi
1661 575 1854 628 iacentes,

57 613 182 654 flavos
212 626 258 654 ac
283 628 353 668 per
378 615 449 654 hoc
479 615 537 655 illi
561 614 729 656 Boeotio
754 618 888 658 iuveni
915 619 1184 674 consiimiles,
1211 623 1408 676 plusculos
1433 628 1587 679 aufero,
1616 644 1761 685 eosque
1789 635 1856 674 do-
1881 637 1889 648 ⁴

55 669 185 709 minae
215 683 326 710 meae
358 671 602 712 dissimulata
632 674 801 714 veritate
833 677 960 715 trado.
1012 676 1079 718 Sic
1111 679 1237 719 noc-tis
1268 680 1380 721 initio
1410 683 1636 738 priusquam
1669 702 1792 729 coena
1817 697 1855 730 te

55 725 274 779 reciperes,
301 725 501 781 Pamphile
527 742 614 770 mea
638 730 714 770 iam
740 745 881 772 vecors
907 732 1027 774 animi
1052 741 1195 775 tectum
1220 736 1442 779 scindulare
1474 744 1725 795 conscendit,
1754 747 1856 799 quod

54 782 287 829 altrinsecus
313 785 465 824 aedium
492 792 626 838 patore
651 787 832 840 perflatili
857 789 1064 840 nudatum,
1092 791 1139 831 ad
1166 806 1266 832 oras
1290 794 1502 837 orientales
1533 806 1764 854 ceterosque
1789 803 1857 843 ad-

53 845 209 894 spectus
240 840 417 894 pervium
449 842 620 882 maxime
653 843 712 883 his
745 844 894 885 artibus
927 847 1008 886 suis
1041 847 1348 905 commoldatum
1379 861 1533 894 secreto
1559 856 1666 897 colit.
1717 857 1854 900 Prius-
1879 859 1887 868 ⁸

142 955 371 984 descenderem
389 959 469 987 Edd.
490 960 593 989 Basil.
619 959 825 988 dese-ederem
846 963 959 992 Venet.
981 966 1010 992 4.
1037 963 1225 992 decederem
1245 967 1350 997 Paris,

1401 971 1555 1007 conspt’co
1575 974 1611 1003 F.
1625 975 1656 1003 3.
1709 983 1763 1004 ers
1788 976 1852 1005 icio

50 1003 88 1031 1).
105 1003 134 1031 1.
182 1000 412 1030 attondentem
417 1002 598 1043 forficulis
612 1007 647 1034 G.
661 1007 699 1035 D.
716 1007 750 1035 P.
767 1005 1050 1045 sulficulolorem
1071 1009 1307 1039 mltrmdentem,
1325 1016 1363 1042 R.
1380 1015 1399 1042 f.
1434 1015 1622 1045 tondentem
1641 983 1853 1052 haiientpedd.

50 1051 126 1076 vett.
140 1051 172 1076 et
183 1050 273 1083 wlg.
299 1049 362 1076 Sed
376 1049 649 1083 frequentativum
663 1051 885 1086 perfamiliare
899 1058 945 1082 est
961 1055 1077 1083 Plauto
1091 1057 1232 1090 aliisque
1259 1056 1316 1092 [cf.
1331 1059 1448 1088 Bacch.
1462 1063 1501 1090 V.
1519 1064 1544 1090 1.
1561 1065 1590 1092 9.
1606 1065 1784 1100 Capt.11..·2.
1800 1069 1853 1096 18.

50 1096 80 1121 et
93 1092 255 1129 saepius-J.
299 1092 397 1129 plene
410 1094 579 1131 proprobe
592 1096 627 1124 Ο.
671 1095 850 1132 pendentis
869 1099 906 1127 F.
921 1100 951 1126 3.
971 1102 999 1127 et
1020 1108 1131 1128 omnes
1151 1102 1220 1129 edd.
1234 1106 1309 1130 vett.
1330 1109 1459 1137 praeter
1473 1108 1579 1137 Paris.
1604 1111 1640 1138 In
1654 1112 1790 1146 reliquis
1803 1117 1854 1142 est

44 1135 247 1173 pendentes.
264 1139 376 1168 Brant.
397 1140 535 1169 coniecit
557 1139 746 1178 tendentes,
771 1144 852 1175 quod
868 1144 1013 1177 equidem
1035 1153 1098 1173 non
1117 1146 1276 1180 intelligo.
1300 1149 1432 1178 Inflatus
1445 1154 1686 1189 pendentesque
1701 1157 1852 1191 caprinos

49 1187 137 1211 utres
152 1187 237 1212 recte
250 1183 393 1212 illustrat
407 1185 575 1214 Pricaeus.
601 1186 754 1214 Floridus
768 1188 910 1221 explicat
924 1191 1068 1217 stantes.
1104 1189 1212 1217 boetio
1225 1192 1261 1219 F.
1280 1194 1306 1220 1.
1322 1195 1356 1221 G.
1370 1195 1408 1223 D.
1424 1197 1492 1224 edd.
1508 1201 1584 1226 vett.
1599 1204 1727 1233 praeter
1741 1203 1789 1230 ed.
1805 1211 1852 1237 pr.

48 1231 79 1256 et
91 1229 175 1256 Iunt.
190 1230 220 1255 2².
257 1229 433 1257 Praeterea
457 1232 546 1263 vulg.
566 1230 663 1258 lectio
677 1231 723 1259 ita
736 1233 832 1260 habet
857 1233 899 1261 cf.
913 1241 1014 1267 supra
1028 1236 1068 1262 ad
1084 1243 1112 1268 p.
1127 1237 1203 1263 201.
1252 1236 1377 1265 similes
1393 1240 1425 1267 in
1440 1241 1474 1268 G.
1492 1243 1592 1270 minio
1607 1248 1652 1273 est
1667 1247 1851 1283 obductum,

46 1277 80 1301 ut
96 1273 171 1306 quid
186 1273 251 1301 sihi
270 1274 409 1302 voluerit
429 1274 601 1309 librarius,
627 1276 768 1309 intelligi
792 1282 941 1311 nequeat.
989 1276 1102 1315 offero
1117 1282 1151 1308 G.
1167 1282 1204 1308 D.
1220 1289 1238 1308 a
1255 1290 1282 1315 p.
1298 1290 1338 1310 m.
1365 1283 1413 1317 [in
1428 1292 1527 1321 marg.
1543 1295 1561 1315 a
1575 1296 1615 1316 in.
1630 1297 1656 1316 s.
1671 1296 1851 1320 correctum

45 1321 95 1346 est
114 1317 237 1356 aufero
263 1318 306 1345 cf.
319 1318 391 1347 Liv.
406 1320 460 1347 111.
477 1320 526 1348 12.
541 1321 572 1353 §—
587 1319 641 1355 6.]
689 1323 723 1347 ec
735 1319 954 1349 dissimulata
967 1324 1043 1352 Bas.
1056 1326 1083 1353 l.
1132 1325 1165 1352 in
1179 1325 1276 1353 Initio
1292 1328 1326 1355 G.
1337 1325 1366 1357 δ,
1415 1329 1621 1359 scandulare
1635 1341 1745 1364 omnes
1759 1338 1851 1365 codd.

45 1366 76 1392 et
89 1363 160 1391 edd.
174 1366 250 1391 vett.
277 1361 478 1391 Sm‘ndnlare
491 1366 610 1393 habent
625 1366 706 1394 Edd.
722 1367 821 1395 slew.
837 1368 926 1396 colv.
940 1369 1035 1396 Vulc.
1051 1371 1162 1398 xvow.
1177 1378 1215 1399 ac
1228 1372 1370 1401 serii-er.
1416 1378 1538 1410 patere
1552 1378 1588 1405 F.
1605 1380 1632 1406 1.
1676 1378 1854 1417 perflabili

45 1408 82 1436 Β.
95 1409 126 1436 et
138 1414 249 1436 omnes
263 1409 333 1436 edd.
346 1412 422 1437 veti.
432 1406 610 1446 perflavv'lt'
621 1418 651 1444 p.
700 1410 879 1439 orientalis
896 1413 916 1440 t‘.
943 1412 1122 1441 orientalis
1137 1418 1336 1453 ceterasque
1349 1415 1378 1446 ὸ“.
1404 1419 1453 1446 ad
1469 1421 1654 1451 orientales
1673 1432 1851 1463 omnesque

45 1454 176 1480 ceteros
198 1453 356 1482 Pricaeus
376 1454 524 1483 coniecit.
555 1453 602 1482 ad
613 1455 798 1484 orientales
811 1459 1008 1495 ceterosque
1021 1467 1132 1488 onmes
1145 1462 1266 1490 Florid.
1280 1464 1378 1492 tacite
1391 1465 1502 1494 edidit.
1550 1466 1713 1504 adspectu
1727 1471 1803 1499 Bas.
1820 1472 1849 1500 1,

43 1500 184 1534 aspectu
196 1498 311 1526 Venet.
325 1499 472 1528 4.Paris.
514 1501 675 1536 parcium
690 1503 738 1530 ed.
753 1503 902 1531 Beroald.
951 1503 1195 1534 commodatum
1208 1508 1244 1535 F.
1261 1509 1289 1536 1.
1303 1510 1334 1537 3.
1348 1510 1383 1538 G.
1398 1511 1436 1538 D.
1452 1512 1486 1540 0.
1501 1512 1538 1541 B.
1552 1521 1583 1548 p.
1598 1514 1636 1543 P.
1649 1516 1686 1544 R.
1702 1515 1723 1544 f.
1736 1520 1766 1544 et
1779 1518 1849 1545 cdd.

43 1546 119 1572 vett.
156 1542 360 1571 cmnmodmn
379 1544 485 1573 Colvii
507 1548 656 1580 exemplo
675 1552 865 1582 receperunt
884 1557 951 1583 sqq.
988 1551 1031 1579 At
1052 1554 1170 1580 temere
1195 1560 1260 1580 non
1281 1558 1350 1582 erat
1369 1556 1556 1587 damnanda
1573 1561 1724 1596 vulgaris
1741 1562 1849 1591 lectio.

46 1586 282 1616 Commodatns
294 1593 344 1618 est
357 1594 489 1624 aptatus
503 1592 544 1619 ab
557 1591 630 1626 ipsa
643 1594 672 1621 et
688 1593 737 1622 sIC
751 1595 947 1623 commodus.
973 1595 1014 1623 cf.
1027 1597 1124 1630 Apul.
1140 1598 1178 1625 de
1193 1598 1294 1630 dogm.
1310 1600 1394 1628 Plat.
1410 1609 1439 1636 p.
1454 1603 1529 1631 2³09.
1555 1610 1672 1633 sensus
1685 1603 1851 1634 Ιιιιηιίιίιό-

43 1632 260 1670 ribuspntins
273 1637 305 1661 et
321 1635 459 1673 aquosis
484 1635 773 1666 commodatos.
802 1637 1054 1668 Commodnenm
1068 1643 1196 1671 omnino
1211 1646 1321 1673 exulat
1337 1652 1356 1673 a
1370 1642 1398 1674 ὁὶ
1447 1645 1531 1675 colit
1549 1650 1753 1682 desideratur
1772 1652 1805 1680 ln
1821 1649 1848 1680 δ.

99 1731 185 1770 CA».
199 1731 326 1772 XVII.
348 1736 572 1787 conspicio.
593 1734 789 1776 Plurimos
803 1739 917 1777 codd.

41 1793 203 1828 secutus
217 1789 319 1828 edidi
333 1793 564 1843 conspiciO,
585 1794 660 1831 etsi
680 1808 754 1832 non
775 1807 917 1847 negan-

41 1846 133 1885 dum
147 1849 222 1892 est,
238 1845 399 1885 sormam
414 1848 499 1886 cod.
512 1847 555 1886 F.
565 1853 601 1889 3.
613 1852 810 1902 conspico
824 1853 917 1891 anti-

43 1903 268 1953 quissimam
291 1917 403 1949 esse,
430 1917 544 1955 quam
565 1906 740 1957 recipere
758 1922 834 1946 non
850 1909 916 1947 du-

42 1959 256 2005 bitassem,
281 1961 316 1998 si
341 1958 452 1998 locus
477 1961 582 2013 apud
595 1962 705 2001 Varr.
733 1963 783 2001 de
807 1964 853 2003 L.
869 1964 917 2004 L.

41 2014 127 2053 vll.
153 2019 190 2057 2.
216 2029 254 2067 p.
270 2020 364 2057 292.
390 2017 669 2069 contemplare
692 2025 732 2058 et
753 2023 913 2072 conspi-

42 2085 136 2111 care
166 2073 214 2111 id
250 2087 330 2112 esse
359 2079 542 2125 apparet
565 2088 588 2112 a
613 2075 727 2116 codd.
751 2078 913 2115 auctori-

40 2132 120 2166 tate
145 2129 297 2167 omnino
321 2132 428 2167 tutus
453 2134 574 2168 esset.
624 2130 707 2170 Sed
726 2146 842 2183 quum
862 2134 913 2171 ibi

39 2183 73 2222 F
76 2183 211 2223 lorent.
232 2189 272 2224 et
290 2184 415 2224 Havn.
440 2187 656 2236 praebeant
680 2191 913 2241 contempla

41 2245 81 2280 et
116 2243 383 2292 conspicare,
425 2243 690 2293 antiquitatem
726 2244 912 2284 affectare

39 2296 157 2335 nolui.
196 2296 350 2336 Certum
374 2302 502 2336 tamen
528 2304 608 2345 est,
635 2301 798 2351 passive
822 2316 909 2341 sae—

38 2353 128 2406 pius
148 2358 328 2393 auctores
349 2356 587 2406 conspicari
604 2370 834 2408 usurpasse,
859 2372 910 2397 ex

38 2420 116 2460 quo
136 2411 300 2449 activam
313 2411 420 2448 verbi
441 2412 603 2450 formam
625 2412 716 2451 olim
730 2416 910 2453 extitisse

37 2466 241 2517 probabile
265 2467 314 2506 fit.
341 2466 388 2505 cf.
416 2467 551 2507 Eckst.
579 2469 629 2508 ad
648 2470 767 2508 voss.
787 2471 908 2511 Arist.

39 2520 84 2561 T.
109 2521 154 2561 Η.
181 2536 217 2574 p.
246 2523 363 2576 752]

92 2580 346 2620 scimlularc.
372 2580 629 2621 Scimlnlare
646 2597 776 2634 neque
796 2597 909 2624 scon-

39 2635 203 2681 dulare,
236 2637 339 2687 quod
368 2638 603 2676 sententiam
627 2644 770 2690 postea
793 2645 907 2679 retre-

37 2695 148 2730 etans
180 2691 283 2732 Oud.
322 2694 372 2732 ad
402 2693 498 2732 Hirt.
531 2694 577 2733 Β.
605 2695 652 2734 G.
680 2695 784 2734 VIII.
812 2710 843 2735 c,
871 2702 906 2738 2.

36 2760 63 2786 a
84 2749 325 2788 scandendo
351 2750 552 2790 deducens
577 2753 785 2802 amplexus
812 2758 906 2799 erat,

37 2803 142 2855 apud
177 2809 266 2844 vett.
310 2809 594 2857 pronuntiatum
637 2821 749 2854 esse,
798 2823 906 2861 argu-

36 2864 166 2899 mento
191 2865 255 2900 est
277 2875 418 2913 graeca
442 2863 557 2901 huius
581 2865 761 2904 vocabuli
787 2868 905 2917 origo,

37 2915 90 2954 de
107 2929 183 2968 qua
197 2918 392 2958 Stewech.
414 2921 488 2958 iam
513 2922 661 2959 monuit
685 2925 908 2974 σχινδαλμοὶ

35 2973 136 3011 enim
166 2974 372 3027 Aristoph.
413 2976 450 3014 in
474 2975 578 3015 Nub.
617 2990 640 3015 a
670 2977 803 3017 Schol.
841 2993 905 3018 ex-

37 3028 225 3079 plicantur
246 3029 295 3069 τὰ
319 3028 535 3071 λεπτότατα
559 3036 634 3071 τῶν
657 3030 788 3081 ξύλων.
819 3035 907 3074 Huc

37 3082 185 3136 Papiae
198 3088 351 3126 accedit
364 3090 636 3134 testimonium,
652 3092 760 3129 cuius
769 3091 906 3141 glossa

41 3145 162 3179 extat:
213 3144 440 3185 Scimlulae
489 3147 604 3198 qaod
654 3148 905 3189 scindantur.

979 1740 1217 1782 Scamlnlae
1241 1745 1388 1797 vedyo:
1412 1747 1515 1785 unde
1534 1751 1726 1801 suspicari
1746 1750 1849 1797 licet,

976 1797 1107 1835 medio
1121 1811 1220 1836 aevo
1237 1800 1337 1839 hanc
1347 1815 1481 1841 vocem
1492 1818 1674 1858 quaeque
1684 1807 1848 1859 indepe-

977 1858 1104 1892 tuntur
1118 1860 1273 1895 ceteras
1287 1858 1554 1907 scimlularz's,
1568 1863 1849 1906 scimlalarins

979 1910 1151 1949 librarios
1166 1926 1215 1950 ex
1227 1913 1379 1964 vulgari
1405 1916 1491 1954 eius
1516 1920 1704 1970 temporis
1728 1921 1847 1959 modo

976 1966 1160 2018 loquendi
1178 1982 1248 2019 pei·
1262 1984 1287 2008 α
1301 1973 1568 2022 expressisse.
1595 1975 1645 2014 cs.
1659 1975 1709 2014 du
1725 1975 1846 2028 Cang.

973 2024 1009 2060 in
1041 2023 1176 2063 Gloss.
1207 2039 1239 2063 s.
1274 2039 1307 2064 v,
1346 2028 1579 2076 Scandda,
1614 2032 1846 2075 scandula.

974 2080 1192 2126 Scimlctlm
1205 2082 1422 2124 Scinclula.
1439 2085 1631 2138 Stephan.
1640 2088 1689 2127 ad
1699 2089 1845 2129 saxon.

973 2135 1182 2176 Grammat.
1197 2151 1233 2189 p.
1251 2143 1344 2181 210.
1372 2140 1521 2181 Triller.
1537 2144 1572 2181 in
1587 2143 1720 2195 Progr.
1737 2146 1845 2185 Orat.

971 2191 1139 2232 Vitemb.
1165 2194 1214 2233 A.
1243 2199 1360 2237 1749.
1405 2197 1505 2236 Hinc
1530 2205 1640 2251 putat
1664 2201 1766 2241 Oud.
1792 2204 1845 2241 in-

969 2248 1225 2300 telligendum
1246 2263 1360 2294 esse.
1387 2268 1453 2292 cur
1465 2257 1699 2308 teyularine
1710 2259 1775 2297 vel
1790 2265 1842 2299 te.-

967 2306 1173 2357 9ellariae
1185 2308 1356 2348 mulieris
1370 2310 1462 2350 illac
1472 2312 1744 2354 denominatae
1758 2315 1845 2363 fue—

967 2361 1042 2400 rint
1076 2364 1285 2404 veneficae.
1348 2366 1430 2419 [l‘ta
1472 2382 1534 2420 ap.
1572 2368 1667 2410 Isid.
1707 2371 1844 2412 Gloss.

966 2430 1004 2468 p.
1031 2419 1123 2460 696.
1150 2422 1442 2474 coniungendae
1467 2425 1644 2465 videntur
1669 2428 1845 2468 Glossae

967 2477 1007 2512 et
1031 2475 1084 2513 ita
1108 2476 1317 2528 legendum
1342 2481 1569 2534 teyullarz‘a
1581 2484 1771 2537 malefica
1797 2496 1844 2524 co

969 2533 1086 2583 quod
1109 2547 1239 2586 sec-pra
1255 2537 1416 2588 {equlas
1427 2540 1654 2591 sacrificat.-
1680 2543 1722 2579 in
1745 2542 1844 2581 aliis

968 2589 1185 2640 teyellaria
1210 2593 1418 2646 venefica]

1018 2647 1279 2699 perflatae‘lem..
1331 2649 1409 2701 [Ex
1435 2651 1616 2690 librorum
1642 2667 1840 2694 consensu

964 2700 1019 2738 ita
1042 2703 1200 2753 scripsi,
1233 2718 1349 2754 quum
1380 2711 1542 2758 utraque
1568 2708 1745 2748 formatio
1771 2724 1842 2762 per

964 2756 1182 2809 analogiam
1221 2763 1493 2813 comprobetur
1529 2768 1568 2802 et
1608 2767 1713 2817 apud
1752 2772 1840 2814 vett.

965 2814 1000 2850 in
1031 2827 1105 2852 usu
1136 2817 1197 2854 sit.
1251 2817 1476 2870 Exempli&
1508 2824 1550 2858 nt
1580 2822 1629 2860 ab
1655 2821 1757 2862 Oud.
1785 2824 1840 2864 sa-

965 2872 1066 2907 ctum
1092 2879 1171 2916 est,
1196 2887 1261 2910 res
1287 2876 1453 2925 singulis
1479 2876 1575 2915 locis
1600 2891 1676 2917 non
1700 2882 1842 2931 poterit

956 2926 1109 2966 confici.
1138 2927 1255 2974 Quod
1280 2930 1413 2969 Barth.
1439 2932 1541 2970 Adv.
1555 2933 1605 2972 V.
1631 2938 1666 2975 6.
1691 2950 1729 2988 p.
1745 2940 1838 2987 218.

966 2980 1058 3032 legit
1070 2987 1280 3036 perstatile'
1294 2988 1457 3038 quisine
1472 2989 1588 3028 dubio
1602 2994 1838 3045 typographi

965 3051 1070 3077 error
1094 3045 1157 3079 est
1180 3042 1404 3096 ridiculus]
1719 3052 1727 3095 f

1022 3097 1082 3135 ad
1106 3111 1239 3137 omnes
1267 3101 1482 3141 orientales
1506 3108 1742 3157 ceterosque
1765 3108 1844 3158 ad·-

964 3156 1136 3204 spectus.
1153 3152 1370 3208 [Maximae
1384 3157 1590 3198 offensioni
1603 3163 1836 3202 suntverba:
