2221 3667
337 157 420 199 274

589 157 648 213 J..
678 158 897 199 APULEII
927 156 1327 199 MADAL'RENSIS
1353 156 1902 201 -METAMORPHOSEON

337 283 519 320 recussa,
553 270 748 325 longeque
778 272 1047 313 vehementius
1080 269 1272 310 afflictare
1304 283 1413 321 sese,
1447 277 1486 310 et
1516 278 1649 325 pectus
1676 271 1790 312 etiam
1817 273 1954 326 palmis
1979 271 2135 312 infestis

337 326 522 376 tundere,
552 335 591 367 et
618 330 754 369 faciem
783 329 885 369 illam
925 328 1142 368 luculenter
1172 326 1387 366 verberare
1412 327 1568 380 incipit,
1604 335 1643 367 et
1673 328 1874 379 aniculae,
1902 342 2134 382 quamquam

337 382 622 424 instantissime
655 400 815 425 caussas
849 385 939 424 novi
972 391 1010 423 ct
1039 382 1249 422 instaurati
1282 383 1474 423 moeroris
1512 384 1750 437 requirenti,
1789 385 1846 424 sic
1882 386 2134 439 adsuspirans

337 439 453 479 altius
479 440 583 480 infit:
613 440 712 482 Hem
740 456 842 481 nunc
869 448 995 490 certe,
1025 453 1128 478 nunc
1153 438 1325 479 maxime
1347 440 1520 480 funditus
1540 440 1658 494 perii,
1687 455 1790 481 nunc
1809 441 1890 495 spei
1910 441 2136 482 salutiferae

337 554 532 593 afflictare!
555 559 574 587 f.
597 566 625 593 p.
664 556 878 595 asstantium?
891 558 929 585 D.

978 555 1145 592 etpalmis
1166 558 1201 585 G.
1219 558 1247 585 1.

1297 556 1414 593 inm'pil
1434 558 1469 586 F.
1485 559 1515 585 3.
1536 560 1572 586 G.
1591 559 1616 586 1.
1635 559 1718 587 Iunt.
1732 560 1763 587 2.
1794 560 1829 586 In
1850 558 1985 592 reliquis
2003 557 2138 594 incepit.

337 603 440 631 Plane
454 605 512 631 hoc
526 607 637 633 vocab.
653 604 765 631 omini!
782 604 816 632 B.
855 601 981 628 doloris
996 604 1028 628 et
1042 601 1207 628 moeroris
1221 603 1257 630 G.
1272 603 1298 630 1.
1314 602 1348 631 O.
1381 602 1587 639 requirentis
1601 605 1715 632 Venet.
1730 605 1856 632 2.1un=.
1874 605 1901 632 1.
1917 605 1945 632 2.
1962 604 2036 632 Ani.
2074 601 2137 630 ad-

336 649 556 684 ens-suspirans
572 649 592 677 f.
629 648 712 675 enim
728 656 814 674 nunt·
829 650 863 676 G.
876 649 906 675 2.
924 648 958 675 P.
973 648 1011 675 D.
1026 648 1108 681 quod
1124 654 1164 675 ex
1178 654 1227 673 rm
1243 641 1308 683 (ι’)ῖι
1322 648 1378 676 i.e.
1393 647 1510 683 enim),
1537 652 1567 676 ut
1594 649 1627 676 in
1643 648 1662 677 t'.
1679 649 1813 686 legitur,
1839 651 1891 677 vel
1906 656 1944 676 eu
1958 652 2007 677 est
2020 649 2138 683 depra-

335 697 455 722 vatum.

335 790 385 843 ‹iq
394 795 542 838 ocimo-cg
561 789 653 830 αὐτὸ
673 787 715 829 τὸ
730 795 1056 842 μετεωροποιῆσαι
1072 793 1124 843 (p.
1141 794 1206 832 69.

337 850 511 888 destinat
540 847 586 898 riq
598 855 698 887 οσιοΐ
723 846 908 898 ἀφορίζει,
940 846 1136 899 ἀπονέμει)
1169 852 1208 885 et

334 919 371 956 p.
398 910 459 944 47.
495 905 717 943 coniventia
747 901 1002 956 μετεωρισμός
1032 908 1071 942 et
1097 906 1206 944 coni-

337 976 404 1001 reo
428 958 510 1010 μύω
536 958 698 1010 καμμύω
722 962 945 1013 μετᾰωρίζω,
973 962 1075 999 unde
1101 961 1205 999 vide-

335 1032 418 1055 mus
451 1017 638 1055 cohibere
669 1018 689 1055 i.
717 1030 750 1056 e.
784 1019 988 1057 destinare
1024 1022 1065 1056 ut
1096 1019 1205 1057 coni-

334 1087 421 1112 cere
458 1075 548 1110 item
581 1087 676 1111 esse
715 1079 944 1126 corruptum.
995 1077 1206 1126 ΠΙετηορισ-

332 1128 400 1180 po,-
439 1129 573 1168 Gloss.
608 1130 673 1168 Gr.
706 1143 742 1181 p.
776 1128 823 1168 ΙΙ.
856 1135 950 1173 539.
989 1132 1207 1183 explicatur

334 1186 1208 1238 dissimulatio,quasigniiicationeconnivere

333 1243 435 1294 apud
463 1241 685 1281 Ciceronem
712 1248 774 1281 est
799 1245 1106 1284 usitatissimum.
1158 1244 1203 1283 cf.

334 1298 410 1338 (Tic.
438 1298 546 1337 Coei.
567 1304 631 1340 24.
659 1299 763 1338 Gell.
784 1299 827 1338 ll.
845 1305 880 1341 2.
908 1301 956 1339 al.
1016 1301 1123 1339 Idem
1150 1315 1206 1339 er-

333 1370 392 1394 ror
417 1360 480 1394 est
504 1357 538 1394 in
561 1356 721 1395 Glossis
742 1356 830 1395 lsid.
857 1371 893 1408 p.
911 1362 1003 1398 672.
1031 1358 1206 1398 coniroli

335 1413 563 1452 concordes
595 1414 723 1452 iuncti
755 1417 794 1452 et
824 1428 862 1465 p.
896 1418 987 1455 676.
1024 1415 1206 1454 coliibnli

336 1470 561 1509 concordes
576 1471 795 1509 cmn'uncti.
829 1469 884 1508 Ita
897 1473 1058 1509 restituo
1070 1471 1203 1509 Gloss.

335 1526 513 1577 Fulgcnt.
540 1540 575 1577 p.
604 1531 696 1567 780.
722 1530 880 1566 nictare
905 1530 1007 1567 enim
1033 1528 1205 1567 dicimus

336 1585 498 1623 cinnam
536 1586 680 1635 facere
715 1597 784 1635 pro
828 1586 1011 1623 conicum
1049 1587 1204 1636 facere.

340 1641 530 1680 Coniram
561 1641 661 1677 enim
691 1641 724 1678 in
757 1654 830 1679 usu
863 1641 984 1679 fuisse
1015 1644 1207 1678 testantur

338 1697 474 1736 Gloss.
500 1695 655 1735 Philox.
680 1711 718 1748 p.
745 1702 810 1737 47.
876 1697 1067 1736 Conirnm
1093 1692 1210 1742 κάλυξ

335 1751 451 1805 ῥόδου
480 1750 669 1804 μεμυκώς,
702 1757 742 1791 ut
771 1755 956 1793 conicum
986 1753 1127 1791 deinde
1159 1752 1209 1791 ad

334 1824 448 1849 rosas
484 1810 712 1848 translatum
748 1812 907 1861 primum
940 1811 1208 1849 coniventiam

336 1869 478 1919 ipsam,
528 1867 679 1906 nictum
726 1867 902 1904 videatur
950 1865 1205 1917 significasse.

334 1922 457 1962 Porro
479 1920 805 1974 Hygin.ltlytl101.
828 1937 857 1961 e.
876 1923 897 1962 l.
920 1937 956 1974 p.
972 1923 997 1961 l.
1021 1923 1205 1961 emendo:

336 1981 453 2020 Mors
462 1979 911 2025 Lethmn,Connc'centia
921 1979 1052 2032 (codd.
1064 1980 1208 2018 habent

341 2039 629 2087 Continentia).
669 2037 858 2083 Somnus,
898 2037 1078 2082 Somnia,
1107 2050 1207 2087 quae

337 2095 557 2132 coniectura
572 2094 695 2145 magis
710 2095 892 2146 probatur
906 2093 1207 2144 quamMunkeri

337 2151 451 2189 lectio
480 2150 694 2190 Contcnlio
726 2154 884 2202 propter
909 2164 1083 2202 sequens
1109 2150 1208 2189 Dis-

337 2209 483 2247 cordia
511 2212 548 2244 et
574 2207 677 2258 quod
703 2208 771 2245 toti
798 2208 918 2245 ordini
946 2222 1018 2246 non
1045 2221 1206 2258 respon-

336 2265 413 2303 det.
475 2263 527 2303 Ut
556 2278 579 2302 a
604 2264 740 2303 Morte
765 2263 815 2301 ad
841 2264 1010 2305 Letlznm
1037 2264 1211 2315 procedit

336 2323 392 2360 sic
406 2336 429 2360 a
447 2322 709 2360 Conniccnte'a
730 2321 778 2359 ad
795 2321 988 2359 fortiorem
1005 2321 1208 2360 Somnum.

338 2379 404 2417 Sic
428 2377 530 2416 male
557 2377 694 2429 legitur
719 2377 821 2429 apud
837 2377 965 2428 Spart.
980 2380 1014 2416 in
1043 2379 1103 2416 vit.
1135 2377 1209 2415 Pe-

336 2434 593 2484 scennNigr.
621 2448 651 2472 c.
667 2438 703 2474 3.
731 2448 766 2485 p.
784 2438 877 2475 648.
905 2436 939 2472 in
962 2434 1207 2473 Palat.cod.:

337 2492 507 2533 saltant.
548 2492 692 2535 virent,
725 2496 895 2530 cantant
923 2497 960 2530 et
991 2505 1207 2536 mensuras,

339 2549 612 2589 concii-iorum
640 2553 758 2586 vocat
783 2562 869 2586 cnm
895 2548 974 2587 hoc
998 2549 1081 2587 sine
1108 2562 1208 2586 men-

337 2620 431 2645 sura
454 2610 623 2657 potare,-
652 2604 717 2642 ubi
739 2604 859 2642 Salm.
886 2606 1010 2643 minus
1036 2609 1127 2655 apte
1154 2605 1208 2643 bi-

339 2663 437 2701 lmnt
460 2661 550 2699 mibi
578 2661 726 2699 videtur
752 2661 979 2699 coniecisse.
1040 2661 1126 2712 Ego
1151 2665 1206 2699 to-

338 2723 416 2757 tum
444 2719 569 2756 locum
594 2719 645 2756 ita
670 2718 845 2755 restituo:
884 2718 1051 2765 saltant,
1078 2720 1211 2757 nircnt

342 2776 379 2827 [i.
397 2789 428 2813 e.
445 2776 629 2815 conivent
643 2774 851 2827 dormiunt]
868 2778 1039 2814 cantant
1052 2779 1089 2813 ct
1104 2789 1208 2814 men-

339 2847 432 2871 sura
450 2832 727 2871 conviciorum
743 2836 911 2870 coeatur
925 2831 1003 2871 hoc:
1015 2833 1207 2870 sinemen-

337 2903 431 2927 sura
455 2893 614 2940 potare.
674 2886 858 2939 Alioquin
884 2886 1010 2938 magis
1036 2888 1211 2938 placeret

341 2950 472 2983 nment
502 2958 570 2995 pro
596 2946 732 2983 nii-ent
755 2946 775 2984 i.
792 2959 824 2983 c.
852 2944 1023 2989 hument,
1050 2946 1082 2982 si
1109 2958 1211 2982 com-

341 3001 491 3051 probari
522 3005 679 3052 posset.
712 3001 872 3041 humere
900 3004 941 3038 ut
973 3002 1136 3040 madere
1161 3001 1210 3039 de

341 3072 386 3094 eo
413 3058 504 3102 dici,
532 3059 603 3109 ιμιί
629 3059 717 3096 re'no
744 3063 801 3097 est
823 3058 1032 3111 gyrat-idas.
1093 3057 1209 3095 Deni-

341 3127 415 3163 que
442 3114 556 3164 plane
582 3114 805 3164 spernenda
829 3114 1035 3165 explicatio
1050 3113 1134 3151 lntt.
1161 3115 1210 3152 ad

341 3168 448 3207 fest.
481 3183 516 3219 p.
544 3174 636 3211 338.
668 3170 779 3209 Lind.
811 3171 920 3209 vocis
952 3172 1138 3210 com'rola
1170 3184 1208 3221 p.

503 692 586 721 hera
601 696 693 722 nabet
710 695 745 721 G.
762 694 789 720 1.
805 701 860 727 pro
873 691 945 719 laem
961 700 1064 726 neque
1078 690 1154 719 heia
1171 696 1204 720 ut
1218 693 1299 722 oud.
1314 694 1346 721 in
1361 693 1524 728 excerptis
1537 694 1608 722 suis
1622 694 1710 729 legit.

1266 795 1332 832 48.
1360 791 1463 843 quod
1489 805 1627 830 omnes
1646 791 1787 831 Dacer.
1814 793 1939 832 secuti
1964 806 1987 831 a
2012 806 2138 832 coneo

1264 848 1329 885 vel
1356 862 1455 887 coeo
1482 848 1674 894 derivant,
1707 862 1941 901 quamquam
1967 849 2055 887 inde
2084 848 2137 886 fa-

1267 904 1341 942 cile
1372 906 1498 955 possit
1529 905 1707 954 intelligi,
1745 920 1810 944 cur
1840 907 1876 944 in
1910 906 2069 944 Glossis
2100 908 2139 943 et

1266 961 1409 1012 ubique
1438 961 1518 999 fere
1544 962 1710 1013 simplici
1731 976 1755 1000 n
1778 962 1902 1000 littera
1921 961 2136 1014 scribatur]

1324 1018 1608 1071 lymphaticus.
1672 1018 1992 1072 [Lymphaticns
2028 1017 2136 1056 furio-

1266 1088 1336 1112 sus
1358 1074 1502 1119 dicitur.
1531 1075 1594 1125 qui
1620 1089 1771 1113 summo
1799 1076 1911 1114 animi
1937 1079 2081 1113 terrore
2101 1078 2140 1112 et

1267 1132 1582 1170 consternatione
1608 1132 1657 1170 ad
1684 1133 1870 1170 insaniam
1896 1133 2045 1169 excitus
2066 1135 2138 1177 est,

1268 1188 1379 1240 quasi
1430 1189 1613 1227 attonitus
1662 1193 1801 1227 mente.
1884 1187 2139 1226 Potissimum

1264 1258 1358 1282 vero
1385 1245 1615 1298 lymphatio
1639 1246 1674 1282 in
1701 1250 1845 1283 terrore
1865 1245 2006 1283 insistit
2024 1244 2141 1296 plane

1265 1303 1470 1339 temerario
1485 1305 1523 1339 et
1537 1315 1685 1340 vesano
1707 1295 1753 1340 cf.
1770 1300 1978 1340 Meffl‘ffl.
1996 1315 2032 1353 p.
2046 1304 2138 1341 575.

1265 1372 1302 1409 p.
1330 1361 1421 1398 581.
1455 1357 1505 1395 de
1532 1358 1679 1396 Mundo
1707 1372 1741 1410 p.
1770 1362 1859 1398 327.
1902 1357 2034 1396 Horat.
2061 1356 2136 1395 Od.

1267 1414 1295 1453 Ι.
1316 1418 1379 1454 37.
1406 1419 1466 1454 14.
1489 1414 1586 1452 Stat.
1610 1414 1733 1453 Theb.
1756 1414 1804 1453 X.
1828 1419 1920 1455 557.
1940 1413 2063 1453 Bach.
2089 1413 2139 1451 ad

1265 1470 1379 1509 Ovid.
1407 1471 1502 1509 Met.
1524 1469 1595 1509 Xl.
1611 1475 1646 1511 3.
1674 1471 1803 1510 Doed.
1833 1471 1928 1522 Syn.
1948 1470 1993 1509 Π.
2021 1484 2056 1522 p.
2075 1475 2136 1510 17.

1264 1527 1333 1566 Vl.
1359 1542 1394 1578 p.
1423 1532 1515 1567 205.
1544 1527 1643 1565 Cort.
1671 1528 1719 1566 ad
1748 1528 1893 1571 Lucan.
1920 1526 1946 1565 l.
1970 1527 2082 1580 496]

1322 1585 1480 1635 incipit.
1505 1582 1703 1622 Praesens
1717 1589 1758 1622 ut
1771 1585 1994 1629 scriberem,
2008 1584 2140 1635 optimi

1267 1640 1378 1678 codd.
1406 1640 1667 1690 postularunt,
1695 1655 1794 1692 quos
1816 1655 1846 1679 c.
1862 1640 1965 1679 Oud.
1979 1644 2140 1679 secutus

1269 1710 1374 1741 snm,
1401 1697 1464 1747 qui
1491 1702 1687 1747 comparat
1711 1697 1806 1735 Met.
1823 1696 1918 1748 ll.p.
1935 1701 2027 1738 258.
2054 1697 2142 1736 Nec

1267 1767 1383 1792 mora
1399 1767 1488 1792 cnm
1504 1754 1823 1805 praestolamur,
1851 1758 1889 1792 et
1914 1755 1965 1792 ita
1984 1766 2141 1804 semper

1268 1823 1342 1848 nec
1356 1824 1469 1848 mora
1485 1824 1570 1848 cum
1585 1811 1788 1848 indicativo
1804 1812 2025 1862 praesentis
2035 1811 2141 1861 Apu-

1268 1865 1365 1904 leius
1392 1867 1609 1918 coniungit..
1634 1865 1809 1905 Omissio
1836 1868 1962 1906 vocis:
1994 1868 2143 1918 incipit

1267 1923 1302 1960 in
1323 1923 1407 1961 cod.
1424 1922 1517 1961 Bert
1549 1923 1636 1961 serri
1660 1938 1732 1962 non
1759 1928 1909 1974 potest,
1936 1938 2022 1962 cum
2049 1923 2140 1962 talis

1267 1980 1486 2025 infinitivus,
1514 1993 1627 2030 quem
1643 1980 1784 2026 dicunt,
1810 1981 2016 2019 absolutus
2032 1993 2140 2032 prae-

1268 2037 1432 2074 cedente
1450 2036 1638 2087 particula
1653 2051 1740 2076 cnm
1755 2037 1881 2075 locum
1896 2051 1968 2075 non
1983 2037 2139 2082 habeat,

1267 2093 1529 2132 utOud.bene
1543 2093 1832 2132 demonstravit.
1855 2093 2033 2146 [Librarii
2048 2098 2140 2145 puto

1268 2164 1361 2188 esse
1393 2151 1597 2195 inscitiam,
1631 2151 1692 2201 qui
1726 2151 1827 2201 quod
1860 2154 1981 2189 totum
2013 2150 2137 2188 locum

1268 2208 1391 2245 obiter
1429 2208 1670 2258 inspexerat,
1708 2220 1793 2257 seq.
1831 2209 1921 2260 infit
1949 2207 2140 2258 deceptus

1271 2269 1349 2310 est,
1376 2269 1416 2302 ut
1441 2266 1546 2315 prius
1572 2265 1738 2315 incipit,
1766 2263 1868 2315 qnod
1901 2263 2002 2302 idem
2028 2265 2062 2302 ei
2087 2264 2139 2301 vi-

1269 2320 1433 2359 debatur
1457 2321 1691 2371 significare,
1720 2319 1912 2372 efficeret]

1326 2378 1425 2416 leem.
1451 2377 1590 2415 Errare
1614 2376 1705 2414 mibi
1733 2377 1880 2415 videtur
1904 2376 2030 2415 Hand.
2047 2374 2139 2414 Tur-

1268 2433 1356 2472 sell.
1382 2433 1442 2472 ΙΙΙ.
1470 2448 1506 2485 p.
1529 2437 1612 2479 53..
1640 2435 1702 2483 qni
1729 2434 1814 2472 Item
1839 2434 2139 2472 interiectionem

1268 2492 1447 2542 nuspiam
1462 2490 1534 2528 dici
1550 2503 1670 2541 posse
1685 2490 1896 2537 confirmet,
1922 2491 1987 2528 ubi
2007 2489 2139 2528 dolen-

1267 2549 1317 2586 tis
1338 2552 1375 2585 et
1394 2547 1683 2597 ingemiscentis
1704 2551 1782 2593 est,
1808 2547 2064 2585 subtilissima
2076 2559 2139 2584 sa-

1268 2606 1316 2642 tis
1335 2604 1482 2642 ratione
1501 2617 1547 2641 ea
1562 2603 1744 2653 exempla
1763 2605 2049 2654 interpretatus,
2074 2603 2138 2641 ubi

1267 2662 1353 2713 ipse
1391 2662 1600 2699 invenerat.
1660 2658 1906 2710 Quamquam
1956 2658 2140 2697 facillima

1269 2722 1331 2755 est
1354 2718 1497 2768 ubique
1518 2717 1673 2755 mutatio
1695 2718 1728 2754 in
1750 2716 1826 2755 lien
1838 2715 1902 2753 vel
1917 2730 1982 2760 en,
2009 2719 2137 2753 tamen

1268 2788 1342 2813 non
1371 2774 1499 2818 video,
1527 2788 1592 2812 cur
1615 2773 1652 2811 id
1678 2786 1882 2824 ponamus,
1909 2773 2138 2822 praesertim

1269 2845 1385 2882 quum
1401 2829 1563 2869 Charisii
1589 2830 1796 2868 auctoritas
1816 2843 1852 2880 p.
1868 2833 1960 2869 214.
1976 2827 2137 2867 Putsch.

1269 2889 1423 2926 disertis
1438 2887 1566 2925 verbis
1589 2887 1832 2925 adversetur:
1864 2886 1904 2925 C.
1924 2885 2139 2925 Gracchus

1272 2946 1331 2985 nli
1362 2945 1431 2984 leat
1464 2945 1642 2995 Papiria
1675 2943 1930 2993 accipiatur.-
1968 2942 2139 2982 Pessimi

1266 3004 1442 3054 fratrem.
1468 3014 1593 3039 meam
1613 3000 1805 3051 optimam.
1825 3000 2117 3050 interfecerunt
2125 3014 2137 3037 .·

1270 3058 1355 3097 leem
1370 3058 1516 3101 ridete,
1533 3070 1652 3109 quam
1670 3069 1752 3107 par
1763 3056 1861 3106 pari
1874 3056 1955 3093 sint.
1983 3054 2037 3094 At
2052 3055 2136 3107 qui-

1270 3115 1358 3153 dem
1378 3114 1462 3152 Item
1474 3127 1558 3165 pro
1577 3126 1622 3151 en
1650 3111 1785 3150 rolant
1810 3125 1901 3157 esse,
1926 3111 1997 3150 sed
2023 3111 2141 3149 decet

1269 3171 1645 3209 commemoratione
1671 3170 1886 3219 fraternae
1916 3168 2054 3207 mortis
2079 3167 2136 3206 in-
