2155 3590
685 134 871 181 LIBER
893 140 943 182 V.

1001 139 1071 181 CA
1081 140 1126 182 P.
1142 138 1273 181 -XVL
1777 139 1861 184 347

623 345 1055 394 CAPUT
1155 340 1318 402 XVI.

194 477 273 519 Sed
297 478 385 518 dum
411 477 581 533 Zephyri
605 478 815 531 tranquillo
840 479 977 533 spiritu
1002 479 1230 520 sublimatae
1254 480 1407 519 domum
1431 480 1615 530 redeunt,
1643 479 1700 520 sic
1724 494 1856 522 secum

85 534 338 575 altercantes:
385 533 510 587 Quid,
542 548 670 584 soror,
705 534 865 575 dicimus
895 536 940 575 de
970 542 1048 575 tam
1073 543 1321 576 monstruoso
1347 536 1477 576 fatuae
1501 535 1604 576 illius
1629 537 1856 577 mendacio?

85 647 263 687 candenti
295 647 435 686 canitie
466 646 629 686 lucidus.
680 645 777 699 Quis
808 647 893 697 ille,
927 662 1037 701 quem
1070 649 1254 702 temporis
1286 648 1423 688 modici
1454 648 1618 702 spatium
1652 649 1854 703 repentina

169 774 364 812 requierunt
377 782 413 804 π.
438 773 614 804 rederm‘tG.
629 777 657 804 1.
673 783 728 809 pro
741 774 888 805 redeunt.
936 775 1144 804 altercantes
1157 777 1193 806 F.
1211 778 1237 805 1.
1251 778 1282 805 3.
1295 778 1330 806 Β.
1349 779 1431 806 Ιιιῃῐ.
1446 778 1475 806 1.
1489 778 1520 806 2.
1538 777 1614 806 Am.
1651 775 1855 804 aurit-antes

81 821 129 849 ed.
144 828 189 855 pr.
203 821 315 849 Vener.
329 821 359 849 2.
374 822 404 848 4.
416 820 541 849 Vicent.
566 815 616 858 (in
630 827 702 849 mea.
714 824 889 849 correctum
903 822 935 849 in
949 820 1184 856 altercantes).
1211 821 1428 850 altercantur
1440 824 1475 850 G.
1491 823 1521 851 1.
1534 824 1565 851 2.
1579 824 1618 852 D.
1632 822 1712 851 Ro.
1725 825 1769 851 M.
1784 819 1855 861 [λδ.

80 859 291 893 n‘ltrz‘cantur
302 866 340 894 R.
354 865 377 894 s.
423 868 633 893 monstruoso
646 866 682 894 F.
698 867 727 894 ·1.
741 867 772 901 3,
789 867 824 894 G.
840 867 868 894 2.
882 867 918 894 P.
933 867 966 895 Ο.
981 863 1009 895 δῖ
1023 875 1056 900 φ.
1069 874 1098 901 p.
1112 866 1134 895 f.
1161 869 1347 895 moslruose
1361 869 1396 896 G.
1412 869 1440 896 1.
1454 873 1474 896 a
1486 875 1527 896 m.
1540 875 1572 902 p.
1591 868 1648 896 sed
1665 870 1854 895 mostruoso

79 917 100 940 a
113 918 152 939 m.
165 918 208 947 s.‚
234 917 317 944 quae
329 911 439 939 eadem
451 914 499 939 est
517 911 612 939 lectio
628 912 666 939 D.
689 912 727 939 [ιι
746 911 859 939 ceteris
878 914 1075 939 monstroso.
1123 909 1317 939 adulescens
1337 913 1372 941 F.
1390 914 1418 941 1.
1432 913 1462 941 3.
1476 913 1513 941 B.
1548 910 1757 940 adolesscens
1773 914 1808 942 G.
1826 914 1855 941 1.

77 958 114 984 In
139 955 254 984 celeris
278 956 370 983 libris
389 960 419 984 et
437 957 507 984 edd.
527 959 604 984 vett.
624 960 671 984 est
695 953 898 985 adulescens.
944 955 1032 983 hunc
1046 958 1162 982 aetate
1179 957 1260 985 Elin.
1275 965 1381 986 errore
1401 960 1646 992 typothetarum.
1695 956 1857 985 candenti

78 1001 278 1029 desideratur
289 1001 321 1028 in
335 1001 370 1030 0.
417 1009 485 1038 qua
495 1008 552 1035 pro
565 1008 658 1038 quem
673 1002 708 1030 G.
724 1002 753 1029 1.
766 1007 785 1029 a
799 1008 839 1029 m.
852 1008 882 1035 p.
905 1002 963 1038 qni
973 1002 1009 1030 0.
1055 998 1173 1027 medici
1183 1002 1220 1030 D.
1235 1008 1255 1029 a
1268 1010 1306 1031 m.
1322 1010 1350 1036 p.
1397 1001 1506 1038 spacii
1518 1002 1540 1032 f,

76 1099 175 1138 Nam
205 1100 240 1136 si
269 1099 319 1138 ad
349 1098 475 1150 legem
500 1103 586 1138 cett.
610 1100 934 1137 substantivorum

77 1159 117 1194 ut
142 1155 402 1200 obstaculum,
426 1156 724 1207 receptaculum
749 1158 835 1193 cett.
861 1154 934 1193 for-

75 1216 219 1250 matum
234 1215 360 1257 esset,
385 1212 587 1251 sectaculo
602 1210 661 1248 vel
669 1212 937 1262 provenirent

75 1268 137 1307 hic
161 1267 236 1318 legi
262 1266 453 1319 deberet.]

132 1323 217 1362 CAP.
242 1322 349 1361 XVI.
403 1323 652 1363 altercantes.
708 1322 795 1362 Hoc
819 1324 931 1376 parti-

75 1381 228 1432 cipium,
242 1379 344 1431 quod
360 1379 491 1431 optimi
505 1379 615 1418 codd.
629 1384 791 1426 tuentur,
807 1393 933 1418 emen-

75 1437 166 1474 dare
189 1435 309 1482 nolui,
335 1435 565 1487 quamquam
590 1435 749 1474 alterum
780 1436 932 1475 facilius

75 1497 137 1531 est
160 1493 427 1532 altercantur.
474 1493 543 1530 Vir
567 1492 705 1530 doctus
720 1494 754 1530 in
770 1493 829 1531 ed.
845 1505 933 1531 mea

75 1549 180 1588 Colv.
201 1549 379 1587 correxit:
406 1549 627 1588 altercant:
651 1553 697 1587 at
719 1550 830 1602 quid.
857 1549 931 1587 Re-

73 1606 198 1644 ferunt
209 1606 436 1656 interpretes
450 1605 500 1643 ad
513 1618 584 1644 eos
599 1605 707 1643 locos
720 1606 784 1643 ubi
804 1607 929 1651 aiunt,

73 1663 265 1715 inquiunt
286 1661 425 1699 similia
450 1662 599 1700 omissa
622 1666 728 1709 sunt;
754 1662 803 1701 cf.
824 1663 932 1713 Yirg.

72 1719 171 1757 Aen.
202 1715 246 1756 ll.
278 1721 369 1758 675.
411 1716 478 1758 lv,
516 1722 552 1758 4.
585 1722 667 1764 16.,
713 1719 775 1769 qui
805 1723 932 1758 tamen

73 1774 268 1825 aliquanto
294 1773 475 1812 differunt
499 1774 545 1813 cf.
560 1774 658 1813 Met.
671 1774 737 1813 Vl.
753 1789 789 1827 p.
804 1779 896 1816 400.

126 1835 388 1870 monstruoso.
428 1830 614 1883 [Saepius
632 1831 731 1870 haec
743 1832 933 1871 adiectiva

71 1887 106 1925 in
131 1901 251 1927 uosus
270 1890 309 1925 et
328 1901 418 1926 osus
441 1889 664 1938 permutari,
689 1889 932 1927 notissimum

72 1947 149 1991 est3
173 1956 266 1995 prae
280 1944 419 1982 ceteris
434 1944 579 1982 variant
591 1945 702 1983 codd.
716 1944 813 1982 inter
826 1959 932 1983 mon-

71 2005 250 2040 struosus
274 2004 313 2037 et
336 2005 589 2039 monstrosus.
636 2001 829 2039 Diversae
843 2005 934 2039 sunt

72 2057 121 2095 de
144 2059 305 2106 utraque
317 2056 585 2094 terminatione
598 2058 828 2096 sententiae.
853 2058 934 2096 Alii

71 2113 188 2158 enim,
218 2117 260 2150 ut
283 2111 421 2150 Heum.
447 2112 497 2150 ad
519 2112 630 2152 Lact.
656 2113 681 2150 I.
709 2117 773 2153 20.
797 2112 830 2163 ξ.
855 2117 933 2158 36.,

69 2170 211 2208 rectius
223 2173 486 2207 monstrosum
499 2169 615 2206 scribi
628 2173 810 2220 putantes
821 2200 829 2214 ,
854 2184 933 2208 mo-

71 2225 206 2264 nachis
236 2224 353 2263 medii
384 2225 468 2262 aevi
499 2224 659 2263 alteram
686 2225 846 2263 formam
870 2226 931 2264 tri-

68 2283 199 2320 buunt.
224 2280 359 2320 Munk.
374 2281 422 2319 ad
442 2280 551 2319 Lact.
567 2281 702 2331 Virgil.
717 2281 932 2321 Continent.

68 2352 108 2390 p.
132 2341 224 2378 742.
256 2337 307 2376 ad
336 2350 383 2376 ea
414 2336 530 2375 refert
556 2337 760 2384 vocabula,
792 2339 931 2388 quibus

68 2394 295 2447 posterioris
327 2395 413 2432 aevi
443 2395 655 2445 scriptores
686 2394 882 2446 superflue
905 2410 932 2434 u

69 2451 302 2490 inferserint:
327 2454 369 2488 ut
380 2455 663 2495 monstruosus,
688 2456 928 2497 montuosus,

69 2511 315 2560 eyestuosus.
339 2506 432 2552 Alii,
451 2510 493 2544 ut
506 2506 714 2549 Scheffm..
730 2507 929 2553 Heinsius,

67 2563 421 2603 Burmann.rectius
434 2563 468 2601 in
483 2576 599 2614 prosa
613 2563 685 2602 dici
698 2564 932 2610 existimant,

68 2624 358 2664 monstruosus,
389 2633 503 2671 quam
534 2625 796 2666 monstrosus,
827 2620 931 2670 quod

68 2676 196 2729 poetis
219 2676 346 2727 magis
371 2675 558 2714 familiare
582 2676 642 2714 sit.
669 2676 859 2716 cfiBurm.
879 2675 930 2715 ad

67 2730 224 2771 Petron.
250 2746 281 2771 c.
298 2734 361 2773 69.
386 2745 425 2783 p.
440 2735 518 2772 343
534 2745 612 2782 sq.:
638 2731 700 2771 alii
715 2737 755 2771 ut
767 2731 929 2771 Ramsh.

70 2787 284 2840 Synonym.
310 2787 355 2827 T.
369 2787 396 2827 l.
422 2802 458 2840 p.
483 2787 607 2827 XCV.
633 2788 792 2826 formam
812 2803 931 2829 uosus

68 2845 320 2896 antiquiorem
329 2845 582 2895 pronuntiant.
597 2844 646 2884 cf.
655 2844 776 2884 Orell.
785 2845 931 2884 Arnob.

68 2899 136 2939 Vl.
163 2904 227 2942 26.
253 2901 300 2940 Τ.
326 2900 371 2939 ΙΙ.
402 2914 439 2952 p.
467 2904 561 2941 396.
607 2900 709 2939 Oud.
741 2901 791 2940 ad
822 2901 930 2940 Suet.

69 2955 154 2996 Tib.
180 2961 245 2998 43.
281 2970 318 3009 p.
345 2962 408 2997 41.
445 2957 494 2995 ad
523 2957 669 2996 Domit.
700 2962 737 2997 4.
772 2971 811 3010 p.
837 2960 930 2998 902.

68 3011 127 3050 lta
148 3013 248 3051 bene
271 3013 391 3052 habet
419 3013 480 3052 ed.
512 3012 633 3052 Paris.
659 3012 854 3052 Censorin.
881 3013 931 3051 de

70 3068 140 3108 die
162 3069 259 3109 Nat.
295 3083 325 3108 c.
352 3074 388 3110 4.
425 3068 454 3119 §.
482 3073 516 3111 6.
552 3070 689 3109 nescio
721 3084 774 3109 an
800 3070 931 3122 mayis

69 3130 356 3172 monstruosus,
382 3126 484 3177 quod
498 3126 734 3166 recentiores
748 3125 835 3165 edd.
847 3138 931 3179 per·

990 1100 1150 1137 turbant.
1176 1097 1368 1150 Equidem
1382 1101 1481 1139 haec
1495 1100 1575 1139 fere
1588 1102 1726 1149 habeo,
1753 1114 1854 1154 quae

990 1155 1163 1207 proferre
1190 1156 1351 1207 possim.
1400 1157 1438 1195 A
1468 1159 1638 1208 partibus
1665 1159 1764 1197 enim
1789 1172 1852 1197 eo·

990 1225 1069 1250 rum
1085 1216 1165 1257 sto,
1192 1211 1255 1261 qui
1280 1218 1540 1255 monstrosus.
1565 1220 1765 1254 montosus
1778 1214 1855 1253 alia

989 1268 1186 1306 meliorem
1206 1281 1299 1306 esse
1321 1268 1480 1306 formam
1494 1270 1725 1316 existimant,
1753 1285 1853 1323 quae

990 1325 1191 1374 analogiae
1206 1326 1348 1376 optime
1363 1326 1589 1376 respondet.
1617 1339 1731 1376 quum
1753 1341 1854 1378 quae

991 1394 1014 1418 a
1044 1385 1200 1431 quartae
1231 1381 1498 1420 declinationis
1523 1383 1766 1420 substantivo
1793 1397 1853 1421 re-

989 1441 1169 1489 petuntur
1192 1437 1379 1476 adiectim
1405 1439 1667 1476 tantummodo
1699 1440 1750 1477 ita
1783 1440 1853 1478 for-

989 1494 1082 1532 mari
1125 1493 1297 1532 soleant:
1339 1497 1599 1546 fructuosus,
1640 1496 1853 1542 saltuosas,

990 1551 1205 1595 vultuosus,
1223 1553 1454 1603 fluctuosus.
1482 1550 1520 1589 In
1537 1550 1735 1590 Ciceronis
1751 1557 1855 1591 certe

989 1608 1142 1658 optimis
1174 1607 1283 1645 codd.
1315 1620 1473 1658 semper
1503 1614 1722 1662 moutosus,
1755 1623 1854 1660 por-

992 1669 1168 1702 tentosas
1194 1662 1242 1701 al.
1268 1663 1549 1714 praeferuntur:
1583 1664 1632 1703 cf.
1653 1664 1782 1704 Garat.
1803 1665 1854 1704 ad

992 1719 1068 1759 Cic.
1078 1733 1146 1771 pro
1157 1718 1287 1758 Plane.
1306 1734 1335 1758 c.
1347 1724 1381 1761 9.
1391 1725 1500 1771 p.55.
1527 1720 1669 1768 Orell.‚
1691 1726 1730 1759 et
1742 1723 1855 1760 miror

990 1778 1238 1828 interpretes,
1271 1777 1333 1826 qui
1365 1777 1468 1827 apud
1495 1776 1569 1816 Cic.
1597 1777 1646 1815 de
1671 1778 1782 1817 divin.
1808 1777 1854 1819 Π.

991 1837 1054 1873 32.
1081 1833 1110 1884 ᾧ.
1127 1835 1191 1873 69.
1216 1835 1617 1873 monstruosissimam
1642 1834 1854 1882 ediderunt,

988 1889 1092 1927 unde
1117 1902 1345 1939 persuasum
1372 1893 1450 1934 est,
1481 1891 1516 1927 in
1542 1891 1688 1941 probae
1713 1892 1853 1930 aetatis
1889 1886 1894 1891 ”

990 1946 1241 1996 scriptoribus
1272 1945 1372 1984 hanc
1406 1946 1531 1984 solam
1568 1946 1728 1986 formam
1759 1961 1853 1986 esse

990 2002 1275 2041 admittendam.
1312 2000 1373 2039 Ex
1401 2002 1582 2053 analogia
1605 2017 1696 2042 vero
1721 2017 1853 2043 eorum

991 2058 1284 2102 adiectivorum,
1310 2059 1459 2108 quaein
1474 2073 1595 2099 uosus
1613 2060 1795 2099 desinunt
1814 2064 1854 2099 et

989 2115 1226 2166 praeceteris
1262 2115 1297 2152 in
1334 2120 1489 2161 tuosus,
1527 2115 1670 2154 factum
1703 2117 1853 2155 videtur

992 2183 1101 2215 esse,
1131 2174 1173 2208 ut
1200 2171 1404 2221 posteriori
1434 2176 1563 2210 aetate
1594 2173 1670 2211 alia
1695 2187 1852 2225 quoque

989 2230 1120 2266 contra
1143 2226 1314 2277 regulam
1339 2228 1392 2265 ita
1420 2227 1688 2275 formarentur,
1722 2244 1852 2282 quam-

990 2295 1102 2334 quam
1129 2282 1167 2321 id
1192 2296 1274 2321 cum
1289 2283 1506 2323 Heumann.
1525 2285 1574 2323 ad
1599 2286 1765 2325 mediam
1789 2300 1853 2324 ae-

988 2343 1106 2378 tatem
1121 2353 1195 2377 non
1208 2340 1411 2379 retulerim.
1437 2339 1690 2380 Potissimum
1704 2342 1741 2380 id
1754 2344 1789 2381 in
1805 2344 1852 2382 iis

991 2399 1152 2447 apparet
1164 2402 1366 2448 peccatum
1381 2410 1487 2444 esse,
1497 2411 1598 2449 quae
1612 2400 1701 2438 item
1717 2401 1751 2437 in
1767 2404 1851 2439 tuo—

987 2467 1052 2492 sus
1076 2457 1235 2498 exeunt,
1265 2457 1308 2492 ut
1335 2459 1639 2506 portentuosus,
1669 2461 1852 2495 montuo-

987 2523 1068 2554 sus,
1094 2514 1338 2562 eyestuosus,
1366 2510 1505 2548 deinde
1525 2512 1637 2549 etiam
1658 2513 1691 2549 in
1713 2511 1799 2550 aliis
1814 2517 1854 2551 ut

988 2570 1271 2613 monstruosus,
1288 2568 1515 2613 clorsuosus.
1531 2581 1741 2607 nexuosas.
1767 2568 1853 2607 Hoc

989 2625 1091 2660 certe
1129 2621 1218 2660 licet
1253 2623 1448 2668 affirmari,
1485 2624 1519 2661 in
1550 2624 1706 2675 Apuleii
1737 2624 1850 2664 codd.

987 2679 1140 2728 optimis
1166 2677 1266 2718 hanc
1291 2693 1446 2730 semper
1469 2680 1651 2732 praeferri
1675 2680 1850 2720 termina-

986 2734 1139 2772 tionem.
1188 2734 1233 2773 cf.
1260 2735 1355 2774 Met.
1372 2736 1418 2774 V.
1443 2750 1481 2788 p.
1507 2740 1599 2777 367.
1625 2737 1850 2778 hircuosus.

987 2788 1055 2828 IX.
1081 2803 1118 2842 p.
1147 2794 1238 2832 666.
1258 2797 1549 2844 portentuosus
1573 2797 1612 2831 et
1635 2795 1795 2845 saepius
1813 2795 1849 2833 in

989 2846 1094 2892 aliis,
1118 2850 1160 2885 ut
1183 2860 1254 2885 suo
1281 2861 1435 2899 quoque
1461 2849 1547 2887 loco
1572 2849 1819 2904 videbimus]

1044 2907 1175 2942 aetate
1187 2905 1333 2943 media.
1370 2904 1569 2956 [Aetatem
1582 2905 1760 2957 intelligit
1771 2920 1848 2946 me-

988 2959 1089 2997 diam
1115 2960 1210 2997 inter
1234 2961 1436 2998 iuvenilem
1462 2965 1501 2999 et
1519 2962 1694 3002 senilem.
1718 2963 1848 3002 Burm.

988 3015 1036 3053 ad
1061 3014 1174 3053 Ovid.
1201 3015 1294 3055 Met.
1315 3016 1398 3056 ΧΠ.
1424 3021 1516 3057 464.
1543 3012 1592 3056 ad
1622 3017 1847 3059 Phaedr.11.

988 3075 1024 3112 2.
1051 3075 1087 3112 3.
1112 3073 1294 3111 aetatis
1318 3073 1501 3113 mediae
1532 3076 1744 3127 quemdam
1767 3091 1847 3117 mu-

987 3127 1063 3168 lier·
1085 3141 1167 3167 non
1190 3129 1307 3168 rudis
1330 3129 1521 3184 tenebat]

84 590 196 631 Tunc
211 588 476 646 adulelscens,
493 591 604 630 modo
625 590 778 630 florenti
797 591 980 644 lanugine
999 592 1159 632 barbam
1176 592 1391 642 instruens,
1415 590 1423 646 Ι
1442 606 1545 632 nuuc
1563 599 1690 632 aetate
1710 594 1853 644 media,
1880 571 1919 659 {1⁵
1921 571 1979 658 ilfi]
