2221 3667
333 136 415 177 830
595 135 642 173 1..
674 133 892 173 APULEII
920 134 1319 174 MADAURENSIS
1350 136 1889 180 METAMORPHOSEON

331 247 421 301 quid
445 252 599 286 secreto
625 252 667 285 ut
691 245 854 285 affirmas
880 245 1064 286 mulieres
1090 245 1288 299 gesserint
1309 247 1415 288 scire
1437 249 1623 302 potuisti?
1644 250 1792 304 Accipe
1814 252 1957 305 igitur,
1985 264 2116 305 quem-

330 302 534 343 admodum
561 301 674 341 homo
700 301 900 353 curiosus,
931 301 1094 342 iumenti
1125 302 1265 342 faciem
1290 303 1512 354 sustinens,
1549 311 1687 344 cuncta
1718 319 1816 358 quae
1839 307 1880 346 in
1904 307 2116 362 perniciem

210 366 304 405 [¹231]
335 357 521 415 }pist0ris
553 357 630 397 mei
661 364 773 411 gesta
803 365 895 398 sunt
924 358 1108 411 cognovi.
1174 356 1291 399 Diem
1323 360 1448 400 ferme
1480 360 1585 400 circa
1615 361 1780 400 mediam
1815 370 1976 416 repente
2009 364 2116 404 intra

328 414 535 469 pistrinum
567 413 708 454 mulier
738 421 852 455 reatu
881 415 1053 467 miraque
1083 413 1242 455 tristitie
1273 415 1460 456 deformis
1491 416 1690 470 apparuit,
1728 416 1847 457 flebili
1883 420 2116 460 centunculo

327 470 590 521 semiamicta,
636 470 749 511 nudis
787 477 826 510 ct
859 470 1016 510 intectis
1053 470 1233 524 pedibus,
1279 471 1412 512 lurore
1447 471 1578 512 buxeo
1614 472 1814 526 macieque
1850 474 2026 526 foedata3
2077 482 2116 516 et

239 534 298 566 051
328 527 546 581 discerptae
566 525 572 583 Ι
595 540 728 567 comae
760 527 1003 577 semicanae,
1036 528 1242 568 sordentes
1267 527 1449 582 inspersu
1480 528 1646 579 cineris,
1678 529 1902 583 pleramque
1933 530 2018 570 eius
2046 544 2115 571 an-

327 583 551 624 teventulae
588 583 851 637 contegebant
880 583 1034 623 faciem.
1085 582 1195 623 Haec
1232 584 1343 636 talis,
1381 598 1500 624 manu
1535 585 1674 639 pistori
1710 585 1919 626 clementer
1953 586 2113 638 iniecta,

323 690 454 726 egerint
473 690 528 727 B.,
553 690 635 723 quod
650 690 729 717 Oud.
745 688 821 716 dicit
841 697 878 717 se
897 691 1106 723 probaturum
1126 688 1244 727 fuisse,
1270 690 1299 718 si
1313 690 1373 718 alii
1393 690 1483 718 codd.
1503 691 1725 728 addixissent,
1751 691 1829 726 quia
1848 695 2003 725 sequatur
2017 694 2117 729 gesta

324 737 414 764 sunl.
438 735 483 762 At
496 736 576 763 haec
590 742 652 761 non
668 734 873 767 persuadent.
922 734 1089 761 tristitiae
1102 735 1228 763 Vicent.
1256 734 1405 762 tristitia
1419 736 1454 763 G.
1470 737 1499 763 2.
1515 734 1553 764 D.
1569 733 1597 764 δ’.
1616 737 1698 765 lunt.
1711 738 1743 765 2.
1781 734 1898 773 flebili
1915 737 2117 765 desideratur

323 781 357 808 in
372 782 407 808 G.
426 781 454 809 1.
503 777 676 806 centumalo
692 779 766 807 G.2.
781 779 818 807 P.
832 779 865 807 in
879 780 1040 813 excerptis
1055 781 1094 808 ad
1108 787 1209 814 marg.
1223 780 1272 808 ed.
1288 780 1376 809 Colv.
1402 779 1578 807 centua-ulo
1592 782 1630 810 D.
1665 780 1864 808 sentientem
1875 783 1914 810 D.
1949 781 2067 809 incelis
2075 783 2114 810 D.

322 825 420 853 buseo
440 826 478 853 1).
515 823 630 851 hussen
650 824 686 851 G.
710 824 737 852 1.
784 821 928 851 disi-eree
945 825 984 853 D.
1022 822 1169 860 discepte
1189 826 1224 853 G.
1249 826 1276 853 1.
1323 825 1480 862 inspersa
1498 827 1534 853 G.
1556 827 1584 855 1.
1621 826 1796 863 inspersae
1815 827 1851 855 0.
1894 825 2059 864 pleraque
2078 827 2115 855 P.

323 872 404 899 Coll.
424 871 525 899 Voss.
557 867 742 906 plerasque
761 869 799 897 R.
815 868 835 897 f.
883 868 1111 897 (172.z·eL·eulIlle
1125 871 1160 899 G.
1176 871 1205 899 1.
1219 872 1249 898 2.
1263 871 1299 899 P.
1313 871 1352 899 D.
1365 871 1403 898 R.
1418 871 1440 899 f.
1477 870 1682 898 axeoentule
1701 872 1735 900 Ο.
1761 871 1802 901 cf.
1822 873 1863 900 ad
1875 872 1994 900 Florid.
2014 879 2045 906 p.
2061 873 2112 900 14.

322 916 432 943 crines
446 915 516 942 eius
529 912 685 941 remulsis
699 913 805 941 antiis
819 916 852 940 et
859 913 1043 950 promulsis
1057 915 1233 952 caproneis
1254 923 1276 941 α
1285 924 1304 941 n
1315 918 1351 942 te
1360 923 1378 943 v
1387 923 1431 942 en
1442 918 1482 942 tu
1491 915 1522 942 la·
1540 918 1572 942 et
1581 915 1793 952 propenduli.
1828 923 1921 944 anxe
1934 919 2071 944 veritate
2078 917 2113 944 P.

321 961 355 989 in
369 960 528 994 excerptis
542 960 581 987 ad
596 967 695 994 marg.
711 960 758 987 ed.
775 959 864 988 Cotv.
911 957 966 987 laic
978 960 999 989 f.
1026 958 1088 987 hoc
1100 969 1131 995 p.
1174 960 1319 997 pistoris
1333 961 1368 990 F.
1383 962 1413 989 3.
1428 962 1464 990 G.
1475 962 1544 990 1.2.
1559 962 1593 990 0.
1608 963 1646 991 D.
1660 963 1696 991 L.
1711 961 1733 991 f.
1748 965 1777 990 et
1791 963 1862 991 edd.
1876 965 1952 991 ante
1963 962 2113 991 Beroald.

319 1007 356 1034 In
370 1008 443 1034 cett.
457 1004 594 1041 pistori.
642 1003 808 1042 quispiam
828 1006 864 1033 G.
881 1005 910 1034 1.

321 1091 748 1144 prehendendis,unde
763 1091 1021 1143 saciiepotest
1034 1092 1186 1131 formari
1247 1094 1398 1131 coniicit
1427 1094 1539 1133 sutili
1570 1092 1737 1146 ῥακιοόὸῃ
1767 1094 1828 1133 vel
1850 1093 1970 1147 futili
1997 1096 2112 1133 πολυ-

319 1148 548 1195 nasutulus,
592 1148 695 1198 quod
732 1161 815 1187 voc.
848 1148 949 1187 salso
986 1149 1022 1187 in
1059 1149 1185 1188 lexico

319 1205 487 1244 Forcell.
513 1217 563 1242 ex
585 1205 745 1256 Apuleii
769 1205 876 1243 libris
902 1204 1071 1258 citatur.]

375 1266 597 1301 contentus.
646 1260 803 1311 [Contra
816 1263 984 1313 optimos
998 1262 1110 1301 codd.
1124 1262 1187 1301 hic

317 1320 399 1370 egi,
424 1318 489 1370 qui
515 1321 737 1357 constanter
757 1318 961 1357 lectionem
981 1324 1186 1359 contectus

317 1379 487 1421 tuentur,
520 1388 635 1425 quum
667 1379 875 1414 contentus
903 1373 1039 1413 melior
1069 1375 1184 1414 lectio

317 1431 407 1470 mihi
420 1431 593 1469 videatur
606 1444 712 1469 esse.
728 1431 774 1469 cs.
789 1431 838 1469 ad
850 1428 948 1471 Met.
960 1429 1028 1471 IX.
1043 1445 1080 1482 p.
1091 1435 1182 1472 603.

316 1489 448 1527 intra
473 1487 692 1538 hospitium
717 1492 966 1533 contenta,
991 1488 1054 1525 ubi
1069 1487 1182 1527 codd.

316 1545 408 1583 item
432 1544 663 1594 discrepant.
715 1544 929 1585 Contectus
954 1545 975 1582 i.
997 1557 1031 1583 e.
1056 1549 1182 1583 tectus

315 1601 477 1653 probam
513 1599 744 1639 sententiam
781 1600 936 1638 efficere
970 1600 1062 1638 mihi
1104 1614 1180 1639 non

315 1656 584 1709 persuadetur,
609 1656 659 1694 ad
684 1657 833 1695 asinum
859 1656 892 1694 si
917 1657 1093 1708 respicis,
1120 1657 1184 1707 qui

315 1714 498 1752 detentus
523 1716 602 1758 est,
634 1716 751 1763 atque
781 1712 985 1764 impeditur
1009 1714 1106 1751 intra
1129 1713 1183 1764 pi-

313 1770 491 1814 strinum,
540 1769 745 1819 quominus
793 1783 893 1820 quae
939 1770 1182 1807 extrinsecus

315 1830 430 1878 gesta
442 1828 532 1863 sunt
545 1826 784 1876 comperiret.
825 1826 1037 1865 Contectus
1055 1825 1180 1876 magis

315 1882 365 1920 ad
383 1894 471 1919 eum
491 1881 717 1932 pertineret,
744 1882 807 1931 qui
828 1881 985 1919 defendi
1007 1887 1047 1920 et
1070 1895 1093 1919 a
1117 1895 1183 1933 pe-

314 1938 432 1977 riculo
461 1939 674 1976 sustentari
705 1938 833 1977 debet.
880 1937 944 1976 De
975 1938 1182 1976 indicativo

316 1995 492 2048 coynovi
516 1993 564 2033 cf.
590 1994 639 2032 ad
665 1994 762 2033 Met.
788 1993 813 2033 Ι.
839 2007 875 2046 p.
903 1998 966 2035 78.
995 1996 1182 2046 quemad-

315 2052 477 2091 modum
500 2051 600 2089 mali
624 2051 805 2090 debent
828 2051 1038 2103 coerceri]

369 2107 497 2162 flebili
521 2108 764 2147 centunculo
788 2109 1045 2147 semiamicta.
1095 2107 1181 2160 [De

314 2169 424 2203 reatu
437 2167 716 2210 accusatorum,
732 2164 792 2215 qui
808 2164 966 2202 barbam
981 2164 1178 2217 capillum-

316 2235 392 2273 que
427 2220 703 2272 promittebant
733 2220 1011 2271 sordidamque
1046 2226 1179 2272 togam

314 2277 544 2323 induebant,
589 2281 631 2315 ut
677 2277 842 2315 iudicum
878 2278 1178 2316 misericordiam

315 2337 605 2373 commoverent
631 2333 681 2372 cs.
699 2332 856 2373 Ruhnk.
876 2333 977 2372 Dict.
998 2335 1048 2372 ad
1069 2334 1176 2373 Suet.

313 2392 417 2442 Aug.
449 2395 514 2431 32.
545 2403 582 2442 p.
617 2394 709 2431 149.
751 2389 861 2441 Lips.
903 2389 1027 2429 Elect.
1058 2390 1084 2428 l.
1115 2395 1177 2432 13.

314 2447 434 2500 Apul.
458 2445 632 2487 Met.111.
658 2461 695 2498 p.
714 2450 803 2486 185.
829 2447 972 2486 mulier
1058 2448 1177 2487 lacri-

316 2519 425 2543 mosa
450 2509 489 2543 et
503 2504 673 2557 flebilis,
699 2508 791 2542 atra
810 2508 912 2542 reste
931 2509 1118 2544 contecta
1131 2535 1139 2543 .
1152 2535 1177 2543 ..

315 2576 366 2600 uc
386 2574 497 2612 pone
522 2574 608 2599 eam
632 2573 732 2599 anus
756 2560 841 2599 alia
867 2562 1046 2611 pannis
1076 2561 1178 2600 lior-

314 2618 442 2656 riclis
467 2617 636 2656 obsita.
675 2615 825 2655 Ferrar.
851 2616 900 2654 de
925 2615 987 2654 Re
1010 2616 1124 2656 Vest.
1150 2617 1178 2657 I.

315 2678 380 2714 21.
395 2675 430 2712 in
445 2673 585 2712 Graev.
601 2671 722 2712 Thes.
735 2673 868 2724 Antiq.
887 2672 934 2712 T.
948 2672 1016 2711 Vl.
1035 2688 1073 2726 p.
1089 2678 1180 2715 659.

317 2730 415 2768 Tum
445 2730 607 2768 haerent
642 2729 726 2768 lntt.
758 2730 794 2767 in
825 2729 1016 2780 scriptura
1038 2731 1179 2783 flebili,

314 2800 430 2837 quam
448 2786 619 2825 VVower.
645 2786 841 2825 emendari
858 2785 939 2825 vult
962 2786 1000 2824 in
1024 2788 1180 2835 scissili,

314 2856 461 2881 morem
495 2847 669 2881 veterum
705 2844 740 2881 in
778 2843 883 2881 luctu
917 2847 956 2881 et
990 2857 1033 2881 re
1069 2846 1182 2884 anxia

314 2899 515 2937 scindendi
531 2903 668 2938 vestes
685 2901 916 2953 respiciens,
942 2899 988 2938 cs.
1003 2900 1100 2940 Met.
1114 2900 1180 2941 lV.

316 2969 352 3006 p.
367 2960 460 2996 ⁴289.
474 2962 716 2996 moerentem
736 2962 775 2997 et
793 2958 923 2995 crines
943 2970 1031 2996 cum
1056 2963 1182 2997 veste

317 3026 388 3051 sua
415 3013 723 3060 lacerantem,
747 3013 850 3052 vul.
872 3026 908 3064 p.
925 3017 1017 3054 529.
1043 3015 1181 3055 adhuc

318 3074 466 3107 restes
497 3070 814 3115 lacerantem3
850 3069 965 3109 Ovid.
989 3070 1087 3110 Met.
1114 3070 1180 3109 lv.

319 3128 429 3164 544..
455 3125 634 3177 idemque
663 3127 802 3177 probat
830 3125 1030 3167 Pricaeus.
1078 3127 1180 3166 ond.

1244 1148 1369 1202 θύρῳ,
1395 1150 1445 1188 de
1470 1151 1611 1201 quibus
1636 1165 1719 1190 roe.
1745 1151 1951 1189 videndum
1975 1154 2038 1189 est
2061 1150 2112 1188 ad

1243 1206 1343 1246 Met.
1357 1206 1384 1246 I.
1403 1220 1440 1257 p.
1454 1210 1521 1247 29.
1546 1208 1687 1246 sutili
1713 1207 1957 1248 centunculo
2046 1206 2112 1245 ob-

1243 1264 1367 1309 terit,-
1391 1267 1431 1301 et
1454 1276 1687 1314 quamquam
1711 1265 1798 1315 ipse
1824 1264 2027 1302 lectionem
2042 1264 2112 1316 fle·

1245 1320 1318 1358 bili
1339 1320 1500 1371 probam
1520 1332 1614 1358 esse
1633 1323 1759 1371 putat,
1784 1321 1968 1358 rationem
1981 1323 2110 1358 tamen

1244 1390 1320 1427 qua
1345 1376 1382 1414 id
1408 1376 1487 1413 fieri
1511 1378 1656 1428 possit,
1689 1391 1762 1414 non
1794 1376 1912 1415 addit.
1960 1376 2110 1415 Flebili

1243 1433 1485 1472 centunculo
1517 1433 1671 1484 explico
1698 1433 1941 1473 centunculo
1962 1431 2111 1486 flebilis

1241 1489 1263 1526 i.
1286 1502 1319 1526 e.
1337 1490 1473 1542 flentis
1503 1488 1551 1527 cs.
1577 1489 1628 1528 ad
1652 1488 1749 1528 Met.
1775 1489 1835 1528 III.
1861 1503 1897 1539 p.
1927 1493 2038 1534 185„
2068 1492 2109 1526 ut

1240 1544 1471 1584 adiectivum
1495 1545 1581 1584 loco
1609 1545 1762 1595 genitivi
1783 1545 2015 1584 substantivi
2041 1558 2108 1596 ap-

1238 1602 1409 1653 positum
1422 1602 1473 1639 sit
1498 1601 1545 1640 cs.
1561 1601 1608 1639 ad
1622 1601 1718 1640 Met.
1734 1601 1760 1640 I.
1775 1614 1813 1652 p.
1830 1605 1894 1642 67.
1909 1601 1954 1640 ll.
1969 1605 2109 1653 p.129.

1243 1657 1411 1697 Flebilis
1446 1670 1536 1695 vero
1572 1671 1642 1708 pro
1679 1656 1827 1709 lugenti
1862 1658 1924 1696 hic
1965 1658 2107 1695 dictum

1243 1727 1337 1752 esse
1361 1713 1554 1765 probatur.
1592 1713 1685 1752 Erat
1709 1728 1826 1764 quum
1852 1727 1925 1765 ego
1949 1714 2108 1767 flebilis,

1243 1769 1488 1810 centunculo
1513 1771 1759 1809 semiamicta
1784 1770 2042 1816 emendarem,
2066 1774 2110 1807 ut

1238 1825 1334 1864 Met.
1360 1825 1421 1863 111.
1435 1839 1474 1877 p.
1490 1830 1579 1867 185.
1605 1827 1748 1866 mulier
1772 1827 1919 1881 flebilis
2015 1831 2106 1865 atra

1241 1887 1343 1921 veste
1368 1887 1571 1928 contecta,
1597 1886 1636 1920 et
1661 1881 1765 1920 VIII.
1786 1886 1930 1935 p.498.
1953 1884 2105 1936 fleta...

1238 1941 1443 1989 fuscaque
1463 1945 1565 1978 reste
1579 1943 1782 1985 contecta,
1809 1953 1925 1990 quum
1945 1943 2105 1978 centun-

1242 1996 1356 2035 culus
1375 1996 1450 2033 iam
1469 1996 1520 2034 sit
1539 1995 1662 2033 vestis
1675 1995 1806 2034 multis
1821 1997 1947 2046 iisque
1961 1994 2104 2033 diversi

1241 2052 1383 2090 coloris
1431 2053 1660 2090 centonibus
1702 2056 1884 2098 consuta,
1927 2052 2106 2103 pannis

1239 2109 1461 2147 horridis
1486 2109 1664 2154 obsita,
1689 2112 1730 2147 ut
1754 2108 1872 2160 Apul.
1900 2107 1991 2146 dicit
2008 2107 2104 2146 Met.

1236 2165 1273 2203 d.
1289 2165 1312 2203 l.
1339 2165 1473 2216 Saepe
1492 2166 1592 2204 enim
1612 2165 1647 2203 in
1667 2165 1781 2204 codd.
1794 2169 1915 2204 sante
1927 2163 2104 2202 voculam

1235 2234 1260 2259 a
1290 2236 1313 2261 c
1342 2221 1468 2259 littera
1496 2222 1739 2273 incipientem
1763 2220 2011 2272 praecedenti
2041 2226 2107 2259 aut

1235 2280 1464 2324 annectitur,
1489 2282 1530 2316 ut
1549 2279 1679 2317 statim
1694 2278 1909 2317 videbimus
1922 2278 1957 2316 in
1971 2290 2104 2328 seqq„

1236 2339 1303 2373 aut
1332 2334 1542 2373 obducitur.
1592 2334 1674 2373 Sed
1710 2348 1810 2373 nune
1845 2347 1908 2372 me
1944 2334 2106 2385 impedit

1235 2392 1439 2430 verborum
1471 2392 1722 2438 concinnitas,
1761 2404 1862 2443 quae
1895 2394 1939 2429 ut
1968 2390 2106 2441 cuique

1236 2448 1479 2486 substantivo
1504 2448 1665 2486 addatur
1689 2448 1921 2487 adiectivum
1945 2447 2100 2499 apertis-

1237 2505 1335 2542 sime
1360 2503 1570 2557 postulat.]

1293 2562 1502 2600 sordentes
1528 2562 1712 2613 inspersu
1736 2561 1894 2600 cineris.
1942 2559 2104 2610 Longus

1237 2622 1300 2656 est
1314 2617 1573 2664 Steweehius,
1599 2618 1700 2656 hunc
1723 2630 1870 2655 morem
1895 2615 2105 2667 lugentium

1239 2674 1432 2726 exemplis
1456 2676 1619 2720 munire,
1649 2674 1699 2712 de
1730 2687 1806 2725 quo
1833 2673 1910 2711 dixi
1934 2672 1984 2712 ad
2008 2672 2104 2712 Met.

1238 2730 1341 2769 VIII.
1362 2745 1398 2782 p.
1413 2734 1507 2772 498.
1532 2732 1724 2770 ambabus
1741 2729 1924 2769 manibus
1943 2729 2103 2769 trahens

1240 2789 1509 2828 cinerosam
1545 2788 1822 2826 canitiem.
1892 2784 2105 2824 Praeterea.

1238 2844 1341 2882 idem
1365 2857 1433 2895 pro
1454 2844 1692 2897 pleramque
1715 2843 1922 2894 Apuleium
1943 2843 2105 2894 plerane

1238 2901 1450 2953 scripsisse
1490 2901 1715 2946 arbitratur,
1757 2912 1858 2950 quae
1900 2898 2104 2938 archaismi

1239 2958 1408 3009 captatio
1433 2956 1526 2995 nulli
1551 2958 1653 2995 bono
1679 2959 1752 2995 est.
1789 2955 1844 2994 At
1866 2956 1957 2993 vide
1980 2955 2031 2993 de
2055 2968 2104 2992 eo

1241 3014 1413 3053 Torrent.
1438 3013 1489 3052 ad
1514 3013 1622 3052 Suet.
1649 3011 1734 3052 Tib.
1758 3027 1789 3051 c.
1817 3016 1881 3052 75.
1909 3011 2103 3064 [Fortsch.

1239 3070 1289 3110 ad
1312 3071 1433 3110 Voss.
1458 3070 1579 3109 Arist.
1605 3069 1652 3108 T.
1677 3068 1706 3108 Ι.
1731 3082 1769 3120 p.
1794 3067 1905 3120 481]

1295 3142 1415 3168 manu
1436 3127 1589 3179 pistori
1606 3126 1819 3166 clementer
1837 3126 1999 3164 iniecta.
2027 3123 2101 3176 [In-
