2155 3590
686 160 876 202 LIBER.
912 160 1006 202 VII.

1066 159 1195 201 CAP.
1224 159 1319 200 Vll.
1817 157 1900 200 539

110 275 242 317 vitatis
265 273 387 314 maris
412 272 614 324 fluctibus,
641 272 895 314 incubabant.
944 272 1168 314 Invadimus
1193 278 1234 312 et
1256 270 1459 324 diripimus
1484 270 1636 322 omnia3
1670 283 1743 311 nec
1768 277 1899 310 tamen

110 330 282 386 periculo
318 329 398 370 levi
431 330 574 370 tentati
609 329 875 370 discessimus.
932 327 1058 370 Simul
1093 341 1260 382 namque
1284 328 1450 382 primum
1475 340 1614 366 sonum
1644 327 1786 367 ianuae
1815 338 1899 365 ma-

107 435 231 464 nitatis
244 437 355 470 aperto
367 435 447 464 vitio
461 437 495 464 0.
542 433 752 463 incubabant
761 436 797 464 F.
813 436 844 464 1.
858 436 888 464 3.
903 436 939 464 G.
955 436 984 464 1.
997 436 1029 463 2.
1042 436 1082 463 Ι).
1096 435 1131 463 0.
1145 435 1182 463 Ρ.
1197 430 1226 464 ὃ.
1242 433 1263 462 f.
1277 441 1309 469 p.
1329 434 1366 462 In
1384 435 1458 461 cett.
1472 430 1665 461 incubabat.
1713 429 1900 467 di'rupz‘mus

106 482 144 510 G.
160 482 189 510 1.
213 478 408 517 dirm'pz‘mus
420 481 548 510 Vicent.
595 487 743 508 somnum
757 481 792 508 F.
810 482 839 509 1.

108 556 181 595 secl
205 569 305 596 cum
323 557 550 608 primu-m,
585 561 632 595 ut
655 569 783 608 aeque
801 555 971 606 placue-

106 617 193 658 rat,
230 614 395 652 conscio
432 613 580 652 lumine
616 612 745 651 cultus
775 613 858 651 eius
893 612 971 651 acl-

106 683 160 720 sp
170 669 261 714 exi,
277 669 395 707 video
409 669 549 707 mirum
562 667 848 719 spectaculum.
874 667 971 706 Met.

108 723 333 775 v1.p.405.
355 725 494 762 eadem
512 725 547 762 in
567 738 624 762 re:
650 724 722 763 secl
748 737 851 763 cum
870 725 970 775 pri-

106 795 220 821 mum
240 781 455 832 praedicti
474 781 563 833 iuyi
578 781 846 820 conterminos
860 781 972 818 locos

104 837 318 890 appulit,
344 837 454 876 ridet
471 837 768 889 difficultatem.
794 835 890 874 Met.
904 835 973 875 IX.

103 907 142 945 p.
163 897 255 934 647.
276 894 348 932 secl
367 907 455 932 cum
471 894 647 946 primum
664 897 756 931 rota
777 892 888 931 Solis
913 893 973 931 lu*

107 950 204 989 cida
230 950 336 988 diem
354 951 570 1002 peperit,
686 948 972 988 obverberans.-

105 1007 178 1052 Te,
209 1010 342 1046 autem
377 1007 522 1058 inquit.
577 1004 620 1044 In
649 1018 762 1055 seqq.
797 1005 973 1055 sequitur

104 1063 256 1102 abiicit.
282 1061 377 1100 Met.
391 1061 459 1099 XI.
484 1075 523 1113 p.
549 1066 642 1103 781.
672 1075 764 1101 nam
788 1075 847 1100 me
872 1075 973 1100 cum

101 1120 310 1170 primum
341 1120 503 1170 nefasto
528 1120 703 1171 teymine
728 1118 846 1168 desp
859 1118 976 1156 olia-

103 1179 242 1214 verat
261 1176 409 1219 asinus,
424 1205 432 1213 .
444 1204 452 1212 .
463 1205 472 1213 .
485 1175 707 1213 velamento
722 1187 781 1212 me
794 1173 977 1212 naturali

101 1231 234 1282 probe
256 1231 562 1269 municeram.
578 1229 721 1268 Florid.
737 1243 773 1281 p.
789 1232 853 1269 68.
874 1242 977 1268 cum

96 1288 305 1340 primum
329 1287 460 1338 igitur
473 1287 590 1338 apud
603 1286 827 1324 Persianas
847 1298 977 1337 aquas

192 1356 373 1394 yressmn
397 1343 700 1393 reciperavi,
732 1341 974 1380 veniebam

99 1399 328 1442 redditum,
377 1398 492 1447 quod
532 1399 792 1450 pepiyeram.
852 1395 972 1447 Apol.

98 1469 138 1507 p.
152 1458 246 1495 568.
270 1468 391 1506 quum
409 1455 535 1506 prim
545 1469 568 1493 u
579 1469 614 1492 m
634 1453 847 1505 epistolam
862 1458 973 1493 tuam

98 1512 274 1564 Rufinus
308 1510 418 1549 mala
438 1511 524 1562 fide
561 1514 868 1561 excerperet,

98 1581 232 1606 nonne
269 1570 365 1606 tunc
402 1571 560 1606 ceterae
598 1567 761 1604 litterae
858 1579 971 1617 pro-

99 1623 402 1663 clamassent.
433 1621 530 1661 Met.
546 1621 650 1660 vill.
676 1635 712 1673 p.
740 1626 834 1662 507.
873 1636 973 1660 cum

92 1681 301 1732 primum
329 1677 496 1718 Charite
509 1679 699 1718 nubendo
718 1679 973 1718 maturuis-

98 1741 186 1781 set,
212 1736 294 1774 eius
318 1749 460 1774 munus
487 1736 687 1774 obierat.
720 1733 782 1772 Ex
795 1734 973 1773 omnihus

97 1792 204 1838 istis,
225 1804 327 1842 quae
340 1791 500 1842 protuli,
521 1791 715 1844 exemplis
735 1795 842 1830 certa
857 1803 973 1841 quae-

97 1848 188 1888 dam
202 1849 298 1887 ratio
311 1847 475 1898 intelligi
496 1849 648 1898 nequit,
676 1861 791 1898 quam
811 1850 972 1886 secutus

95 1905 248 1943 videtur
273 1917 366 1942 esse
379 1903 574 1956 Apuleius
594 1905 630 1942 in
657 1903 856 1955 particulis
882 1915 972 1942 cum

95 1962 273 2014 primum
292 1960 578 1999 construendis.
620 1960 710 1998 Hoc
727 1964 875 1998 tantum
888 1962 972 2010 pot-

99 2021 163 2056 est
176 2017 387 2063 observari,
412 2016 659 2055 indicativum
673 2016 838 2067 perfecti
852 2015 903 2053 ibi
920 2015 971 2052 vi-

99 2073 181 2112 deri
201 2086 295 2111 esse
309 2074 492 2123 positum,
511 2073 577 2110 ubi
590 2086 672 2111 rem
687 2071 864 2110 celeriter
878 2084 973 2109 esse

98 2129 242 2168 factam
271 2132 311 2167 et
340 2141 493 2166 summa
523 2142 610 2166 cum
636 2129 750 2167 animi
774 2127 973 2166 alacritate

99 2189 290 2231 narratur,
315 2188 357 2223 ut
376 2185 412 2222 in
430 2185 543 2223 hisce
562 2184 660 2223 locis
673 2199 748 2223 non
762 2197 847 2222 raro
862 2196 973 2234 prae-

95 2255 206 2286 sens,
227 2240 331 2292 quod
351 2240 482 2279 dicunt
494 2240 733 2286 historicum,
746 2241 972 2291 reperiatur.

96 2298 205 2336 Idem
223 2297 314 2335 mihi
334 2297 369 2334 in
390 2298 518 2335 locum
539 2296 684 2335 Florid.
699 2311 738 2347 p.
753 2300 817 2337 68.
831 2295 974 2334 cadere

96 2354 265 2400 videtur,
292 2354 356 2404 qui
381 2353 432 2391 ad
455 2357 672 2404 temporum
698 2354 883 2391 rationem
901 2353 974 2390 mi-

98 2410 199 2450 rifice
213 2423 299 2449 cum
314 2414 446 2448 nostro
461 2410 669 2454 consentit,
682 2411 716 2447 si
731 2409 886 2460 quidem
901 2423 972 2460 ap-

92 2467 248 2520 plicuit
266 2467 434 2517 legatur,
459 2479 548 2503 nam
562 2466 614 2504 ibi
633 2479 789 2517 quoque
809 2465 972 2503 actionis

96 2524 294 2574 designari
308 2522 546 2561 celeritatem
559 2526 641 2560 tota
649 2522 812 2560 narratio
822 2521 973 2572 probat,

96 2579 202 2632 quod
216 2579 433 2631 ApuleiuS,
458 2582 501 2617 ut
518 2578 726 2630 promissis
739 2578 824 2616 suis
838 2581 973 2623 staret,

95 2649 146 2674 ne
165 2648 285 2686 aegro
306 2635 463 2686 quidem
479 2634 573 2686 pedi
585 2637 783 2686 parceret,
808 2633 975 2671 reditum

96 2691 350 2731 celeraturus.
398 2690 476 2729 Ubi
509 2704 602 2728 vero
638 2689 804 2728 narratio
839 2688 976 2728 leniter

93 2747 193 2794 fluit,
217 2761 293 2786 nec
315 2747 398 2785 ulla
422 2748 635 2798 conspicua
654 2750 717 2784 est
735 2746 849 2784 animi
869 2758 972 2784 com-

96 2803 216 2842 motio
240 2803 306 2841 vel
324 2803 504 2841 celeritas
524 2803 718 2854 quaedam
738 2803 909 2853 agentis,
935 2805 974 2839 et

96 2859 343 2898 indicativum
367 2858 746 2911 plusquanipersecti
782 2857 877 2896 Met.
902 2856 973 2896 XI.

97 2928 136 2966 p.
151 2919 244 2956 781.
259 2920 298 2954 et
310 2917 594 2954 coniunctis-um
608 2913 812 2953 Metxlll.
828 2928 864 2965 p.
880 2917 973 2954 507.

97 2970 294 3022 Apuleius
316 2972 532 3023 usurpavit.
573 2971 677 3010 Hinc
701 2970 800 3009 effici
826 2973 974 3021 potest,

96 3031 230 3066 nostro
266 3027 354 3066 loco
390 3028 637 3067 indicativum
672 3026 837 3080 perfecti
872 3027 976 3065 bene

97 3082 258 3122 defendi
280 3097 423 3136 posse,
461 3098 696 3136 quamquam
726 3083 844 3121 etiam
868 3081 976 3134 plus-

97 3139 379 3191 quamperfecti
397 3141 666 3181 coniunctivus
690 3140 884 3192 probatur.
921 3138 978 3178 At

1032 568 1148 605 quum
1173 555 1340 607 optimus
1364 553 1491 592 codex
1512 551 1685 590 Florent.
1705 554 1742 592 3.
1768 552 1900 602 adpu-

1030 612 1139 651 lisset
1149 612 1347 663 praebeat,
1375 610 1567 660 equidem,
1588 620 1822 658 quamquam
1846 607 1899 644 in-

1029 668 1263 713 vitissimus,
1290 670 1420 705 contra
1446 679 1534 704 eum
1559 677 1676 715 agere
1701 662 1842 714 nolui.]

1087 724 1350 763 tabernulam.
1398 721 1440 760 In
1455 720 1584 760 d’Orv.
1606 724 1669 758 est
1687 718 1901 758 tabernula

1032 780 1212 832 quadam
1240 779 1449 832 proxima,
1482 791 1582 828 quae
1603 775 1719 814 lectio
1745 787 1902 813 manum

1033 836 1336 875 emendatricem
1382 832 1522 872 librarii
1569 836 1705 884 aperte
1751 831 1902 882 probat,

1032 893 1096 943 qui
1122 892 1416 930 constructionis
1436 890 1594 929 alterius
1614 889 1731 941 plane
1745 889 1902 938 ignarus

1032 951 1124 986 erat.
1150 948 1198 986 cf.
1224 948 1322 986 Met.
1342 946 1408 985 IV.
1435 960 1471 997 p.
1493 944 1766 995 257.folles
1790 944 1901 983 incu-

1032 1004 1156 1043 babat
1180 1009 1280 1055 etp.
1306 1008 1398 1044 277.
1432 1003 1568 1042 lucos
1594 1002 1812 1041 consitos

1029 1060 1226 1100 incubare
1251 1059 1308 1111 [et
1330 1061 1493 1110 saepius
1518 1060 1571 1097 ita
1591 1058 1669 1109 legi
1689 1055 1794 1107 apud
1807 1055 1903 1093 scri-

1034 1120 1169 1167 ptores
1206 1118 1260 1154 rei
1295 1118 1463 1154 rusticae
1502 1115 1630 1152 lexica
1664 1113 1830 1164 probant
1864 1114 1906 1149 et

1034 1172 1166 1211 Burm.
1203 1172 1254 1210 ad
1288 1171 1444 1210 Petron.
1472 1185 1502 1209 e.
1529 1174 1613 1216 33.,
1650 1169 1716 1208 uhi
1741 1181 1791 1205 ex
1816 1166 1903 1205 cod.

1037 1227 1199 1278 Tragur.
1224 1228 1436 1279 legendum
1461 1233 1541 1265 est:
1566 1228 1608 1264 in
1636 1239 1717 1278 quo
1740 1223 1906 1277 yallina

1035 1289 1126 1322 erat
1150 1284 1291 1336 liqnea
1313 1284 1548 1335 patentibus
1579 1284 1622 1320 in
1655 1281 1788 1319 orbem
1813 1280 1904 1324 alis,

1034 1340 1190 1392 quales,
1220 1354 1342 1392 quae
1372 1339 1611 1378 incubant
1636 1351 1733 1376 ova.
1783 1336 1904 1374 Gron.

1031 1396 1081 1433 ad
1096 1396 1236 1434 Senec.
1251 1394 1401 1434 Phoen.
1417 1398 1510 1435 499.
1530 1394 1599 1432 Dr.
1615 1394 1664 1431 ad
1678 1392 1762 1430 Liv.
1776 1389 1905 1430 XXII.

1031 1452 1173 1505 2.§.3.‚
1189 1452 1251 1490 ubi
1268 1466 1316 1490 ex
1331 1450 1681 1501 cod.Harl.reeipio
1698 1448 1906 1486 lectionem

1032 1509 1260 1547 cumulatas
1286 1511 1325 1547 in
1353 1509 1474 1560 aque's
1497 1507 1683 1545 sarcinas
1708 1504 1907 1544 incumbe-

1032 1566 1142 1604 bant.
1167 1564 1312 1603 Fronto
1338 1563 1506 1615 Princip.
1533 1563 1634 1601 Hist.
1659 1575 1698 1613 p.
1724 1563 1817 1601 319.
1844 1559 1905 1597 ed.

1032 1621 1149 1660 Rom.
1198 1621 1246 1659 In
1274 1621 1456 1673 penuria
1487 1620 1622 1658 subita
1653 1618 1776 1656 ramis
1807 1629 1908 1654 non-

1032 1692 1242 1730 uunquam
1278 1682 1316 1717 et
1347 1676 1572 1729 frondibus
1606 1688 1692 1726 pro
1734 1672 1907 1725 supelle-

1033 1735 1130 1773 ctile
1155 1748 1249 1774 usus
1273 1738 1343 1779 est,
1370 1733 1636 1783 caespitem
1661 1729 1908 1769 interdum

1031 1795 1084 1829 ut
1107 1795 1265 1829 torum
1294 1789 1550 1833 incubans,
1587 1799 1766 1826 somnum
1797 1785 1909 1837 cepit

1033 1846 1175 1885 labore
1200 1850 1416 1898 paratum,
1445 1858 1530 1883 non
1559 1844 1720 1882 silentio
1753 1841 1908 1893 quaesi·

1031 1907 1125 1947 tum,
1152 1903 1214 1954 qui
1239 1902 1352 1941 locus
1377 1901 1431 1938 ita
1454 1898 1723 1938 emendandus
1749 1900 1823 1942 est,
1850 1897 1907 1936 la·

1034 1958 1131 1997 bore
1152 1963 1366 2010 paratum,
1392 1971 1477 1995 non
1506 1956 1680 2008 seynitie
1703 1952 1768 1991 vel
1792 1954 1906 1992 vino-

1033 2014 1159 2053 lentia
1186 2013 1445 2066 quaesitum]

1090 2071 1351 2110 incubabant.
1402 2068 1620 2121 [Pluralem
1634 2079 1834 2106 numerum
1846 2066 1906 2104 in-

1034 2126 1243 2166 cubabant
1270 2125 1455 2178 praetuli‚
1493 2126 1583 2176 quia
1612 2124 1735 2162 altera
1759 2123 1907 2161 videtur

1033 2196 1130 2221 esse
1154 2182 1269 2221 lectio
1290 2182 1429 2233 glossa
1448 2181 1704 2225 librariorum,
1729 2180 1795 2231 qui
1812 2182 1908 2217 tem-

1032 2252 1170 2290 porum
1201 2252 1317 2290 quam
1353 2239 1542 2290 putabant
1578 2236 1798 2287 Enallagen
1835 2249 1906 2287 ap-

1029 2295 1203 2348 pulisset
1215 2300 1254 2333 et
1266 2295 1515 2334 incubabant
1524 2293 1625 2332 serre
1639 2307 1712 2331 non
1727 2295 1906 2343 possent,

1034 2364 1268 2403 quamquam
1293 2351 1461 2401 ingenue
1487 2350 1681 2394 confiteor,
1706 2348 1798 2387 mihi
1813 2361 1906 2398 quo-

1034 2420 1110 2459 que
1123 2407 1161 2445 in
1180 2407 1294 2446 huius
1307 2406 1468 2459 pluralis
1483 2406 1744 2458 explicatione
1765 2415 1907 2455 aquam

1031 2464 1207 2503 haerere.
1254 2462 1480 2502 Levissime
1512 2462 1614 2501 Oud.
1646 2475 1728 2500 rem
1758 2461 1812 2499 ita
1841 2471 1907 2498 ex-

1032 2519 1182 2572 plicuit:
1207 2520 1462 2559 incubabant
1483 2518 1551 2557 illa
1569 2532 1626 2557 sc.
1640 2517 1814 2563 maritus,
1839 2516 1907 2554 mi-

1034 2577 1125 2614 lites
1141 2576 1365 2627 famulique.
1390 2575 1478 2614 Nec
1498 2576 1645 2621 obstat,
1672 2573 1778 2624 quod
1796 2584 1907 2623 prae—

1035 2632 1152 2671 cedat
1175 2633 1414 2684 appulisset.
1441 2631 1520 2670 Ista
1532 2631 1678 2669 numeri
1692 2629 1852 2667 mutatio
1867 2628 1906 2666 in

1033 2702 1076 2727 re
1100 2688 1289 2727 historica
1312 2688 1498 2740 frequens
1523 2691 1597 2726 est.
1635 2686 1722 2724 Hoc
1752 2683 1907 2722 facilius

1032 2745 1319 2796 pronuntiatum
1357 2758 1473 2795 quam
1510 2744 1715 2794 probatum
1751 2744 1831 2787 est,
1868 2743 1910 2778 et

1032 2800 1176 2839 vellem
1185 2832 1196 2847 ,
1223 2800 1326 2840 Oud.
1339 2814 1456 2839 unum
1471 2800 1599 2838 locum
1612 2797 1908 2848 adscripsisse&

1032 2859 1069 2895 in
1090 2870 1166 2908 quo
1192 2857 1271 2896 ista
1295 2858 1441 2895 ratione
1467 2855 1612 2894 numeri
1632 2855 1790 2893 variant.
1814 2851 1910 2892 Alia

1034 2913 1137 2952 enim
1154 2914 1304 2952 ratione
1324 2913 1463 2963 legitur
1482 2911 1580 2950 Met.
1594 2910 1620 2950 Ι.
1635 2923 1672 2961 p.
1687 2913 1723 2950 9.
1735 2911 1909 2962 praefa-

1033 2983 1124 3010 mur
1140 2991 1196 2998 —
1220 2970 1255 3008 si
1282 2969 1385 3021 quid
1410 2967 1623 3022 offendero
1652 2970 1692 3004 et
1714 2964 1835 3017 Apol.
1860 2963 1908 3004 Π.

1033 3039 1071 3077 p.
1101 3030 1192 3066 177.
1219 3025 1393 3065 audistis
1493 3029 1537 3063 te
1562 3024 1694 3063 docet.
1731 3021 1818 3060 Nisi
1832 3021 1909 3060 hoc

1034 3082 1149 3133 igitur
1172 3080 1346 3132 Apuleio
1365 3080 1522 3132 ingenio
1547 3079 1747 3125 tribueris,
1772 3077 1908 3116 nescio

1035 3137 1232 3189 quomodo
1269 3136 1427 3176 defendi
1461 3136 1600 3188 possit.
1648 3134 1911 3175 Observanda
