2155 3590
797 75 1209 126 cAPc‘ru.⁴
1799 101 1886 128 xm

89 202 205 241 tentia
236 202 287 239 sit
317 201 563 253 probabilior.
624 200 958 252 Metamorphosis
989 201 1107 245 enim,
1140 200 1176 238 id
1208 199 1310 251 quod
1343 200 1473 238 statim
1498 200 1791 245 demonstrabo,
1825 205 1886 239 est

89 260 208 311 primo
240 272 355 309 quum
381 258 533 296 Romae
563 262 781 295 versaretur
807 258 1000 308 Apuleius
1024 262 1201 307 tempore
1226 259 1461 308 composita,
1492 258 1556 294 ubi
1585 257 1749 307 linguam
1777 259 1885 295 cuius

89 330 163 354 non
200 314 316 366 plane
354 319 436 352 erat
471 316 624 364 ignarus
661 314 816 352 latinam
854 314 1032 352 excoluit.
1093 312 1152 351 Ea
1188 314 1299 364 igitur
1335 318 1397 351 est
1432 314 1466 351 in
1498 313 1561 351 his
1593 313 1698 351 libris
1736 314 1886 352 dicendi

88 372 201 415 ratio,
239 384 353 421 quam
391 370 610 421 Carthagini
648 372 719 408 iam
756 371 939 422 adeptum
976 384 1070 408 esse
1107 383 1192 407 eum
1223 372 1303 407 iure
1334 383 1546 422 possumus
1578 371 1689 408 nobis
1720 384 1885 414 sumere,

89 429 177 479 quia
201 428 302 465 baud
330 428 380 466 ita
405 427 565 465 multum
591 428 639 465 ab
665 441 732 471 eo.
759 428 862 477 quod
889 429 922 465 in
951 427 1192 467 Tertulliani.
1219 425 1418 478 Cypriani.
1451 426 1610 464 aliorum
1641 428 1798 478 scriptis
1824 428 1887 465 de-

88 484 336 536 prehenditur
366 484 551 521 orationis
583 497 726 534 genere
756 483 887 523 distat.
945 483 1094 522 Omnes
1125 484 1223 521 enim
1255 483 1374 522 Afros
1405 487 1557 521 constat
1587 485 1741 533 antiqua
1773 497 1886 534 quae-

89 555 164 591 que
189 540 418 583 affectasse,
448 545 489 578 ut
520 553 605 578 eam
638 541 735 579 t'ere.
768 554 868 591 quae
893 541 928 578 in
955 540 1266 591 Metamorphosi
1292 545 1354 578 est
1379 541 1504 577 doctis
1536 539 1754 578 hominibus
1779 540 1888 578 Afris

89 598 212 636 fuisse
236 597 428 635 scribendi
453 599 639 635 rationem
667 597 767 636 haud
794 598 980 635 immerito
1005 598 1244 648 probaveris.
1289 596 1407 643 Quod
1432 597 1627 647 quomodo
1652 597 1730 634 tieri
1758 602 1888 649 potue-

90 655 152 699 rit,
184 655 232 692 ab
264 653 338 691 hoc
370 654 455 691 loco
489 655 654 692 alienum
683 658 744 691 est
768 667 982 704 exponere.
1014 668 1129 705 quum
1156 654 1205 691 ad
1233 654 1413 692 Afrorum
1440 658 1478 690 et
1503 654 1695 704 ingenium
1722 658 1761 691 ct
1785 654 1887 692 indo-

90 710 164 748 lem
204 710 301 748 haec
336 711 515 760 quaestio
554 711 754 761 pertineat.
816 710 857 747 Si
894 724 985 748 vero
1011 711 1220 761 Apuleium
1251 711 1413 761 saepius
1445 723 1560 760 quam
1587 715 1743 747 ceteros
1769 711 1888 748 Afros

90 767 188 805 lianc
212 767 475 817 antiquitatem
503 767 619 818 plane
644 767 863 804 obsoletam
889 772 1080 804 sectatum
1108 767 1231 804 fuisse
1255 771 1436 819 apparet,
1462 768 1586 804 minus
1613 767 1743 804 dedita
1770 781 1889 819 opera

89 825 291 875 quaesitae
324 823 559 862 affectationi
597 824 671 861 hoc
707 824 851 867 tribuo,
890 837 965 874 qua
999 824 1060 861 sui
1098 826 1283 875 temporis
1322 824 1617 875 perversitatem
1655 829 1888 874 corruptum-

89 895 164 931 que
190 881 369 919 iudicium
397 882 656 931 perstringere
681 880 862 919 voluerit.
890 894 1005 931 quam
1031 881 1185 918 iuvenili
1218 883 1302 919 eius
1329 881 1480 931 ingenio
1507 885 1544 917 et
1569 893 1670 931 quae
1696 882 1730 918 in
1757 881 1888 919 adole-

88 937 278 975 scentulis
302 938 463 988 saepius
489 939 686 975 observari
712 942 859 988 potest,
885 938 1087 975 verborum
1113 939 1378 976 inusitatorum
1398 938 1625 988 captationi,
1652 951 1728 987 qua
1753 939 1888 975 oratio-

88 1007 174 1032 nem
202 994 426 1032 vividiorem
452 995 559 1032 reddi
587 1000 625 1031 et
650 995 826 1032 exornari
852 998 997 1045 putant.
1058 994 1252 1039 Quantum
1278 995 1378 1032 enim
1405 996 1519 1032 etiam
1544 998 1757 1031 ceterorum
1777 994 1889 1032 Afro-

87 1066 167 1089 rum
207 1051 288 1089 libri
324 1051 386 1088 bis
421 1051 650 1090 archaismis
687 1051 798 1101 quasi
836 1055 1028 1090 scateant.
1067 1055 1104 1087 et
1136 1051 1330 1101 quomodo
1362 1066 1430 1103 pro
1461 1063 1534 1087 sua
1565 1051 1730 1101 quisque
1761 1051 1890 1089 indole

89 1108 199 1145 novis
225 1108 426 1146 vocabulis
453 1108 618 1158 linguam
647 1108 801 1145 latinam
828 1107 949 1145 ditare
973 1107 1206 1148 studuerint.
1238 1108 1428 1145 neminem
1454 1107 1608 1158 effugit,
1641 1109 1703 1159 qui
1734 1121 1889 1146 accura-

88 1166 164 1202 tius
201 1177 331 1202 eorum
367 1166 511 1215 scripta
553 1168 818 1215 perscrutatus
856 1168 930 1201 est.
991 1163 1077 1201 Nec
1112 1163 1254 1202 desunt
1291 1165 1326 1201 in
1365 1165 1507 1202 ceteris
1546 1177 1700 1216 quoque
1732 1164 1889 1216 Apuleii

89 1221 208 1267 libris,
235 1222 270 1258 in
297 1221 484 1265 Floridis‚
510 1222 545 1258 in
572 1220 788 1272 Apologia,
815 1234 916 1270 quae
936 1220 1143 1258 Africanae
1169 1234 1282 1271 quam
1310 1221 1438 1258 dicunt
1464 1221 1641 1258 dictionis
1666 1221 1889 1260 admonent.

89 1278 216 1324 Quum
248 1291 338 1315 vero
369 1282 549 1316 accurata
580 1278 790 1315 instructus
822 1277 978 1319 linguae
1009 1277 1230 1327 cognitione
1261 1282 1299 1315 et
1325 1278 1558 1328 quotidianis
1585 1291 1711 1328 paene
1742 1278 1811 1316 sori
1838 1279 1890 1316 la-

89 1335 246 1372 boribus
271 1334 424 1372 Romae
454 1335 693 1372 exercitatus
722 1334 758 1371 in
786 1334 943 1386 patriam
969 1333 1169 1377 rediisset,
1201 1334 1238 1372 id
1265 1334 1338 1371 sibi
1370 1347 1494 1384 genus
1519 1334 1712 1372 scribendi
1738 1348 1890 1386 compa-

87 1395 249 1438 raverat,
275 1404 350 1442 quo
376 1392 410 1429 in
433 1391 642 1442 Apologia,
669 1389 839 1428 Floridis
864 1404 975 1429 usum
1001 1404 1087 1428 eum
1114 1404 1208 1428 esse
1234 1390 1498 1441 intelligimus:
1524 1395 1564 1429 ut
1583 1390 1736 1441 gloriari
1759 1391 1892 1430 liceret

89 1461 218 1487 coram
254 1448 490 1499 proconsule
532 1448 737 1485 Romano
775 1448 1074 1498 hominibusque
1111 1448 1213 1485 omui
1252 1447 1459 1486 litterarum
1495 1461 1640 1497 genere
1677 1448 1890 1486 instructis:

92 1506 192 1550 Quis
216 1510 383 1545 restrum
408 1519 528 1544 mmm
552 1505 650 1543 ’11ιί1ιί
674 1504 952 1544 soloecismmn
976 1505 1204 1557 iynorerit?
1236 1506 1326 1557 quis
1354 1505 1414 1543 vel
1435 1519 1555 1544 unam
1579 1505 1778 1557 syllabam
1803 1506 1890 1543 bar·

92 1563 188 1601 bare
221 1563 532 1613 pronuntiatam
564 1561 802 1600 donaverit?
841 1563 930 1614 qm's
966 1562 1178 1599 incondita
1211 1567 1249 1600 et
1278 1563 1419 1600 vitiosa
1453 1562 1570 1600 verba
1601 1567 1745 1599 temere
1777 1563 1893 1614 quasi

91 1619 360 1658 delirantibus
396 1619 621 1657 oborientia
657 1619 885 1669 permiserit
921 1618 1148 1657 blaterare?
1192 1632 1296 1670 quae
1332 1624 1461 1657 tamen
1504 1618 1599 1657 aliis
1631 1618 1763 1668 facile
1797 1632 1892 1657 sanc

90 1676 339 1713 meritissimo
365 1676 589 1727 iynoseita's.
635 1674 768 1713 Meum
798 1689 890 1713 vero
914 1690 1035 1714 mmm
1063 1674 1257 1727 quodque
1282 1675 1435 1714 dictum
1460 1676 1613 1714 acriter
1637 1676 1891 1722 examinatis,

90 1732 234 1771 sedulo
261 1732 544 1783 pensiculate‘s,
582 1732 639 1770 ad
671 1732 816 1770 lineam
847 1737 883 1770 et
909 1733 1042 1770 limam
1068 1737 1218 1770 certam
1243 1733 1451 1783 ΤριΙίῃίίίε,
1489 1747 1578 1771 cum
1609 1737 1728 1769 torno
1761 1737 1801 1771 et
1824 1747 1892 1771 co-

90 1788 240 1827 thurno
270 1790 411 1827 iterum
443 1789 703 1840 comparati&
765 1787 840 1834 Qui
871 1789 963 1826 talia
994 1788 1044 1825 de
1069 1802 1114 1825 se
1140 1790 1224 1838 ipso
1251 1789 1416 1839 profiteri
1449 1790 1587 1839 potuit,
1626 1789 1891 1826 necessarium

91 1849 189 1890 erat.
226 1858 295 1895 pro
334 1845 392 1882 sui
429 1846 615 1896 temporis
654 1844 782 1882 indole
818 1850 963 1883 tantam
1000 1846 1073 1882 sibi
1105 1858 1358 1896 comparasse
1388 1845 1568 1883 dictionis
1599 1845 1891 1896 perfectionem.

90 1914 204 1951 quam
224 1914 359 1939 omnes
379 1902 667 1940 admirarentur.
718 1900 793 1947 Qui
819 1902 930 1952 igitur
953 1902 988 1939 in
1015 1901 1175 1939 aliorum
1200 1902 1357 1952 scriptis
1382 1902 1473 1940 vitia
1498 1901 1768 1940 condonabant
1788 1902 1890 1941 docti

90 1957 194 2001 Afri,
224 1962 367 1995 tautam
393 1959 427 2001 in
453 1958 610 2008 Apuleii
643 1958 881 1996 orationibus
911 1963 951 1996 et
976 1958 1082 1995 libris
1113 1958 1308 1996 sermonis
1339 1957 1572 2008 elegantiam
1605 1963 1643 1995 et
1668 1958 1891 1996 munditiem

91 2014 259 2051 invenire
295 2015 443 2052 assueti
478 2019 604 2059 erant,
643 2019 682 2052 ut
722 2015 755 2052 si
802 2014 891 2064 quid
929 2019 1156 2064 peccasset,
1199 2015 1372 2052 demirati
1410 2021 1556 2053 essent.
1639 2014 1725 2054 Nec
1762 2017 1889 2066 negari

94 2074 242 2120 potest,
274 2070 499 2121 Apuleium,
530 2072 563 2107 si
596 2084 679 2108 curn
711 2071 851 2109 ceteris
881 2070 990 2108 Afris
1021 2075 1280 2122 comparetur,
1306 2072 1473 2110 omnium
1499 2072 1676 2110 dictionis
1701 2074 1890 2113 ubertate.

93 2130 314 2172 venustate,
353 2127 546 2178 elegantia
578 2131 617 2165 et
648 2128 844 2177 exquisito
876 2128 910 2164 in
942 2128 1142 2166 verborum
1174 2127 1327 2166 delectu
1358 2129 1496 2167 iudicio
1525 2129 1639 2179 longe
1664 2142 1757 2167 esse
1781 2143 1890 2181 prae-

94 2184 390 2229 stantissimum,
428 2197 530 2234 quae
566 2184 633 2221 ille
668 2184 863 2235 putandus
900 2188 963 2222 est
997 2189 1177 2223 accurato
1211 2189 1382 2223 veterum
1407 2186 1636 2237 scriptorum
1661 2186 1790 2224 studio
1816 2187 1889 2225 sibi

92 2240 366 2289 acquisivisse.
399 2240 473 2278 etsi
511 2254 610 2291 quae
640 2244 777 2291 utpote
801 2240 899 2279 Afro
931 2241 965 2278 ei
992 2242 1118 2279 innata
1144 2246 1252 2280 erant
1276 2243 1467 2293 ingenium
1493 2257 1605 2281 suum
1636 2247 1755 2295 atque
1784 2243 1889 2281 indo-

94 2294 168 2333 lem
192 2296 360 2334 abiicere
384 2301 465 2338 tota
489 2311 562 2335 non
588 2298 721 2349 potuit.

569 2456 617 2494 ,κ
700 2454 778 2495 DE
828 2455 1410 2497 METAMORPHOSL

937 2548 1038 2599 §2

311 2613 376 2653 De
401 2619 595 2666 tempore,
625 2630 707 2668 qao
732 2615 1072 2670 Metamorphosis
1097 2619 1331 2670 conscripta
1356 2619 1423 2665 sit,
1450 2619 1667 2671 expositio.

209 2691 382 2744 lnprimis
414 2693 594 2732 Bosscha
626 2695 763 2733 meruit
794 2695 843 2732 de
873 2696 1061 2748 scriptore
1084 2710 1175 2743 suo,
1202 2698 1304 2749 quod
1331 2699 1476 2749 primus
1503 2698 1601 2735 banc
1626 2698 1675 2736 de
1701 2702 1888 2751 tempore,

93 2763 168 2801 quo
194 2749 261 2787 ille
288 2750 383 2788 liber
407 2751 649 2802 conscriptus
673 2752 736 2797 sit.
764 2753 1030 2802 quaestionem
1056 2754 1312 2801 investigavit,
1339 2755 1411 2792 sed
1435 2768 1515 2792 rem
1541 2759 1618 2793 tam
1645 2754 1780 2794 leviter
1804 2770 1887 2808 per-

91 2810 252 2844 secutus
276 2811 355 2846 est.
382 2811 421 2844 ut
448 2821 495 2845 ne
521 2808 607 2858 ipse
633 2809 787 2859 quidem
813 2811 847 2846 in
873 2810 1065 2848 sententia
1090 2812 1335 2861 acquievisse
1361 2812 1535 2850 videatur
1561 2811 1632 2859 (ef.
1658 2812 1708 2850 de
1731 2814 1886 2865 scriptis

92 2862 211 2913 Apul.
236 2862 345 2901 Toni.
372 2863 433 2901 ΙΙΙ.
461 2878 496 2915 p.
523 2870 631 2913 511).
693 2865 1028 2917 Metamorphosin
1055 2868 1165 2917 igitur
1191 2872 1282 2919 post
1307 2869 1543 2919 Apologiam
1573 2868 1662 2905 ideo
1695 2871 1886 2920 composi-

92 2924 170 2956 tam
207 2933 302 2957 esse
338 2924 463 2971 putat,
501 2922 606 2972 quod
631 2923 665 2959 in
703 2922 777 2959 hoc
814 2936 932 2974 opere
963 2924 1081 2962 multa
1114 2926 1297 2962 inventuri
1331 2924 1495 2962 fuissent
1520 2925 1748 2971 adversarii,
1787 2941 1887 2978 quae

91 2977 242 3026 magiae
278 2977 540 3028 suspicionem
579 2993 652 3016 non
689 2978 934 3018 mediocriter
968 2993 1110 3031 augere
1141 2981 1372 3032 potuissent.
1434 2981 1614 3020 iuvenem
1646 2996 1737 3020 vero
1771 2997 1886 3034 quum

91 3031 242 3127 Ηοῐέειθ
271 3038 492 3072 versaretur
523 3035 732 3086 Apuleium
765 3035 838 3074 hoc
869 3050 968 3088 opus
999 3036 1236 3089 perfecisse,
1268 3037 1377 3076 hisce
1408 3038 1457 3076 de
1489 3039 1642 3077 caussis
1667 3039 1756 3078 mibi
1783 3053 1884 3084 com-

90 3102 159 3141 pro
190 3093 285 3129 atur.
