2221 3667
332 131 388 175 18

581 135 628 176 L.
658 134 880 175 APULEII
910 136 1311 178 MADAURENSIS
1341 132 1884 179 METAMORPHOSEON

266 250 308 283 10
333 245 573 287 mentiendo.
606 246 689 288 Isto
716 256 876 304 accepto
902 249 1054 306 sititor}
1071 251 1243 304 alioquin
1270 252 1474 303 novitatis,
1503 252 1618 292 immo
1650 265 1762 302 vere,
1789 251 1963 305 inquam,
1992 250 2133 306 impar-

331 362 489 391 sm'seitm·
508 363 540 401 β.
561 372 596 392 π.
617 366 652 394 0.
667 366 688 394 f.
704 367 740 395 P.
760 368 842 401 quod
858 368 986 396 videtur
999 376 1073 397 esse
1093 367 1302 396 sciscitator.
1325 368 1464 396 sciscitor
1477 371 1512 398 G.
1533 369 1619 396 st'lur
1645 370 1682 396 D.
1703 375 1723 397 a
1738 377 1766 402 p.
1787 376 1826 397 m.
1855 367 2009 403 [siscitor
2022 376 2079 397 as.
2094 376 2135 398 m.

330 408 449 436 sititor
462 409 495 437 in
510 410 627 446 marg]
647 411 750 438 sinor
767 413 803 441 B.
826 415 854 441 1.

898 413 1008 449 primo
1031 420 1110 440 vero
1133 413 1152 442 f.
1175 415 1259 447 quod
1280 421 1321 442 ex
1340 415 1504 448 scriptura
1523 415 1587 441 imo
1607 414 1647 442 cs.
1667 415 1771 442 Hand.
1787 416 1927 442 Tursell.
1940 416 1995 443 111.
2016 422 2044 448 p.
2060 416 2137 442 220.

331 457 360 480 et
381 456 462 481 Mos.
483 456 524 482 ad
543 456 676 485 Tuscul.
695 458 718 485 1.
733 459 763 486 7.
783 465 814 492 p.
829 460 881 487 40.
902 463 1048 487 exortum
1061 459 1189 487 videtur
1202 468 1286 487 esse.
1323 459 1504 496 impartire
1518 460 1539 488 s.
1554 462 1589 489 0.
1604 462 1642 488 Ι).
1657 466 1677 488 a
1690 468 1729 488 m.
1743 467 1774 494 p.
1796 458 1988 496 [impartite
2001 466 2022 488 a
2034 467 2076 489 m.
2091 458 2136 495 s.l

330 497 502 534 impertite
515 502 551 529 G.
565 504 594 528 et
607 502 719 531 Aldin.

330 590 393 625 tus
423 588 523 625 enim
556 588 606 627 de
632 590 809 627 omnibus
843 591 889 627 iis
915 591 1031 628 rebus
1058 590 1207 635 dicitur,

330 656 431 693 quae
468 644 594 683 nudae
632 650 670 683 et
708 651 866 696 apertae
910 651 1000 684 sunt
1043 660 1208 697 eamque

329 700 380 737 ob
411 713 594 739 caussam
626 702 840 752 impensius
878 708 1122 747 exercentur,
1159 704 1207 743 cf.

328 753 413 795 Intt.
441 757 491 794 ad
517 757 632 796 (fiaes.
665 758 715 795 de
740 757 785 796 B.
813 758 860 796 G.
884 758 968 798 Vll.
996 764 1061 799 50.
1088 763 1124 799 2.
1144 758 1209 797 Li-

327 813 402 852 vin.
429 818 468 851 et
493 814 626 852 Arntz.
660 815 708 851 ad
742 812 876 853 Pacat.
901 813 1050 866 Pane-g.
1083 819 1147 856 35.
1175 817 1205 867 §.

329 873 364 908 1.
404 869 540 907 Heius,
585 870 632 907 ad
672 868 806 908 Claud.
850 870 975 910 Rufio.
1021 871 1065 911 H.
1112 876 1205 912 401.

327 925 468 963 Markl.
495 926 545 962 ad
571 926 670 964 stat.
698 925 794 964 Silv.
822 926 870 965 V.
898 932 934 967 2.
961 932 1026 968 38.
1052 929 1116 966 ubi
1143 942 1205 966 ea-

326 981 428 1023 dem,
450 994 550 1032 quae
565 986 698 1019 nostro
715 982 801 1020 loco
817 983 1133 1034 deprehenditur,
1153 984 1207 1023 le-

327 1039 496 1075 ctionum
517 1043 580 1076 est
594 1039 763 1076 varietas
789 1045 937 1079 exorto
963 1046 1001 1079 et
1027 1047 1203 1080 extorto.

325 1094 445 1144 Apul.
467 1094 564 1133 Met.
591 1094 636 1133 ll.
663 1108 699 1145 p.
730 1100 820 1135 144.
848 1100 1000 1136 exertis
1026 1099 1157 1137 oculis
1181 1099 1203 1137 i.

324 1164 358 1187 e.
385 1150 585 1201 palpebris
612 1165 686 1189 non
713 1152 895 1191 obductis
927 1155 1017 1193 ibid.
1046 1168 1081 1205 p.
1112 1159 1203 1195 164.

325 1206 460 1245 Schol.
487 1206 565 1245 Cic.
592 1206 728 1246 Plane.
756 1209 816 1247 ed.
849 1209 943 1249 Mai.
972 1224 1008 1262 p.
1040 1215 1130 1251 156.
1158 1213 1202 1250 [ἱ-

325 1263 460 1302 berius
490 1269 527 1302 ct
552 1266 731 1304 eoeertius
756 1265 962 1319 αἰανὴς-πῂ]

377 1334 509 1371 parce
523 1322 563 1359 in
578 1321 700 1359 verba
720 1326 878 1373 propter
898 1323 1079 1362 dictionis
1100 1326 1202 1362 inso-

326 1376 484 1414 lentiam
499 1377 536 1414 in
554 1377 657 1415 Mss.
672 1377 721 1416 R.
737 1382 775 1416 et
790 1378 817 1417 f.
831 1379 866 1416 in
877 1393 1012 1432 parce
1026 1386 1068 1420 tec
1082 1382 1204 1420 rerba

325 1437 601 1472 commutatum
639 1438 719 1479 est,
757 1435 868 1472 cuius
902 1439 1203 1475 constructionis

323 1489 507 1541 exempla
531 1490 637 1540 apud
657 1491 809 1540 priscos
835 1495 985 1540 extant3
1017 1494 1066 1533 cf.
1093 1494 1205 1534 Serv.

322 1547 373 1585 ad
397 1547 506 1596 Virg.
531 1546 583 1585 X.
615 1551 711 1588 532.
742 1546 904 1587 Praeter
929 1549 1058 1588 locum
1084 1551 1202 1602 Apul.

323 1602 350 1641 l.
377 1617 413 1654 p.
439 1606 504 1643 37.
528 1617 660 1655 parce
685 1605 726 1643 in
745 1606 864 1644 istam
882 1608 1077 1657 feminam
1106 1607 1204 1646 haec

322 1672 425 1697 nova
456 1660 609 1698 dicendi
641 1661 736 1699 ratio
771 1661 877 1700 nullo
910 1662 986 1701 alio
1018 1666 1202 1716 exemplo

321 1716 531 1761 stabilitur,
569 1730 685 1767 quam
723 1722 850 1757 tamen
900 1718 1014 1758 facile
1046 1721 1202 1772 Apuleii

321 1773 476 1822 ingenio
509 1775 771 1813 concesseris.
798 1775 908 1813 Male
933 1775 1067 1816 Barth.
1100 1778 1201 1816 Adv.

322 1828 390 1867 lX.
423 1834 459 1870 8.
492 1844 528 1881 p.
567 1834 660 1871 427.
692 1833 734 1869 in
768 1832 888 1871 rerba
920 1845 943 1870 a
974 1835 1204 1874 mentiendo

321 1886 495 1936 pendere
519 1886 653 1926 voluit.
679 1910 735 1916 ἱ
760 1888 855 1926 Cum
889 1891 1044 1940 optimis
1080 1890 1201 1929 Codd.

321 1943 424 1982 lmec
450 1944 663 1994 pronomini
691 1945 768 1984 ‘istu
794 1945 987 1984 adiectum
1014 1948 1138 1986 omisi.

380 2001 583 2039 immania.
619 2000 789 2052 [Contra
820 2003 991 2053 optimos
1031 2004 1203 2043 codices.

323 2057 386 2107 qui
430 2070 567 2095 omnes
615 2059 806 2098 immania
849 2060 1056 2109 praebent.
1099 2060 1201 2100 Oud.

319 2113 464 2152 'inania
510 2117 617 2152 textu
664 2116 822 2166 recepit.
886 2116 1062 2156 Immune
1109 2131 1202 2156 vero

321 2170 505 2221 quicquid
530 2171 682 2221 ingens,
707 2185 866 2210 enorme
892 2177 931 2211 et
955 2174 1113 2212 modum
1134 2188 1202 2213 su-

320 2237 464 2275 perans
490 2228 695 2277 significat,
722 2229 825 2267 unde
850 2243 936 2267 cum
962 2231 1072 2281 priori
1090 2243 1202 2269 voca-

320 2282 411 2320 bulo
444 2284 665 2323 absurdum
695 2285 796 2323 bene
828 2288 1012 2337 congruit.
1062 2288 1203 2327 Inanis

319 2351 425 2384 vero,
439 2341 543 2390 quod
557 2354 636 2378 rem
651 2341 794 2379 nullius
809 2344 991 2381 momenti
1007 2348 1046 2382 et
1061 2344 1201 2383 salsam

319 2395 621 2448 fabulosumque
652 2398 813 2444 indicat,
851 2413 899 2437 eo
933 2402 1086 2438 nomine
1122 2415 1197 2439 non

318 2452 467 2503 placet,
494 2454 596 2504 quod
624 2456 876 2495 ementitmdo
908 2457 1080 2495 additum
1124 2462 1196 2496 ost.

318 2508 420 2547 Nam
458 2509 495 2547 id
533 2511 638 2561 quod
677 2513 878 2551 mentimur
921 2527 990 2563 per
1034 2527 1080 2552 se
1123 2516 1198 2552 iam

318 2565 462 2604 salsum
488 2570 527 2605 et
554 2568 667 2605 inane
687 2573 760 2607 est..
786 2568 874 2607 Nec
895 2570 1111 2615 cumoud„
1132 2572 1197 2622 qui

317 2622 368 2659 ad
392 2622 488 2661 Met.
516 2622 566 2662 X.
593 2638 629 2675 p.
652 2628 743 2665 689.
773 2632 978 2676 provocat,
1006 2628 1196 2667 immania

317 2679 519 2717 mendacia
546 2685 584 2719 et
609 2682 793 2721 absurda
814 2682 951 2720 eadem
972 2696 1067 2721 esse
1089 2684 1198 2722 ‹lixe-

316 2736 397 2781 rim,
424 2750 539 2787 quum
568 2737 590 2775 Ι.
617 2752 648 2777 c.
677 2738 821 2777 nefaria
847 2740 924 2777 sint
949 2744 988 2778 et
1013 2740 1198 2778 crudelis-

315 2792 426 2830 sima.
477 2793 673 2834 Absurcla
704 2796 804 2834 enim
839 2796 1042 2835 mendacia
1079 2798 1197 2835 nomi-

316 2853 453 2887 nantur
489 2851 638 2902 inepta,
678 2852 800 2897 fatua,
838 2853 973 2891 anilia:
1005 2855 1197 2893 ἰηιηιαηία

315 2917 419 2950 vero,
447 2919 546 2956 quae
572 2922 725 2947 omnem
752 2910 865 2948 tidem
890 2910 1096 2955 excedunt,
1121 2911 1196 2948 sed

314 2974 384 3012 per
419 2975 464 2999 se
497 2964 607 3002 salsa
638 2970 756 3017 atque
789 2967 955 3005 iucunda
985 2980 1079 3005 esse
1105 2981 1195 3018 pos-

312 3022 413 3057 sunt.
454 3018 603 3058 Eadem
629 3022 817 3060 dubitatio
844 3023 976 3061 incidit
1001 3025 1036 3062 in
1064 3023 1192 3062 locum

312 3075 458 3114 Arnob.
482 3075 526 3115 ll.
550 3081 614 3116 54.
640 3079 705 3116 ubi
725 3083 854 3118 tamen
874 3079 1084 3131 legendum
1110 3085 1189 3119 est:

311 3145 405 3172 nam
439 3133 646 3174 stoliditas
687 3135 862 3176 inveniri
905 3151 1011 3190 qnae
1047 3138 1186 3177 inona-

1266 593 1359 630 πῖον
1393 597 1547 644 potest,
1586 605 1635 630 ex
1670 592 1743 630 cod
1772 591 1871 643 Reg.
1904 592 1926 630 i.
1953 605 1986 629 e.
2019 592 2139 630 maior

1268 653 1306 686 et
1332 649 1531 687 enormior.
1560 649 1620 686 l)e
1642 649 1822 687 imnumt's
1841 652 1879 686 et
1904 649 2037 687 inanis
2056 661 2139 699 per-

1268 706 1477 743 mutatione
1502 705 1549 744 cl‘.
1578 705 1709 745 Burm.
1739 705 1787 743 ad
1814 705 1921 755 Virg.
1945 705 2047 745 Aen.
2072 702 2140 744 IV.

1274 765 1364 801 120.

1323 819 1457 856 sititor
1483 817 1616 869 [quum
1643 818 1757 856 lectio
1784 817 2050 863 sitFlorentt.‚
2073 831 2140 856 vo·

1266 872 1353 912 lens
1390 874 1666 924 amplectebar.
1713 875 1839 914 sitire
1869 876 1969 913 enim
2005 887 2140 926 saepe,

1264 934 1306 968 ut
1331 932 1484 969 esurire
1515 935 1553 968 et
1586 934 1717 982 fames
1741 931 1790 969 de
1816 932 1863 969 iis
1889 932 2043 977 dicitur,
2077 931 2141 982 qui

1266 987 1561 1025 studiosissime
1610 991 1648 1025 et
1696 988 1971 1026 ardentissimo
2012 989 2140 1027 animo

1265 1043 1412 1095 aliquid
1438 1043 1633 1082 affectant.
1672 1043 1823 1082 Eadem
1855 1057 1933 1082 vox
1963 1048 2142 1095 corrupta

1266 1099 1404 1149 legitur
1429 1100 1533 1150 apud
1559 1100 1672 1138 Mart.
1701 1100 1796 1152 Cap.
1818 1100 1843 1139 l.
1864 1101 1894 1152 ᾧ.
1910 1105 1974 1141 82.
1996 1114 2032 1152 p.
2050 1104 2141 1141 122.

1263 1155 1395 1207 Kopp.
1426 1158 1644 1209 silicorque
1675 1159 1906 1209 sanquinis,
1938 1158 2001 1195 ubi
2035 1157 2141 1195 Grot.

1263 1213 1353 1251 edit.
1369 1213 1488 1251 habet
1501 1215 1629 1252 sitior.
1656 1214 1729 1252 Hie
1749 1215 1860 1252 locus
1882 1214 1955 1252 iam
1976 1214 2024 1252 ab
2039 1212 2140 1252 Oud.

1263 1274 1511 1320 comparatus
1554 1270 1627 1307 sed
1669 1270 1771 1308 male
1808 1270 2030 1309 intellectus
2068 1275 2142 1314 est,

1263 1338 1381 1376 quum
1418 1328 1553 1365 sititor
1585 1329 1799 1379 sanyuz‘nis
1831 1341 1903 1366 non
1930 1326 2046 1365 Pluto
2078 1327 2142 1371 sit.

1265 1396 1497 1433 quamquam
1517 1397 1540 1420 a
1555 1381 1707 1423 Petron.
1724 1397 1756 1423 c,
1785 1388 1876 1424 121.
1904 1384 1988 1422 eius
2011 1397 2145 1436 reyna

1262 1440 1442 1478 εἱίἰεηίἱα
1457 1440 1794 1485 nominantur,sed
1808 1440 1936 1487 Mars3
1951 1439 2142 1490 cf.Kopp.

1264 1495 1313 1533 ad
1345 1495 1382 1534 h.
1419 1496 1440 1534 l.
1478 1496 1542 1534 De
1572 1498 1686 1535 sitire
1721 1497 1769 1536 cs.
1804 1497 1934 1535 luven.
1966 1496 2016 1535 X.
2049 1498 2141 1537 140.

1265 1551 1336 1589 Sil.
1364 1551 1446 1590 ltal.
1475 1552 1537 1591 Ill.
1566 1554 1676 1605 578]

1322 1609 1510 1661 alioquin
1535 1622 1585 1647 ex
1613 1609 1712 1649 Mss.
1729 1610 1830 1649 ond.
1852 1611 2011 1661 scripsit
2036 1612 2075 1648 et
2098 1623 2144 1648 se

1265 1667 1407 1703 excitat
1432 1666 1481 1703 ad
1507 1668 1615 1704 Suet.
1644 1665 1729 1705 Tib.
1757 1682 1789 1706 c.
1812 1672 1875 1708 71.
1893 1666 2020 1719 [Male
2041 1666 2141 1705 Cort.

1265 1723 1313 1760 ad
1340 1721 1439 1760 Plin.
1468 1721 1592 1773 Epist.
1621 1722 1647 1761 l.
1675 1728 1739 1764 20.
1767 1725 1802 1763 in
1824 1723 1981 1775 Apuleii
2009 1728 2047 1762 et
2065 1721 2143 1761 Pli-

1265 1780 1313 1817 nii
1346 1778 1447 1817 Mss.
1481 1780 1625 1830 ubique
1657 1780 1757 1818 hanc
1794 1781 1953 1819 sornuun
1985 1781 2144 1819 inveniri

1264 1836 1329 1879 ait,
1356 1849 1472 1886 quum
1498 1836 1608 1874 aliter
1633 1836 1720 1875 aliis
1737 1837 1834 1875 locis
1850 1837 1962 1876 codd.
1983 1838 2143 1882 varient,

1262 1896 1305 1931 ut
1353 1906 1422 1943 pro
1470 1906 1600 1931 eorum
1644 1895 1873 1933 auctoritate
1915 1894 2143 1945 scripturam

1264 1948 1412 1999 eligere
1437 1949 1598 1988 debeas.
1627 1950 1674 1990 cf.
1702 1951 1798 1988 infra
1824 1950 1848 1989 l.
1876 1963 1912 2001 p.
1940 1955 2004 1990 44.
2032 1949 2078 1989 Il.
2104 1963 2143 2001 p.

1265 2009 1330 2046 82.
1371 2006 1434 2045 Π.
1474 2020 1509 2057 p.
1550 2010 1643 2050 236.
1680 2006 1840 2058 Optime
1878 2008 1957 2057 egit
1994 2006 2043 2045 de
2078 2006 2142 2045 his

1265 2062 1463 2113 particulis
1488 2062 1605 2101 Hand
1637 2062 1750 2102 Tin-s.
1783 2063 1809 2103 l.
1850 2078 1885 2115 p.
1913 2067 2005 2104 235.
2038 2076 2142 2115 S‘qq-.-

1265 2120 1323 2157 cui
1356 2123 1483 2157 tamen
1521 2120 1556 2158 in
1595 2133 1642 2158 eo
1681 2135 1754 2159 non
1793 2121 1999 2166 assentior,
2037 2119 2142 2172 quod

1265 2176 1454 2228 alioquin
1495 2178 1548 2215 rei
1595 2178 1802 2228 oppositae
1838 2178 1965 2226 magis
2003 2176 2142 2215 efferre

1265 2234 1458 2271 notionem
1490 2234 1732 2284 pronuntiat.
1772 2248 1889 2285 quum
1921 2235 2141 2285 promiscue

1264 2293 1303 2327 et
1327 2303 1376 2327 ex
1396 2291 1549 2328 arbitrio
1565 2291 1765 2341 scriptoris
1786 2291 1870 2329 soni
1892 2291 2140 2341 potissimum

1263 2347 1410 2384 ratione
1430 2347 1561 2385 habita
1580 2352 1782 2398 utrumque
1802 2351 1977 2399 ponatur,
1996 2350 2038 2385 ut
2051 2351 2140 2385 ante

1262 2402 1439 2441 vocalem
1467 2404 1628 2456 alioqui
1652 2405 1824 2454 usurpari
1852 2403 1968 2441 liceat
1992 2407 2031 2441 et
2054 2404 2141 2442 vice

1259 2472 1393 2502 versa:
1420 2460 1466 2498 cl'.
1494 2460 1612 2498 Drak.
1639 2460 1689 2498 ad
1718 2459 1804 2499 Liv.
1832 2459 1934 2498 Vlll.
1961 2463 1997 2501 9.
2025 2460 2138 2512 §.1.]

1317 2517 1526 2569 imparle‘te
1559 2516 1625 2568 [de
1650 2518 1759 2555 vocis
1785 2516 2064 2568 orthographia
2087 2516 2137 2555 cf.

1259 2571 1344 2610 Intt.
1377 2573 1427 2611 ad
1458 2573 1561 2624 Nep.
1588 2573 1715 2612 Alcib.
1743 2573 1809 2611 Vl.
1845 2577 1881 2613 5.
1908 2574 1938 2624 ξ.
1965 2578 2001 2614 5.
2035 2572 2136 2611 Cort.

1259 2629 1307 2667 ad
1323 2629 1419 2668 Sall.
1437 2629 1516 2680 lug.
1539 2644 1569 2667 e.
1585 2633 1650 2669 53.
1672 2630 1730 2668 lin.
1753 2629 1851 2668 Eam
1869 2631 2013 2681 recepi,
2033 2629 2137 2681 quod

1258 2686 1453 2736 Apuleius
1486 2687 1521 2724 in
1561 2687 1791 2737 compositis
1823 2686 1999 2725 vocalem
2029 2686 2136 2725 verbi

1258 2742 1450 2793 simplicis
1492 2743 1656 2781 retinere
1697 2747 1812 2782 amat.
1862 2743 1909 2782 cf.
1945 2743 1995 2781 ad
2038 2742 2134 2782 Met.

1258 2797 1324 2836 lv,
1358 2812 1394 2849 p.
1422 2802 1514 2840 315.
1545 2800 1648 2852 qnid
1672 2800 1862 2839 detracto
1888 2803 1928 2838 ct
1959 2800 2134 2851 saepius.

1255 2854 1321 2892 De
1346 2855 1468 2893 forma
1493 2858 1682 2908 impertio
1707 2861 1747 2894 et
1765 2858 1977 2908 impertior
1996 2855 2132 2895 Eckst.

1255 2911 1305 2949 ad
1331 2912 1456 2951 Voss.
1480 2913 1601 2952 Arist.
1628 2912 1673 2951 ll.
1701 2926 1737 2964 p.
1766 2913 1876 2966 766]

1312 2969 1522 3021 impartile
1548 2994 1597 2998 —
1625 2971 1697 3009 sed
1723 2971 1804 3022 qui.
1843 2969 2040 3022 [Vulgata
2070 2973 2134 3009 est

1253 3025 1457 3077 impertite
1486 3040 1665 3066 sermone
1693 3040 1776 3065 non
1809 3027 1972 3080 quidem
1996 3029 2130 3067 curio·

1251 3096 1348 3121 sum.
1386 3082 1486 3121 Oud.
1533 3084 1596 3134 qui
1640 3087 1762 3121 totum
1801 3083 1929 3122 locum
1965 3098 2040 3123 non
2077 3085 2129 3122 in-

1249 3139 1423 3186 tellexit,
1478 3141 1591 3179 codd.
1642 3139 1666 3180 f.
1716 3144 1754 3179 et
1801 3140 1849 3179 Ο.
1899 3142 2127 3194 scripturam
