2221 3667
363 192 445 232 932

365 302 429 340 vl.
456 301 485 350 Q.
516 304 604 341 105.
636 299 734 338 Plin.
762 298 853 339 XX.
878 302 914 340 3.
939 298 1048 338 XXI.
1076 301 1159 346 29„
1189 302 1230 336 ut

366 358 493 395 oleam
528 357 613 394 sive
648 356 809 394 fructum
846 369 913 406 pro
955 357 1039 393 eius
1080 354 1230 404 liquore

365 414 555 451 surriserit.
610 412 748 464 [Haec
783 413 876 450 mihi
911 425 1026 463 quam
1061 411 1230 449 maxime

364 470 547 515 arrident,
589 469 798 519 aliquando
835 469 959 522 cyphi
995 468 1228 511 emendanti,

365 526 470 576 quod
495 538 620 574 genus
645 529 855 563 aromatum
880 528 943 562 est
967 528 1069 562 teste
1094 523 1228 561 Hiero-

364 595 465 632 nyrn.
498 581 542 620 ll.
575 582 727 620 advers.
760 581 900 620 lovian.
937 594 970 618 n.
1004 584 1040 620 8.
1091 580 1230 619 odoris

365 643 493 677 autem.
513 639 704 683 suavitas,
725 643 763 677 et
779 639 937 676 diversa
957 637 1230 689 thymiamata,

365 699 403 732 et
426 709 621 734 amomum
635 700 672 733 et
692 694 817 747 cyphi
831 699 870 732 et
882 694 1078 731 oenanthe
1097 697 1135 731 et
1152 707 1230 731 mu-

364 765 454 790 seus
478 756 515 789 et
536 752 706 802 pereqri
730 751 853 788 nutris
871 748 1091 801 pellicula.
1152 747 1228 786 Pro

368 807 491 847 Chiae
515 806 673 845 forsitan
700 807 896 845 chrismae
919 819 953 844 S.
978 806 1156 844 chrimae
1180 804 1229 842 de

365 876 441 914 qua
466 863 585 901 forma
611 862 660 902 cf.
675 862 875 900 Schaeser.
893 862 1053 912 Gregor.
1069 875 1106 912 p.
1122 865 1227 906 566„

364 933 414 957 ex
436 920 555 958 lSuet.
591 919 816 957 auctoritate
853 918 1117 969 corrigendum
1155 921 1229 962 est,

365 977 400 1013 in
416 975 544 1013 Tiher.
560 989 590 1013 c.
606 979 670 1015 43.
696 989 745 1014 ue
770 976 838 1015 cui
857 976 899 1013 iu
920 988 1048 1025 opera
1067 974 1228 1013 edenda

365 1032 576 1084 exemplar
601 1033 895 1083 impetratae
918 1031 1136 1070 schemae
1161 1031 1227 1069 de-

364 1088 496 1140 esset]

420 1148 459 1184 3.
485 1145 748 1196 eoepuryavit.
808 1141 981 1196 [Melior
1018 1142 1133 1181 lectio
1170 1146 1231 1180 est

362 1201 524 1239 alterius
557 1200 704 1238 codicis
735 1201 937 1251 eoepiavit,
975 1213 1089 1251 quam
1120 1201 1232 1237 miror

364 1256 465 1295 Oud.
491 1255 645 1295 silentio
671 1258 875 1296 transisse.
925 1257 1116 1309 Empiare
1143 1256 1230 1294 licet

364 1314 517 1364 propria
528 1314 561 1350 vi
572 1313 622 1351 de
635 1314 759 1352 sacris
768 1317 911 1352 tantum
923 1313 1230 1363 dican1r,q11ibus

361 1383 427 1408 res
450 1370 601 1408 scelere
633 1370 782 1421 polluta
806 1374 845 1408 et
869 1370 1067 1420 inquinata
1092 1369 1227 1407 lustra-

361 1431 438 1472 tur,
463 1426 526 1464 hic
551 1426 859 1477 qualemcunque
883 1428 937 1464 rei
961 1427 1227 1476 purgationem

361 1483 578 1534 significare
592 1487 697 1533 puto,
719 1483 765 1521 cl'.
781 1482 984 1521 Columell.
1000 1481 1048 1520 R.
1065 1482 1111 1520 R.
1126 1480 1227 1519 vul.

365 1544 402 1579 5.
417 1539 447 1589 §.
466 1544 545 1579 11.:
571 1539 724 1578 deiude
742 1545 957 1591 autequam
971 1542 1230 1578 consternant

364 1611 424 1641 ea,
462 1596 684 1647 cliliyeuter
720 1596 956 1640 emundant,
990 1594 1228 1646 paleasque,

366 1666 466 1705 quas
495 1652 689 1690 substrati
718 1657 828 1696 suut,
865 1651 1023 1703 sulfure
1059 1656 1095 1689 et
1132 1651 1230 1689 hitu-

363 1710 466 1747 mine
496 1714 619 1759 atque
648 1708 818 1746 ardente
848 1708 945 1746 teda.
978 1707 1232 1757 perlustrant

365 1770 403 1803 et
433 1765 664 1814 expiatas
695 1763 894 1802 cubilibus
923 1764 1132 1805 inliciunt,
1168 1762 1231 1800 ubi

365 1820 438 1858 vid.
466 1819 694 1858 Schneider.
726 1819 773 1857 cs.
798 1818 911 1858 Pers.
938 1818 981 1857 ll.
1009 1822 1092 1859 31..
1131 1831 1232 1869 quae

364 1876 548 1927 exempla
596 1875 721 1913 lexica
768 1876 968 1926 praebent.
1046 1875 1230 1913 Attamen

363 1936 537 1971 neutrum
568 1932 630 1970 hic
661 1933 827 1983 simplici
858 1930 1046 1983 purgandi
1077 1933 1234 1969 notione

364 1989 506 2028 dictum
531 2002 625 2026 esse
650 1988 757 2032 volo,
790 2002 906 2039 quum
940 2001 1015 2026 ova
1045 1988 1145 2025 nidis
1169 2001 1233 2024 ve-

363 2051 469 2084 teres
521 2046 743 2084 subiecisse
797 2044 995 2083 videantur
1048 2044 1231 2094 religioso

363 2103 436 2141 ritu
460 2101 652 2146 adiuncto,
677 2101 715 2139 id
740 2101 840 2152 quod
869 2102 988 2139 verba
1010 2102 1107 2139 satis
1132 2102 1232 2138 evin-

366 2163 455 2197 cunt
480 2159 656 2210 sulfure,
695 2158 885 2197 bitumine
914 2162 1039 2208 atque
1064 2157 1234 2196 ardente

364 2216 473 2260 tecla,
522 2215 569 2253 cf.
595 2215 646 2252 ad
670 2213 768 2252 Met.
794 2213 861 2252 Xl.
887 2227 923 2264 p.
951 2218 1061 2253 785.:
1111 2214 1234 2252 taeda

366 2272 506 2311 lucida
538 2276 574 2310 et
605 2285 679 2310 ovo
711 2275 749 2308 et
772 2271 932 2321 sulfure
956 2299 1086 2309 ......
1113 2283 1234 2321 quam

365 2328 578 2379 purissime
609 2328 885 2378 purificatam.
933 2325 1071 2363 Altero
1108 2324 1234 2363 Persii

365 2384 452 2422 loco
478 2383 712 2422 lustralibus
736 2382 907 2420 additum
926 2386 999 2421 est.
1045 2382 1233 2433 Expiare

365 2441 403 2479 h.
443 2440 464 2477 l.
502 2439 662 2477 dixerim
699 2439 836 2476 audaci
872 2438 1015 2477 auctori
1049 2438 1108 2476 hic
1141 2451 1233 2476 esse

363 2495 641 2546 tribue-mlum]

423 2557 458 2592 4.
493 2557 636 2606 ypate,
667 2551 826 2590 licanos
845 2555 917 2590 etc.
967 2550 1066 2589 Sunt
1080 2551 1235 2590 nomina

367 2611 535 2660 quinque
560 2608 764 2658 digitorum
794 2611 834 2646 et
863 2607 951 2645 hinc
973 2607 1175 2646 modorum
1200 2621 1232 2646 s.

365 2671 553 2709 tonorum,
578 2665 641 2714 qui
662 2678 731 2714 per
745 2663 834 2702 illos
853 2663 995 2701 fiebant
1018 2665 1053 2701 in
1080 2664 1236 2702 chordis

365 2722 527 2761 musicis
552 2721 742 2765 citharae,
766 2721 876 2758 cuius
901 2721 1019 2758 instar
1044 2719 1105 2758 hic
1131 2720 1236 2770 lingit

367 2792 440 2816 sua
459 2793 483 2816 a
501 2776 662 2816 muliere
680 2777 834 2815 tractari
852 2777 1044 2828 pudenda.
1071 2776 1118 2814 cs.
1135 2775 1232 2815 Poll.

366 2834 413 2873 ll.
437 2839 527 2874 145.
560 2833 668 2870 Fest.
699 2847 734 2872 s.
765 2846 799 2872 v.
831 2834 990 2872 naenia.
1038 2831 1232 2870 Plutarch.

368 2892 417 2929 de
448 2890 590 2928 Music.
637 2888 680 2927 Τ.
717 2888 762 2927 ll.
807 2903 841 2940 p.
887 2893 1005 2930 1136.
1066 2887 1232 2926 Ptolem.

368 2947 496 2986 Harm.
537 2959 572 2996 p.
605 2949 697 2986 228.
749 2945 893 2984 Vitruv.
931 2945 978 2983 V.
1009 2949 1045 2984 4.
1096 2944 1233 2983 Thom.

368 3003 477 3054 Mag.
514 3016 546 3041 s,
583 3016 619 3041 ν.
653 3000 754 3053 νήτη.
814 3000 1109 3040 Emendandam
1140 3015 1234 3040 esse

369 3072 503 3097 vocem
539 3058 751 3098 Lichanos
786 3062 966 3109 apparet,
1001 3071 1135 3096 verum
1170 3058 1233 3096 vel

370 3115 427 3152 sic
456 3114 559 3153 Oud.
586 3115 696 3153 locus
725 3128 800 3154 non
831 3127 952 3153 sanus
981 3114 1150 3156 videtur,
1189 3127 1235 3153 ac

371 3171 562 3221 quaedam
587 3170 744 3209 deesse.
793 3170 935 3219 Neque
960 3171 1059 3209 enim
1087 3171 1233 3223 dissitis

619 191 660 228 L.
695 186 912 227 Al’ULEll
941 184 1340 225 MADAURENSIS
1364 185 1903 226 METAMORPHOSEON

1290 299 1422 336 vocab.
1453 297 1551 336 satis
1581 298 1786 335 convenire
1821 299 2039 336 femininum
2072 312 2133 335 mo

1287 354 1461 392 dulor-um
1487 367 1611 405 genus
1641 357 1750 404 putat
1779 366 1826 391 ac
1856 354 2041 392 debuisse
2071 353 2144 392 cla-

1286 411 1364 448 rius
1395 410 1500 448 illam
1531 410 1695 461 inguinis
1730 411 1995 447 tractationem
2023 415 2062 448 et
2096 411 2146 448 lu-

1285 480 1373 504 sum
1409 466 1623 518 exprimere
1658 465 1870 517 Apuleium
1906 466 2023 503 verbo
2053 480 2144 518 per>

1287 536 1467 569 currens,
1504 528 1697 574 tanyeus,
1736 523 1907 572 feriens,
1948 522 2148 574 striuyeus

1287 579 1466 618 similive.
1537 578 1648 630 [Qua
1684 579 1719 615 in
1755 591 1797 616 re
1833 580 1931 628 non*
1944 578 2146 615 assentior.

1287 635 1367 675 Iam
1398 649 1446 674 ea
1475 635 1678 685 digitorum
1713 635 1881 685 quinque
1913 633 2148 671 enumeratio

1289 692 1431 730 autoris
1464 691 1734 742 inelegantiam
1765 704 1811 728 ac
1846 690 2028 728 stolidam
2067 703 2145 740 pro-

1288 748 1354 786 bat
1389 748 1616 793 doctrinam,
1664 751 1705 785 ut
1745 747 1795 785 ad
1837 759 2005 784 normam
2041 746 2147 798 probi

1286 805 1484 855 scriptoris
1515 805 1599 842 eius
1630 803 1898 854 qualecunque
1928 802 2148 851 figmentum

1285 861 1592 911 restringendum
1618 874 1690 898 non
1715 861 1777 899 sit.
1861 858 1925 897 De
1950 858 2010 896 his
2036 858 2148 897 nomi-

1287 917 1400 955 nibus
1432 906 1654 955 111“m11sica
1688 916 1883 968 usurpatis
1915 914 1962 953 cs.
1994 914 2147 964 Fragm.

1287 973 1421 1012 lucert.
1443 973 1580 1024 Script.
1607 972 1807 1011 Censorini
1826 971 1914 1011 edd.
1932 972 2148 1010 adiunctum

1289 1044 1319 1067 c.
1345 1029 1412 1068 Xl.
1439 1031 1470 1081 §.
1496 1030 1550 1082 3.]

1346 1090 1382 1127 5.
1423 1088 1528 1125 nivei
1565 1086 1777 1137 spurcitiei
1807 1084 1997 1137 pluscule
2030 1097 2147 1122 erco-

1288 1145 1400 1183 riaus
1424 1143 1664 1182 emmzdaeit.
1707 1141 1809 1180 Oud.
1836 1140 2014 1179 emendat
2037 1140 2149 1178 nivea

1288 1201 1485 1250 spurcitie
1497 1214 1538 1250 p.
1549 1199 1764 1237 excorians
1773 1198 1919 1238 emund
1921 1198 1984 1237 ari
1988 1201 2021 1241 t;
2035 1209 2148 1247 quum

1290 1256 1375 1308 ipse
1401 1255 1624 1294 emendavit
1650 1254 1785 1304 legerit
1809 1256 1843 1292 in
1870 1254 1954 1291 cod.
1983 1252 2148 1291 Florent.

1292 1318 1325 1352 1.
1364 1312 1445 1350 Sed
1471 1311 1577 1350 nulla
1601 1315 1708 1349 extat
1732 1311 1909 1348 lectionis
1935 1309 2151 1348 diversitas.

1285 1369 1515 1408 emundavit
1556 1371 1718 1418 uterque
1763 1367 1936 1418 praebet.
2005 1365 2152 1417 [Nic-ez·

1284 1426 1432 1463 retineo
1468 1438 1553 1462 cum
1584 1423 1695 1462 codd.
1744 1422 1844 1469 Quia
1874 1423 1972 1461 enim
1997 1422 2151 1472 inguina

1286 1482 1382 1519 asini
1410 1481 1577 1519 obducta
1601 1484 1709 1518 erant
1737 1481 1950 1531 spurcitie,
1976 1479 2064 1529 ipsa
2088 1480 2149 1515 be-

1287 1551 1336 1576 ne
1362 1538 1436 1576 dici
1462 1541 1626 1588 possunt
1650 1538 1762 1574 nicea
1799 1548 1848 1574 ex
1885 1536 2013 1574 colore
2048 1534 2150 1571 illius

1286 1594 1491 1644 squaloris.
1519 1593 1728 1644 Spurct'tie
1747 1592 2054 1630 emendationem
2069 1603 2152 1640 pro-

1289 1652 1352 1689 bo.
1373 1651 1610 1688 Eoecoriaus
1623 1646 2026 1686 tuenturGlossVulc.
2043 1649 2152 1697 p.48.

1290 1707 1461 1746 excorio
1475 1704 1660 1756 ιὶποδὲρω.
1686 1703 1779 1742 Erat
1793 1718 1909 1754 quum
1929 1717 2003 1753 ego
2022 1717 2152 1741 recon-

1289 1763 1407 1800 ditam
1433 1762 1599 1799 auctoris
1629 1764 1668 1797 et
1698 1759 1917 1798 affectatam
1943 1760 2152 1798 doctrinam

1290 1818 1543 1857 considerans
1575 1816 1837 1855 emendarem:
1868 1817 1972 1855 nivei
2000 1816 2153 1868 spurci-

1290 1877 1362 1914 tiei
1398 1874 1613 1926 plusculae
1654 1874 1871 1912 excorians
1913 1872 2153 1912 ermmdavit.

1290 1935 1332 1969 ut
1368 1932 1587 1971 emundare
1620 1931 1781 1968 iunxerit
1816 1929 2003 1980 genitivo,
2039 1941 2154 1979 quem

1290 1987 1395 2039 apud
1427 1987 1601 2026 Graecos
1633 1988 1831 2037 καθαίρειν
1866 1985 2068 2030 adsciscit,
2105 1984 2153 2023 cf.

1290 2043 1391 2082 Plat.
1423 2043 1472 2081 de
1502 2043 1673 2095 Republ.
1709 2041 1779 2081 IX.
1814 2055 1850 2093 p.
1876 2045 1968 2082 573.
2004 2041 2050 2079 B.
2087 2040 2157 2085 ἕως

1291 2098 1336 2139 ἂν
1360 2099 1514 2152 καθήρῃ
1540 2097 1793 2152 σωφροσύνης.
1836 2098 2031 2138 Pluscule
2054 2098 2155 2135 enim

1290 2157 1515 2196 adverbium
1528 2171 1601 2195 non
1624 2156 1764 2207 placet,
1783 2155 1976 2207 Apuleius
1999 2167 2155 2205 semper

1288 2214 1504 2265 plusculas
1540 2212 1772 2252 adiectivum
1802 2211 2020 2262 usurpavit,
2051 2210 2153 2261 quod

1291 2269 1399 2308 illum
1436 2269 1638 2319 fragmenti
1674 2269 1846 2306 fictorem
1881 2269 1944 2305 vix
1983 2266 2155 2317 effugere

1291 2329 1454 2378 poterat.
1505 2325 1589 2364 Sed
1613 2324 1766 2377 ἐπέχω]

1349 2386 1386 2422 6.
1433 2383 1616 2434 ‘iuquiuis
1657 2381 1880 2433 cephalam.
1952 2379 2038 2418 Hoc
2087 2392 2157 2418 nec

1292 2452 1473 2490 graecum
1500 2452 1570 2477 nec
1593 2438 1751 2476 latinum
1777 2441 1840 2476 est
1861 2433 2023 2487 Κεφαλή
2045 2439 2085 2474 et
2101 2451 2156 2474 κε-

1292 2492 1429 2545 φάλιον
1443 2495 1579 2534 dicitur
1594 2494 1759 2533 Graecis
1785 2493 1953 2531 cuiusvis
1977 2493 2032 2531 rei
2055 2505 2155 2530 sum-

1290 2552 1424 2598 mitas,
1449 2556 1490 2590 ut
1521 2555 1648 2603 caput
1671 2554 1709 2589 et
1740 2550 1965 2602 capitulum
1993 2548 2155 2588 Latinis.

1295 2607 1501 2659 Cephalus
1530 2603 1694 2657 κεφαλὰς
1725 2619 1862 2644 nomen
1899 2609 1962 2644 est
2000 2606 2065 2643 viri
2096 2603 2156 2642 vel

1294 2664 1426 2715 piscis.
1459 2663 1712 2703 Scribendum
1738 2663 1849 2713 igitur
1873 2666 1935 2700 est
1959 2661 2156 2712 cephalea

1293 2721 1357 2758 vel
1376 2721 1618 2772 cephaliam,
1640 2718 1742 2770 quod
1762 2718 1957 2769 posterius
1976 2717 2156 2768 equidem

1292 2778 1419 2827 magis
1455 2777 1587 2827 probo.
1646 2776 1702 2814 At
1728 2788 1821 2812 vero
1853 2772 1955 2813 Oud.
1984 2774 2158 2825 suspica—

1292 2837 1368 2874 tur.
1405 2834 1588 2885 iuyuiuis
1618 2832 1810 2882 capulum
1839 2830 2001 2868 dedisse
2032 2834 2159 2868 aucto-

1291 2903 1390 2934 rem,
1426 2889 1476 2926 de
1508 2902 1583 2939 quo
1614 2888 1688 2926 vid.
1718 2887 1768 2925 ad
1800 2886 1926 2924 Plaut.
1954 2886 2082 2924 (Tasin.
2108 2885 2156 2924 V.

1295 2950 1330 2985 2.
1356 2949 1420 2987 30.
1447 2945 1604 2997 Sciopp.
1630 2944 1680 2984 ad
1702 2941 1830 2994 Priap.
1856 2956 1887 2981 c.
1914 2947 1977 2983 24.
2004 2943 2062 2981 ad
2083 2955 2157 2993 pu-

1295 3003 1379 3041 bem
1415 3002 1730 3054 capulumque
1766 2999 1983 3038 calcorum.
2043 2997 2157 3050 [Sed

1292 3059 1474 3110 inyuz'nis
1509 3057 1681 3109 capulus
1715 3055 1779 3092 vix
1814 3055 1887 3093 dici
1923 3067 2047 3105 posse
2083 3055 2157 3092 exi-

1292 3116 1420 3152 stimo.
1467 3114 1644 3165 Capulus
1668 3112 1768 3149 enim
1794 3124 1910 3162 quum
1935 3110 2089 3163 proprie
2107 3110 2159 3148 sit

1291 3170 1541 3215 manubrium,
1568 3183 1590 3206 e
1615 3182 1691 3220 quo
1716 3181 1779 3205 res
1805 3167 1996 3218 quaedam
2014 3166 2159 3219 pendet
