2155 3590
619 187 805 228 LIBER
827 188 909 228 IX.
961 188 1086 229 CAP.
1117 189 1189 229 IV.
1219 189 1268 229 V.
1765 192 1846 236 755

70 298 155 339 dem
175 294 182 354 Ι
200 297 287 338 illas
317 310 439 352 aquas
469 296 710 339 hauriebam.
761 298 920 354 Iamque
950 308 995 341 et
1018 301 1177 355 plausus
1206 300 1372 343 mamam
1394 307 1434 341 et
1463 301 1616 343 aurium
1650 301 1778 345 flexus
1808 309 1848 343 et
1871 309 1934 342 599

70 355 223 394 ductum
255 354 414 408 capistri
444 362 486 395 et
516 355 668 408 quidvis
699 356 803 397 aliud
833 357 1131 411 periclitantium
1162 357 1310 411 placide
1334 357 1530 420 patiebar,
1558 359 1684 410 quoad
1709 366 1847 405 contra

67 423 254 451 vesanam
278 424 413 450 eorum
437 412 790 465 praesumptionem
815 413 1042 453 modestiam
1068 427 1192 454 meam
1217 413 1362 466 liquido
1394 413 1544 453 cunctis
1569 414 1842 477 approbarem.

67 466 254 506 Adustum
269 467 422 506 modum
429 467 554 507 vitato
568 468 708 521 duplici
722 468 893 522 periculo
908 469 968 509 die
982 470 1159 522 sequenti
1172 483 1327 511 rursum
1337 468 1478 512 divinis
1492 470 1648 510 exuviis
1663 478 1865 522 onustus,

68 536 155 562 cum
169 522 329 563 crotalis
348 530 388 563 et
405 523 593 577 cymbalis
620 524 971 565 circumforaneum
991 525 1300 568 mendicabulum
1316 523 1323 580 Ι
1338 525 1532 588 producor
1550 526 1597 565 ad
1616 526 1733 566 viam.
1758 526 1846 567 Nec
1869 528 1966 572 [2¹⁹1

65 578 200 632 paucis
225 578 368 619 casulis
394 586 510 632 atque
536 581 706 620 castellis
732 580 949 632 oberratis,
978 583 1215 622 devertimus
1241 582 1290 622 ad
1321 580 1536 645 quempiam
1567 594 1640 644 pa²³
1620 596 1709 621 vum
1734 583 1844 623 urbis

65 634 271 688 opulentae
295 636 503 687 quondam,
531 643 575 675 ut
598 637 868 677 memorabant
889 638 1064 688 incolae,
1091 638 1196 678 inter
1219 637 1410 680 semiruta
1433 637 1603 690 vestigia
1630 637 1842 688 conditum,

65 696 106 729 et
129 690 295 744 hospitio
320 691 490 743 proximi
514 692 657 732 stabuli
680 693 844 757 recepti,
872 694 1146 748 cognoscimus
1169 694 1336 748 lepidam
1359 694 1406 735 de
1429 693 1621 737 adulterio
1647 670 1845 738 cuiusdani

65 746 246 801 pauperis
273 747 462 799 fabulam,
491 762 605 801 quam
629 763 701 790 vos
727 749 842 790 etiam
869 750 1117 804 cognoscatis
1141 750 1247 792 v.010

651 886 688 935 C
743 887 791 933 A
845 886 884 933 P
942 887 986 934 U
1033 887 1078 934 T
1193 887 1256 936 V.

175 981 216 1023 Is
241 982 378 1037 gracili
403 984 588 1038 pauperie
611 984 794 1035 laborans
819 984 978 1026 fabriles
1004 998 1144 1040 operas
1169 985 1390 1040 praebendo
1421 985 1556 1040 parvis
1588 985 1666 1026 illis
1697 999 1848 1027 merce-

63 1087 158 1116 illam
171 1097 202 1123 p.
249 1096 360 1126 aquas
378 1097 440 1118 non
461 1090 659 1124 conspicitur
677 1090 711 1120 iu
729 1091 765 1119 L.
784 1093 817 1118 et
835 1093 934 1119 Merc.
980 1097 1114 1119 manum
1126 1092 1163 1120 F.
1177 1092 1207 1120 3.
1238 1098 1394 1121 mannum
1406 1092 1443 1122 F.
1458 1093 1488 1126 1.
1501 1088 1531 1120 δ.
1546 1091 1567 1120 f.
1590 1093 1706 1120 Incert.
1718 1093 1802 1120 Iunt.
1818 1093 1849 1119 2.

63 1135 147 1163 Elm.
163 1134 267 1163 scriv.
289 1135 409 1163 Florid.
431 1136 469 1164 In
482 1139 555 1164 cett.
574 1142 703 1162 manus.
746 1134 1024 1171 percontantium
1036 1137 1072 1165 L.
1105 1137 1403 1172 pereunctantium
1421 1133 1450 1165 δ’.
1465 1136 1486 1165 f.
1509 1138 1547 1166 In
1560 1141 1634 1165 cett.
1641 1134 1847 1172 periclitan-

63 1179 148 1206 tium
171 1178 213 1207 cf.
231 1186 331 1213 supra
349 1187 377 1207 c.
391 1180 421 1208 3.
469 1178 676 1216 qnieqm'dea's
695 1182 730 1209 G.
750 1181 777 1207 l·
793 1181 827 1209 0.
875 1179 974 1207 atiud
992 1182 1193 1209 desideratur
1211 1181 1245 1209 in
1265 1181 1286 1209 f.
1333 1189 1505 1208 ve.z·anam
1523 1183 1559 1210 G.
1574 1183 1604 1210 1.
1641 1188 1798 1211 vesanum
1812 1183 1846 1210 0.

63 1223 195 1253 exubt'ls
209 1225 246 1253 G.
262 1225 291 1252 1.
326 1222 478 1255 excubiis
492 1222 521 1254 ὃ.
568 1223 709 1257 cinbalae's
730 1226 764 1252 G.
783 1226 810 1252 1.
825 1227 855 1252 2.
903 1223 1008 1252 duc-or
1019 1227 1056 1254 L.
1077 1233 1118 1254 ex
1137 1228 1210 1254 coll.
1224 1227 1314 1256 Colv.
1338 1228 1376 1255 In
1395 1228 1466 1254 coll.
1481 1228 1575 1255 Voss.
1611 1225 1778 1254 conduc-or
1791 1228 1847 1255 sed

63 1270 214 1303 pessime.
261 1276 338 1298 ntem
354 1268 475 1305 paucis
494 1271 530 1297 G.
552 1270 581 1297 1.
601 1270 635 1298 0.
683 1268 835 1297 cassellis
854 1270 890 1297 G.
915 1271 943 1299 1.
980 1269 1129 1302 causalis
1149 1272 1184 1299 G.
1204 1273 1235 1298 2.
1256 1271 1295 1299 D.
1343 1269 1498 1302 olleratis
1517 1273 1552 1300 G.
1570 1272 1598 1299 1.
1645 1269 1847 1299 devertimus

62 1314 98 1341 F.
114 1315 143 1342 1.
158 1315 188 1342 3.
202 1315 238 1342 G.
254 1315 284 1342 1.
297 1314 334 1343 Ο.
346 1315 382 1342 L.
397 1311 426 1342 ὃ.
442 1315 644 1347 p.1·21m.non
657 1313 867 1349 divertimus,
893 1318 924 1342 ut
940 1315 971 1342 in
985 1316 1065 1344 Edd.
1079 1317 1169 1349 vulg.
1217 1314 1407 1350 opulentum
1422 1317 1457 1344 B.
1472 1324 1502 1350 p.
1550 1316 1644 1343 intra
1666 1317 1701 1345 G.
1719 1318 1747 1344 1.
1760 1317 1791 1344 2.
1811 1317 1846 1344 P.

62 1359 97 1386 Ο,
111 1359 150 1386 D.
162 1359 200 1387 R.
216 1358 237 1386 f.
252 1355 281 1386 δ.
291 1380 299 1394 ‚
318 1362 353 1387 ut
365 1358 507 1393 vestigia
520 1358 609 1387 urbis
622 1362 794 1393 opulentae
805 1359 962 1388 semiruta
974 1360 1142 1389 ambierint
1159 1361 1298 1394 undique
1312 1368 1439 1393 pagum.
1465 1362 1527 1393 Sed
1541 1364 1571 1389 et
1583 1363 1751 1396 vulgatum
1765 1361 1848 1389 satis

62 1403 191 1431 defendi
204 1406 233 1432 et
246 1408 333 1432 stare
348 1407 459 1437 potest.
485 1403 526 1432 cf.
541 1404 583 1432 ad
596 1406 734 1433 Met.Vl.
750 1406 864 1438 ιι.368.
887 1404 926 1431 in
937 1407 999 1431 ter
1023 1404 1172 1432 subsitae
1185 1403 1348 1432 conc-allis
1362 1403 1567 1433 sublucidum
1581 1404 1701 1434 lucum.
1748 1406 1846 1433 semi-

61 1450 165 1484 rupta
177 1449 214 1476 G.
228 1449 258 1476 2.
272 1449 312 1476 Ι).
325 1450 360 1477 0.
374 1449 410 1476 Ρ,
424 1450 461 1476 1..
475 1450 512 1477 11.
527 1448 548 1477 f.
564 1457 604 1477 ex
618 1449 734 1478 vitioso
749 1448 951 1477 librariorum
965 1457 1061 1479 more.
1087 1449 1143 1485 [cf.
1157 1451 1273 1479 Deder.
1291 1454 1356 1478 not.
1376 1451 1447 1479 crit.
1466 1450 1508 1479 ad
1526 1451 1610 1478 Diet.
1625 1451 1708 1479 Cret.
1717 1452 1757 1479 V.
1779 1452 1814 1478 11
1824 1450 1847 1486 .]

61 1492 230 1521 seminem
243 1501 278 1521 π.
325 1495 462 1529 receptu
475 1495 509 1521 υ.
556 1492 718 1530 Ieppn'dam
734 1495 768 1521 G.
788 1495 814 1521 1.

149 1538 233 1568 uQsF
256 1539 284 1567 1.
305 1539 334 1568 3.
356 1546 384 1573 ιι.
405 1539 474 1568 edd.
493 1541 570 1567 vett.
595 1539 701 1569 Ceteri
718 1540 807 1567 codd
828 1542 857 1567 et
877 1538 947 1567 edd
969 1539 1060 1567 Colv.
1079 1540 1175 1567 Vulc.

57 1581 229 1618 granium

1217 1542 1343 1568 .·Meic
1363 1540 1448 1569 Pric.
1473 1541 1520 1568 W
1521 1547 1620 1568 ower.
1644 1541 1761 1568 habent
1781 1537 1846 1569 hic.

233 1583 424 1619 .grale‘eG.
440 1582 469 1612 1.
513 1581 720 1619 prehendens
733 1585 768 1613 F.
784 1585 814 1612 3.
840 1581 901 1617 (ex
914 1585 1126 1619 (ι-οιιεσίίοιιε;
1150 1586 1207 1613 sed
1227 1585 1356 1613 sinetur
1376 1589 1451 1614 ante
1470 1585 1626 1618 scriptum
1635 1593 1681 1620 pt
1683 1583 1843 1619 neomuto)

61 1629 97 1656 G.
114 1629 141 1656 1.
157 1629 192 1656 0.
226 1626 458 1664 praehendeus
474 1630 510 1657 P.
525 1630 560 1657 G.
576 1630 605 1657 2.
619 1630 657 1657 D.
678 1630 747 1657 cod.
761 1629 888 1657 Branlii
903 1626 1064 1664 μήὲᾱειιε.
1088 1607 1126 1658 lii
1138 1633 1210 1658 cett.
1225 1628 1429 1666 praebendo.

1479 1629 1658 1658 tenebatur
1670 1638 1701 1665 p.
1714 1639 1732 1659 e
1752 1631 1848 1659 cuius

60 1673 224 1708 scriptura
236 1675 376 1703 Salmas.
390 1674 528 1702 coniecit
543 1673 712 1702 tuebatur.
754 1673 876 1710 parcis
891 1673 953 1700 vim
967 1672 1172 1702 mercedibus
1185 1676 1221 1704 P.
1235 1678 1393 1709 corrupte.

60 1759 166 1798 fundi
191 1759 226 1797 in
253 1759 371 1807 Mss„
396 1761 534 1811 probat
558 1773 608 1798 ex
634 1760 737 1799 varia
759 1760 927 1798 lectione

60 1816 163 1868 apud
178 1815 310 1854 Manil.
325 1815 351 1855 l.
366 1820 458 1857 310.
483 1815 626 1867 Veget.
641 1816 705 1854 IV.
723 1820 758 1858 6.
784 1816 925 1855 Boeth.

61 1871 176 1910 Cons.
201 1870 304 1912 Phil.
328 1872 442 1912 Meu.
468 1871 534 1912 IV.
562 1877 598 1913 6.
647 1873 767 1911 Solin.
793 1887 830 1925 p.
858 1877 923 1913 22.

61 1927 271 1980 [Equidem
294 1930 474 1981 inferens
502 1930 655 1975 retinui,
685 1943 761 1967 non
793 1929 923 1967 solum

59 1985 151 2035 quia
179 1984 215 2022 in
248 1985 631 2024 contextu-Florem.
664 1989 700 2025 3.
737 1986 924 2031 scribitur,

60 2044 100 2078 et
122 2054 292 2093 veryens
314 2041 443 2092 potius
468 2042 845 2093 interpretamentum
880 2042 924 2078 li-

59 2097 170 2137 brarii
184 2096 349 2143 videtur,
375 2098 478 2152 quod
491 2098 526 2135 in
542 2102 694 2136 ceteros
708 2097 795 2135 dein
809 2097 922 2136 codd.

59 2152 256 2205 profluxit,
281 2153 354 2191 sed
368 2154 521 2204 inferre
534 2159 663 2206 caput
679 2153 793 2192 dictio
807 2155 924 2192 rarior

60 2213 123 2247 est
147 2208 269 2247 altera
287 2211 497 2261 inveryere
515 2210 578 2247 vel
597 2224 768 2264 veryere
786 2215 922 2262 caput.

61 2264 325 2317 corruptelam
354 2278 446 2304 vero
476 2267 670 2318 antiquam
702 2279 813 2313 esse,
849 2268 923 2318 ipsi

61 2320 175 2361 codd.
199 2321 396 2374 probant]

115 2391 288 2417 manum.
335 2377 464 2430 [Hanc
483 2379 637 2429 genitivi
652 2378 811 2417 formam
823 2379 921 2416 satis

60 2432 291 2472 insolentem
323 2447 374 2472 ex
404 2436 546 2485 optimo
579 2435 663 2475 cod.
688 2434 857 2473 Florent.
884 2439 920 2475 3.

61 2490 169 2536 dedi,
203 2504 391 2530 manuum
421 2495 461 2529 et
490 2505 644 2536 manus,
682 2504 781 2542 quae
805 2491 923 2530 ceteri

61 2546 172 2585 codd.
197 2550 237 2584 et
260 2547 348 2585 edd.
376 2546 538 2592 habent,
568 2560 637 2598 pro
670 2547 923 2598 glossematis

59 2603 210 2640 habens
237 2603 486 2641 librariorum.
511 2602 715 2641 Posterius
735 2617 782 2641 eo
796 2603 922 2654 magis

61 2659 249 2710 corrumpi
273 2663 437 2710 poterat,
464 2659 566 2711 quod
591 2659 772 2710 syllabae
796 2674 862 2699 um
885 2663 924 2697 et

62 2728 106 2754 us
131 2714 265 2754 finales
290 2714 371 2753 sere
396 2715 534 2754 eadem
558 2720 648 2754 nota
667 2717 702 2753 in
717 2716 818 2754 Mss.
833 2715 923 2754 scri-

60 2769 211 2810 buntur.
259 2770 408 2810 Eadem
428 2772 575 2811 ratione
595 2775 798 2823 peccatum
813 2772 922 2810 estin

63 2825 176 2865 codd.
188 2825 324 2867 Liv.V.
340 2831 404 2868 26.
419 2827 448 2878 ξ.
464 2832 502 2868 5.
512 2858 523 2873 ,
548 2828 612 2866 ubi
625 2827 798 2866 Florent.
810 2827 922 2865 Leid.

66 2887 102 2922 1.
122 2885 160 2920 et
178 2881 297 2921 Klok.
317 2885 448 2935 optimi
467 2884 569 2922 Mss.
590 2898 756 2936 passum
779 2882 923 2934 legunt,

63 2941 103 2976 et
121 2938 185 2976 alii
204 2938 359 2986 librarii,
386 2941 626 2987 nescientes,
652 2940 742 2990 quid
762 2953 810 2979 ea
834 2941 924 2978 scri-

63 2997 175 3044 ptura
192 2994 266 3032 sibi
277 2995 417 3042 vellet,
443 3009 607 3046 eamque
630 2996 782 3046 legibus
802 3009 924 3047 gram-

62 3050 284 3088 maticorum
298 3052 496 3092 adversari
511 3052 727 3099 credentes,
737 3052 925 3090 dederunt

59 3118 213 3156 passus.
239 3106 275 3146 A
300 3110 493 3148 sententia
516 3114 644 3148 tamen
669 3107 738 3147 Dr.
763 3108 813 3147 ad
836 3107 873 3146 h.
900 3107 926 3148 l.

63 3164 170 3200 stare
193 3175 365 3214 neque0‚
397 3179 483 3205 eam
509 3163 807 3205 contractionem
832 3177 924 3217 poe-

984 1761 1036 1799 tis
1071 1765 1218 1800 tantum
1262 1762 1531 1808 concedentis,
1573 1761 1638 1812 qui
1680 1763 1847 1802 numeris

983 1818 1067 1855 suis
1092 1817 1262 1856 adstricti
1294 1818 1450 1863 suerint,
1483 1831 1716 1869 quamquam
1747 1831 1847 1868 quae

983 1873 1110 1912 adhuc
1129 1873 1294 1912 afferunt
1311 1873 1491 1924 exempla
1516 1874 1748 1925 interpretes
1766 1878 1847 1912 tan-

980 1930 1178 1968 tummodo
1214 1943 1237 1967 e
1272 1930 1401 1980 poetis
1437 1929 1618 1969 desumta
1653 1935 1753 1968 sunt.
1797 1930 1844 1968 cf.

984 1985 1118 2024 Eckst.
1148 1986 1195 2024 ad
1227 1986 1349 2024 Voss.
1380 1986 1497 2024 Arist.
1529 1985 1574 2025 T.
1605 1984 1651 2025 II.
1683 2000 1719 2037 p.
1751 1989 1845 2028 649.

982 2041 1045 2079 De
1057 2055 1140 2080 voc.
1151 2042 1323 2093 plausus
1347 2042 1394 2081 cf.
1408 2042 1538 2081 Burin.
1553 2041 1602 2081 ad
1616 2041 1732 2082 Ovid.
1746 2042 1846 2081 Met.

981 2096 1024 2136 ll.
1051 2102 1163 2143 867..
1189 2098 1251 2148 qui
1279 2098 1314 2136 h.
1340 2098 1365 2137 1.
1389 2096 1564 2151 excitat]

1036 2155 1184 2192 ‹ln-inis
1208 2156 1362 2194 cxnzt'is
1388 2159 1561 2195 onustas
1601 2152 1665 2206 [cf.
1691 2150 1844 2193 Erasm.

981 2210 1110 2261 Adur.
1136 2209 1232 2248 Chil.
1254 2214 1292 2251 2.
1318 2210 1426 2249 Cent
1442 2215 1477 2251 2.
1497 2223 1535 2262 p.
1551 2213 1644 2250 393.
1669 2210 1731 2249 ed.
1751 2209 1845 2249 Bas

984 2271 1101 2326 1551.
1138 2268 1274 2306 asinus
1309 2272 1487 2318 portans
1522 2260 1846 2320 mysteiia.o'10;

979 2338 1079 2373 apem
1102 2320 1285 2375 μυστήρια
1309 2327 1349 2361 et
1371 2325 1422 2362 ita
1447 2323 1614 2362 Gabrias
1639 2322 1716 2361 sab.
1742 2321 1818 2360 Γ
1779 2338 1842 2362 ιω

979 2381 1058 2423 ſtru,-
1081 2376 1259 2445 αγύρταις
1282 2382 1332 2423 εἰς
1355 2376 1399 2418 τὸ
1426 2376 1551 2418 κοινὸν
1576 2377 1728 2443 ἐπράθη
1737 2372 1846 2424 ''Otog

979 2450 1033 2481 τις
1065 2433 1109 2473 οὐ
1141 2450 1313 2487 ευμοιρος
1343 2432 1442 2474 ἀὶλιὶ
1478 2431 1721 2485 δυσὸαᾲιων
1720 2430 1846 2478 Οστις

980 2505 1073 2543 φιρη
1115 2497 1293 2544 πτωχοῖσι
1328 2489 1391 2530 καὶ
1427 2489 1673 2543 παιούργοισι
1707 2489 1837 2544 Ilei-122

980 2563 1096 2593 σακος
1127 2549 1238 2598 δίψης
1268 2563 1308 2586 τε
1337 2549 1401 2586 καὶ
1431 2550 1548 2598 κακῆς
1576 2563 1701 2599 ‘textus'
1730 2545 1845 2585 Οὑτιιι

981 2599 1022 2642 οὖ
1026 2620 1045 2642 v
1064 2601 1189 2653 κύκλῳ
1208 2603 1334 2643 πᾶσαν
1353 2604 1390 2651 ἐξ
1408 2604 1524 2647 ἔθους
1543 2601 1669 2653 κώμην
1688 2598 1845 2655 mnudi-

979 2675 1040 2704 τες
1069 2658 1294 2710 {hym-‚21¹9
1324 2657 1394 2712 γὰρ
1424 2657 1607 2711 ἀγροίκωι
1641 2656 1722 2698 Οὐκ
1748 2658 1845 2696 older

970 2710 1099 2754 'Amr
1121 2713 1252 2755 λευκὸν
1276 2714 1327 2760 ὡς
1351 2714 1549 2767 ἐπηρωθης
1574 2715 1628 2759 τίς
1641 2712 1709 2754 οὐκ
1724 2729 1844 2766 απαρ-

979 2788 1046 2824 χας
1076 2770 1239 2823 ὀσπρίων
1267 2787 1308 2811 τε
1340 2773 1403 2810 καὶ
1432 2787 1542 2811 σιτων
1562 2769 1701 2822 ‘An-03.
1724 2769 1845 2822 φέρων

980 2830 1111 2867 δίδωσι
1134 2827 1312 2878 τυμπάνῳ
1332 2826 1465 2878 Ρείης;
1501 2827 1599 2865 ΟιιΖ.
1634 2826 1684 2864 ad
1708 2825 1844 2864 Minut.

980 2883 1065 2922 Fet.
1090 2897 1127 2934 p.
1157 2884 1272 2937 140.]

1035 2940 1233 2990 fabulam.
1265 2939 1329 2992 [cs.
1344 2939 1476 2979 Barth.
1490 2939 1657 2978 Advers.
1672 2936 1844 2976 XXXV.

983 3000 1046 3036 14.
1072 3008 1111 3046 p.
1137 2996 1281 3048 16η]

1040 3051 1127 3090 Cn.
1159 3052 1223 3100 V.v
1262 3051 1513 3103 praebenda.
1572 3049 1634 3089 Ex
1668 3053 1842 3100 corrupta

982 3107 1150 3146 lectione
1160 3108 1442 3159 praehendam
1454 3106 1636 3146 Brantius
1655 3107 1846 3145 coniectu—

982 3178 1063 3204 ram
1088 3163 1180 3203 secit
1198 3164 1443 3217 praeludens
1461 3176 1510 3203 ex
1528 3161 1656 3202 Plaut.
1672 3159 1844 3203 Men-cx.

1541 3228 1633 3272 48*
