2155 3590
787 85 1202 129 PRAEFATIO.
1844 100 1888 126 xl

212 217 244 256 p.
271 201 368 245 900.
397 200 500 242 Oud.
529 199 709 255 probavit
733 207 874 241 vestro
900 199 1078 250 iudicia,
1167 198 1325 240 Rubnk.
1353 198 1499 253 recepit
1523 205 1668 239 nostro
1695 197 1864 238 iudicio.

210 285 243 323 p.
268 270 365 313 910.
455 294 472 301 -
585 292 602 300 -
717 269 831 324 qnod
853 267 1119 323 quotidief‚
1252 291 1270 297 -
1411 290 1429 297 ·
1516 266 1828 321 qnodfh7·atz's.

210 352 242 391 p.
269 338 366 380 911.
584 360 602 366 -
717 336 953 376 electz'biles
1252 358 1268 364 -
1411 358 1428 364 -
1516 334 1721 374 electiles.

209 419 240 458 p.
267 406 363 447 913.
452 428 469 435 -
582 427 599 434 -
713 403 823 444 liber
846 405 932 444 ioci
954 403 1184 445 cachinnus
1253 426 1269 432 -
1412 426 1428 432 -
1506 401 1613 442 liber
1637 402 1883 443 cachinnus.

208 486 242 525 p.
266 473 363 515 914.
452 496 468 502 -
582 495 599 502 -
713 485 775 511 me
802 477 886 511 tam
1250 494 1267 500 -
1409 494 1425 500 -
1511 484 1574 509 me
1600 476 1753 510 tamen.

211 554 243 592 p.
269 540 366 583 928.
455 563 471 569 -
585 563 601 569 -
716 540 842 578 nimio
868 539 1043 579 modicis
1254 562 1270 568 -
1514 538 1637 577 nimis
1660 538 1848 579 modicis.

207 622 240 661 p·
267 609 364 650 945.
454 630 470 637 -
584 630 603 637 -
717 606 1033 647 crudelissimae
1249 630 1266 636 -
1408 629 1424 635 -
1511 605 1817 646 crudelissime.

207 690 239 729 p.
265 676 362 718 947.
583 699 600 706 -
708 681 943 728 praesente
1247 698 1263 704 -
1408 697 1424 703 -
1507 675 1745 727 praesenti.

207 757 238 796 p.
265 743 361 785 980.
452 765 468 773 -
584 767 600 772 -
710 749 884 797 portam
902 744 1071 797 potitus
1253 766 1270 772 -
1413 765 1430 772 -
1512 748 1643 795 porta
1664 742 1844 796 potitus.

92 809 238 851 Eadem
276 810 417 864 pagina
454 810 664 850 Ruhnken.
703 810 818 850 habet
854 811 1059 851 lectionem
1090 810 1346 865 silgitimcm,
1386 823 1501 863 quum
1540 823 1674 849 omnes
1706 810 1813 850 codd.
1845 817 1884 850 et

91 878 176 917 edd.
199 878 417 931 ficrtivum
450 878 592 932 optime
624 878 857 932 praebeant,
892 892 1004 932 quam
1037 886 1166 918 tamen
1202 877 1481 931 negligentiam
1507 876 1662 931 saepius
1687 877 1752 917 ille
1779 892 1882 917 com-

92 946 216 993 misit,
245 953 287 986 ut
311 961 348 1001 p.
382 947 497 997 806,
526 946 589 986 ubi
609 947 852 1001 periturum
879 953 1011 1001 caput
1034 960 1103 1001 pro
1123 946 1343 1001 periuram
1370 945 1537 999 recepit,
1572 944 1619 984 ab
1652 945 1757 985 nullo
1783 945 1882 985 libro

92 1027 163 1054 nec
190 1014 292 1054 edito
319 1028 390 1055 nec
416 1014 561 1068 scripto
586 1014 802 1068 probatum.

202 1093 306 1133 Hinc
331 1094 429 1146 quod
457 1093 624 1147 Apuleio
649 1107 802 1146 semper
828 1092 944 1132 fatale
969 1100 1075 1143 erat,
1110 1100 1151 1133 ut
1182 1093 1246 1146 qui
1272 1092 1355 1133 eius
1381 1092 1524 1146 scripta
1550 1092 1589 1132 in
1615 1093 1737 1133 lucem
1765 1093 1881 1134 edere

90 1161 378 1201 constituerant
407 1175 541 1200 eorum
574 1173 691 1214 opera
723 1167 847 1200 morte
878 1159 1016 1199 aliisve
1043 1160 1327 1214 impedimentis
1353 1160 1675 1214 interciperetur,
1710 1162 1881 1202 fortasse

88 1235 173 1268 erat
204 1229 424 1278 commodo,
451 1228 551 1281 quod
577 1227 838 1267 Ruhnkenius
872 1235 1072 1281 postquam
1105 1227 1441 1282 Metamorphosin
1468 1242 1536 1282 per
1561 1229 1728 1269 sedecim
1755 1243 1880 1270 annos

86 1295 191 1335 inter
215 1296 502 1351 typothetarum
528 1309 667 1335 manus
693 1302 931 1349 pertractata
957 1303 1032 1346 est,
1061 1309 1108 1335 ne
1135 1296 1297 1335 alteram
1325 1302 1473 1350 partem
1499 1296 1704 1336 absolvere
1730 1304 1878 1348 posset,

90 1364 252 1417 primum
280 1363 429 1403 librarii
461 1363 793 1416 tergiversatione
826 1370 904 1403 tum
932 1377 1003 1403 suo
1029 1363 1136 1403 obitu
1162 1363 1368 1417 impeditus
1388 1371 1461 1404 est.
1496 1362 1694 1403 Bosscbae
1716 1365 1881 1418 denique

87 1431 270 1484 contigit,
304 1438 345 1471 ut
377 1431 536 1485 triginta
571 1432 652 1471 fere
683 1431 797 1471 annis
830 1439 916 1486 post
947 1431 1093 1486 primae
1119 1431 1241 1486 partis
1267 1431 1475 1472 editionem
1503 1431 1770 1472 doctissimum
1798 1432 1880 1473 Ou-

85 1499 284 1553 dendorpii
316 1499 355 1539 in
388 1506 540 1539 ceteros
574 1499 694 1539 libros
725 1507 951 1553 apparatum
984 1500 1023 1539 in
1056 1513 1298 1539 communem
1330 1499 1550 1539 litterarum
1579 1500 1745 1540 fructum
1772 1501 1879 1541 evul-

87 1574 214 1621 garet,
244 1568 307 1621 qui
334 1567 394 1607 vir
418 1581 648 1621 quamquam
676 1581 752 1607 non
774 1567 827 1607 ita
848 1567 887 1607 in
911 1568 1099 1607 Afrorum
1115 1568 1307 1608 latinitate
1327 1568 1572 1608 exercitatus
1598 1575 1698 1618 erat,
1728 1569 1879 1609 cautius

87 1643 211 1675 tamen
239 1642 278 1675 et
301 1635 524 1689 religiosius
551 1636 589 1675 in
616 1636 764 1675 edendo
791 1635 890 1676 Oud.
917 1650 1033 1690 opere
1059 1636 1158 1689 egit,
1187 1650 1257 1676 nec
1283 1636 1405 1675 solum
1433 1650 1528 1689 quas
1554 1636 1618 1676 ille
1644 1636 1881 1691 probaverat

85 1704 273 1744 lectiones
304 1703 343 1743 in
371 1711 482 1743 textu
509 1703 656 1757 posuit,
690 1704 757 1744 sed
783 1703 834 1743 ibi
864 1710 1011 1744 tantum
1038 1705 1083 1744 de
1109 1718 1179 1744 sua
1206 1704 1398 1744 sententia
1425 1704 1568 1757 aliquid
1595 1705 1775 1758 protulit,
1814 1705 1877 1745 ubi

85 1771 238 1812 codices
275 1772 432 1811 omnino
471 1779 676 1825 corruptos
718 1779 757 1812 et
800 1770 1063 1826 Oudendorpii
1108 1772 1342 1812 sententiam
1382 1772 1494 1826 plane
1532 1786 1752 1826 perversam
1791 1787 1879 1814 esse

82 1839 252 1880 videbat.
314 1839 414 1880 Tum
441 1839 673 1893 Apologiam
700 1853 814 1893 quam
848 1839 1149 1894 Oudendorpius
1180 1840 1364 1880 intactam
1399 1840 1631 1894 reliquerat,
1665 1841 1746 1880 suis
1778 1839 1878 1881 Bos-

83 1908 175 1948 scba
201 1907 492 1948 commentariis
518 1908 798 1961 interpretatus
825 1915 905 1959 est,
939 1908 977 1948 in
1010 1908 1147 1961 quibus
1175 1922 1265 1948 raro
1292 1915 1441 1948 tantum
1468 1908 1514 1948 ad
1543 1914 1670 1948 textus
1696 1909 1877 1949 emenda-

82 1976 226 2016 tionem
252 1976 394 2029 aliquid
421 1975 563 2016 attulit.

197 2054 304 2094 Haec
331 2062 422 2094 sunt
446 2067 544 2107 quae
570 2055 615 2093 de
641 2054 794 2108 Apuleii
822 2055 1056 2095 editionibus
1082 2056 1293 2109 praefanda
1321 2069 1408 2095 esse
1435 2055 1687 2106 videbantur,
1721 2063 1762 2096 ut
1788 2056 1877 2109 quid

85 2136 209 2161 novus
236 2122 349 2162 huius
375 2121 577 2176 scriptoris
603 2122 730 2161 editor
755 2123 863 2176 sequi
889 2123 978 2176 quid
1004 2124 1154 2163 evitare
1180 2123 1339 2163 deberet
1364 2123 1651 2177 intelligeretur
1669 2131 1707 2164 et
1727 2125 1771 2164 de
1791 2139 1876 2165 meo

83 2190 340 2243 qualicunque
367 2203 482 2244 opere
508 2189 704 2230 sincerum
731 2203 752 2229 a
779 2190 867 2231 VV.
893 2190 980 2231 DD.
1007 2191 1188 2231 iudicium
1217 2199 1348 2246 posset
1372 2192 1552 2246 proferri.
1600 2191 1737 2246 ltaque
1762 2192 1878 2233 liceat

82 2271 177 2311 quas
204 2272 277 2311 ego
303 2257 341 2297 in
370 2258 440 2297 hac
466 2258 634 2298 editione
660 2265 816 2299 secutus
842 2273 925 2298 sum
954 2259 1129 2300 rationes
1156 2260 1329 2300 breviter
1355 2274 1458 2299 nunc
1483 2273 1699 2314 exponere.

193 2324 366 2366 Primum
394 2326 494 2365 enim
522 2341 636 2379 quum
663 2327 862 2377 vidissem,
890 2342 1002 2380 quam
1032 2341 1131 2381 vaga
1158 2335 1263 2368 esset
1287 2336 1325 2368 et
1343 2328 1493 2368 incerta
1513 2328 1668 2381 Apuleii
1688 2328 1874 2369 librorum

82 2393 217 2439 lectio,
252 2400 346 2446 quot
375 2394 610 2435 coniecturis
642 2395 704 2435 vel
735 2395 860 2449 potius
891 2395 1219 2436 alucinationihus
1251 2396 1505 2450 interpretum
1537 2396 1738 2449 inquinata
1763 2410 1874 2450 aper-

80 2462 207 2515 tisque
232 2461 337 2502 vitiis
364 2462 595 2516 depravata,
629 2476 755 2502 meum
787 2477 874 2503 esse
900 2463 1014 2514 duxi,
1049 2477 1099 2504 ex
1127 2465 1237 2504 codd.
1268 2464 1497 2518 optimorum
1526 2465 1599 2504 fide
1626 2471 1871 2515 contextum,

82 2530 207 2583 quoad
245 2529 328 2569 eius
366 2530 449 2569 fieri
483 2535 632 2584 posset,
672 2531 896 2572 restituere.
964 2531 1046 2572 Hoc
1084 2546 1178 2573 vero
1216 2533 1330 2572 aliter
1366 2532 1461 2572 effici
1497 2547 1575 2572 non
1614 2532 1757 2586 potuit,
1798 2532 1873 2573 nisi

82 2597 255 2637 codicum
292 2597 463 2651 ipsorum
502 2599 742 2652 praestantia
774 2612 819 2638 ac
851 2600 923 2640 fide
954 2600 1162 2654 diligenter
1192 2601 1423 2641 examinatis
1455 2600 1593 2654 quibus
1631 2600 1870 2654 potissimum

81 2665 120 2705 in
157 2672 347 2705 contextu
386 2665 594 2706 verborum
633 2667 874 2707 emendando
911 2668 1252 2723 obtemperandum
1291 2676 1415 2715 esset,
1461 2668 1726 2715 inveniretur,
1772 2670 1872 2709 unde

82 2734 193 2773 codd.
238 2732 553 2773 Florentinorum
591 2748 689 2787 quae
726 2735 837 2775 nobis
868 2736 915 2775 ab
949 2735 1226 2791 Oudendorpio
1259 2737 1467 2776 traduntur
1496 2736 1714 2790 scripturae
1746 2737 1871 2777 denuo

81 2801 341 2842 conferendae
368 2815 454 2841 esse
481 2801 570 2841 mihi
597 2802 850 2854 videbantur,
885 2804 1024 2858 qnippe
1057 2805 1117 2845 cui
1143 2805 1247 2845 intcr
1271 2805 1475 2858 legendum
1503 2804 1760 2854 innotuisset,
1789 2819 1871 2845 cor-

79 2869 203 2923 ruptis
228 2869 386 2923 Apuleii
410 2869 541 2918 tibris,
580 2870 613 2909 si
647 2885 811 2924 unquam
844 2873 994 2926 sperari
1025 2873 1180 2919 liceret,
1221 2872 1407 2912 medelam
1443 2872 1499 2912 his
1531 2873 1638 2913 codd.
1665 2886 1752 2913 esse
1777 2873 1869 2913 affe-

79 2936 261 2988 rendam,
290 2937 354 2990 qui
379 2937 452 2977 etsi
478 2937 617 2990 ubique
644 2953 721 2978 non
748 2953 862 2980 veras
889 2947 1017 2981 tamen
1043 2941 1262 2996 probabiles
1288 2948 1326 2980 et
1351 2940 1510 2994 ingenio
1537 2941 1692 2995 Apuleii
1717 2954 1868 2981 accom-

80 3005 254 3045 modatas
280 3005 467 3045 lectiones
494 3005 736 3059 praeberent.
786 3006 862 3047 Diu
888 3016 1016 3048 autem
1043 3010 1216 3061 effugere
1242 3022 1302 3048 me
1328 3023 1406 3048 non
1433 3008 1576 3063 potuit,
1605 3022 1717 3062 quam
1746 3009 1868 3062 negli-

80 3080 220 3127 genter
256 3073 320 3114 isti
353 3086 373 3112 a
405 3072 700 3128 Lindenbrogio
733 3083 865 3116 essent
895 3076 1043 3124 collati,
1075 3077 1173 3130 qnod
1208 3090 1283 3116 non
1315 3077 1439 3117 solum
1472 3075 1803 3117 Elmenhorstium
1830 3084 1869 3118 et
