2155 3590
650 147 834 190 LIBER
866 147 984 189 vul.
1043 148 1171 189 CAP.
1200 148 1344 189 XXII.

95 264 294 315 instricta,
329 270 489 304 cunctas
516 262 644 303 mariti
672 264 844 304 rationes
871 270 909 304 et
934 262 1112 317 quicquid
1143 262 1286 302 horreo
1316 261 1560 302 reconditum
1585 261 1875 313 continebatur,

94 323 247 361 admoto
274 320 486 360 combussit
509 320 615 374 igne.
665 319 752 361 Nee
779 320 844 360 tali
871 320 1010 360 damno
1042 319 1114 359 tori
1147 318 1206 359 sui
1237 318 1512 358 contumeliam
1537 318 1759 359 vindicasse
1785 333 1878 359 con-

95 384 222 428 tenta,
261 377 338 416 iam
376 383 511 416 contra
550 390 620 417 sua
657 376 838 417 saeviens
875 376 1030 417 viscera
1054 375 1233 429 laqueum
1264 374 1336 414 sihi
1369 374 1511 425 nectit,
1551 375 1875 429 infantulumque,

92 447 205 487 quem
236 433 282 473 de
313 433 446 473 eodem
479 433 620 473 marito
651 434 726 473 iam
759 433 900 473 dudum
930 439 1178 486 susceperat,
1211 431 1344 471 eodem
1379 431 1551 471 funiculo
1579 431 1720 482 nectit,
1759 445 1878 485 seque

92 503 160 543 per
184 489 413 530 altissimum
439 497 594 543 puteum
613 490 862 544 appendicem
885 489 1088 542 parvulum
1109 488 1268 528 trahens
1288 487 1532 541 praecipitat.
1567 486 1694 541 Quam
1712 495 1877 528 mortem

92 547 266 586 dominus
293 560 425 586 eorum
453 546 671 599 aegerrime
697 545 939 602 sustilnenS,
979 552 1175 599 arreptum
1213 544 1434 594 servulum,
1474 547 1538 598 qui
1570 557 1748 583 caussam
1780 544 1879 585 tanti
1905 548 1968 580 566

93 707 255 736 snserit-ta
274 710 310 737 F.
330 711 360 738 3.
381 711 417 738 G.
437 711 467 737 2.
486 711 521 737 Ρ.
541 710 578 737 1).
599 711 635 738 L.
655 711 692 738 R.
715 709 733 738 f.
755 706 783 738 ὃ.
805 718 833 744 p.
859 711 973 737 lncert.
987 709 1022 737 Β.
1038 709 1085 737 ed.
1099 716 1144 743 pr.
1160 710 1241 736 lunt.
1255 709 1284 736 ⁴2.
1298 709 1375 736 Bas.
1389 707 1478 736 Colv.
1493 711 1522 735 et
1535 714 1623 741 seqq.
1647 708 1683 735 In
1698 707 1773 735 Bas.
1790 708 1818 735 ί.
1832 710 1883 735 est

91 753 254 782 instricta
279 754 327 789 (et
343 755 376 783 in
390 762 489 790 marg.
504 753 647 782 inerit-la
661 757 712 783 vel
727 754 910 782 instructa.
958 753 1123 781 instincta
1140 754 1177 782 F.
1199 755 1227 782 1.
1248 754 1323 781 Ald.
1342 755 1426 782 lunt.
1442 754 1471 781 1.
1490 752 1610 789 Colin.‚
1636 752 1719 786 quod
1732 752 1817 780 idem
1828 752 1882 780 vir

93 800 204 828 doctus
223 800 405 828 emendavit
425 800 458 828 in
477 807 578 835 marg.
599 801 648 829 ed.
668 801 794 829 Vicent.
814 807 914 828 meae.
951 799 1122 826 instructa
1136 800 1172 827 G.
1189 799 1217 827 1.
1231 799 1266 826 Ο.
1285 799 1412 826 Vicent.
1425 798 1537 826 Venet.
1554 799 1583 826 ⁶2.
1632 797 1786 834 quicquit
1799 799 1835 825 G.
1851 798 1881 826 1.

91 847 237 872 ammoto
251 847 287 873 G.
303 846 333 874 2.
346 846 385 874 D.
421 844 591 873 combuxit
606 847 640 873 G.
660 847 685 874 1.
700 846 738 874 D.
764 844 925 873 comburit
939 846 974 873 B.
1011 842 1200 871 vindicasse
1213 841 1448 870 coutumeliam
1462 843 1572 871 ordine
1585 850 1743 871 converso
1757 844 1793 870 G.
1810 843 1838 870 1.
1852 839 1882 871 δ.

92 889 186 917 circa
200 897 263 917 sna
276 890 374 918 solita
387 891 589 919 aberratione
603 892 672 920 edd.
686 894 763 919 vett.
778 893 906 925 praeter
923 891 1005 918 Iunt.
1020 892 1051 918 2.
1100 889 1202 916 rectit
1216 887 1279 925 inf,
1300 890 1335 917 G.
1349 890 1380 918 2.
1428 891 1607 924 suseperat
1624 889 1659 916 G.
1675 890 1704 917 1.
1742 884 1882 925 flunt-to

92 935 127 963 P.
143 934 375 974 profanu-ulo.
419 943 483 972 per
497 934 698 963 altis-simum
711 937 747 963 F.
762 937 790 964 1.
818 936 917 971 [teste
930 936 1011 963 Etm.
1021 958 1029 972 ‚
1055 935 1110 963 sed
1126 935 1158 962 in
1172 935 1386 969 Lindenbrog.
1401 934 1564 968 excerptis
1579 937 1682 970 etper
1691 931 1883 970 praealtis-

91 980 228 1016 simum)
243 982 273 1008 3.
288 982 323 1009 G.
341 982 368 1009 1.
383 982 412 1008 2.
428 982 464 1009 1..
479 982 512 1008 Ο.
528 982 563 1009 Ρ.
579 982 615 1010 D.
631 983 667 1010 R.
684 982 704 1010 f.
720 979 748 1009 δ.
765 990 793 1015 υ.
818 983 855 1009 In
869 984 940 1009 cett.
954 980 988 1007 in
997 978 1299 1016 praealtu’ssz’mzme.
1346 978 1380 1005 t'n
1388 977 1656 1015 perulerssae'mum
1675 980 1732 1007 Dr.
1756 979 1797 1008 ad
1810 979 1883 1007 Liv.

90 1025 157 1054 XL.
174 1027 226 1054 21.
241 1021 272 1064 §.
288 1027 317 1053 3.
366 1024 589 1061 adpendicem
604 1027 638 1054 F.
653 1028 682 1056 3.

731 1026 915 1054 subsistens
928 1026 1041 1054 Venet.
1057 1027 1086 1053 2².
1128 1022 1311 1060 parvulum
1328 1031 1381 1058 pro
1395 1023 1562 1052 servulum
1576 1025 1611 1053 Ο.
1622 1020 1646 1053 ’ἃ
1659 1032 1700 1053 m.
1714 1032 1744 1059 p.
1781 1031 1882 1051 arre-

91 1073 180 1098 ctum
194 1069 362 1098 servulum
376 1070 446 1098 eius
460 1075 570 1100 contra
586 1072 774 1100 tritissima„
789 1071 1018 1107 grammaticae
1033 1072 1164 1105 reginas
1178 1070 1247 1098 edd.
1261 1074 1335 1098 ante
1351 1069 1509 1099 eoivium.

148 1215 348 1255 instricta.
382 1215 543 1267 [Magna
571 1216 734 1254 virorum
761 1215 958 1254 doctorum

92 1270 142 1308 de
167 1271 281 1310 huius
312 1270 386 1309 loci
414 1285 503 1310 vera
533 1272 698 1311 lectione
728 1272 958 1323 disceptatio

92 1331 170 1373 est,
203 1341 318 1378 quum
344 1328 457 1367 codd.
482 1329 580 1366 inter
597 1329 808 1379 scripturas
828 1329 959 1367 instri-

93 1389 176 1429 cta,
202 1385 392 1424 instincta
407 1388 445 1422 et
458 1386 655 1424 instructa
671 1385 834 1430 varient,
861 1398 959 1434 quas

93 1440 205 1478 codd.
243 1441 508 1479 aberrationes
545 1442 659 1480 etiam
695 1441 758 1479 alii
797 1441 958 1492 saepius

93 1498 362 1544 observarunt3
378 1497 426 1536 cf.
437 1497 521 1536 lntt.
535 1511 636 1548 quos
650 1500 819 1536 nominat
833 1497 956 1536 Buen.

95 1554 144 1592 ad
168 1552 278 1592 Lact.
292 1554 339 1592 V.
358 1557 394 1594 9.
410 1558 445 1595 6.
473 1558 617 1605 p.610.
644 1553 766 1599 oud..
794 1556 956 1604 quicum

93 1609 257 1648 Pricaeo
317 1609 521 1649 lectionem
581 1612 771 1650 instincta
827 1611 957 1649 multis

93 1666 287 1718 exemplis
300 1670 444 1712 tuetur,
470 1668 679 1713 instricta,
706 1668 806 1718 qnod
824 1669 957 1718 optimi

93 1723 235 1774 quique
252 1723 331 1761 libri
347 1725 546 1775 praebent,
573 1738 618 1762 eo
636 1726 787 1762 nomine
800 1724 956 1769 refutat,

95 1780 200 1830 quod
212 1780 356 1830 ubique
376 1782 427 1818 sit
446 1781 585 1819 obdita
601 1785 638 1818 et
654 1783 804 1825 cincta.
832 1794 959 1831 neque

95 1850 185 1874 vero
201 1841 329 1882 tacta,
350 1838 564 1889 perculsa,
587 1840 821 1888 perstricta,
843 1850 959 1888 quam

93 1892 389 1943 explicationem
400 1893 557 1932 Con-ius
568 1907 656 1930 cnm
667 1893 754 1931 aliis
770 1893 958 1944 praetulit.

93 1948 156 1990 Ne
189 1963 279 1987 vero
313 1950 452 2001 longus
483 1951 575 1995 sim,
610 1950 720 1987 locos
752 1950 957 2001 proferam,

94 2019 143 2042 ex
167 2006 308 2056 quibus
333 2007 369 2044 id
395 2007 612 2057 significare
638 2007 866 2045 vocabulum
894 2020 959 2057 pa-

90 2062 201 2115 tebit.
250 2062 468 2115 Strinyere
501 2062 600 2100 enim
634 2076 707 2100 non
740 2063 868 2101 solnm
898 2069 961 2101 est

95 2117 230 2156 leviter
253 2122 412 2168 tangere
437 2119 509 2157 sed
530 2119 723 2169 tangendo
745 2119 902 2158 taedere
921 2124 960 2157 et

96 2174 298 2213 vulnerare
334 2175 434 2226 apud
474 2174 588 2214 ovid.
627 2175 742 2214 Trtst.
783 2175 825 2215 H.
858 2179 958 2216 349:

97 2232 168 2271 Sic
183 2245 260 2284 eya
275 2231 446 2271 delicias
460 2237 498 2271 et
510 2232 650 2271 mollia
664 2233 850 2271 carmina
859 2234 958 2283 feci,

99 2289 377 2327 strinxerit
414 2293 459 2328 ut
494 2302 635 2326 nomen
668 2289 817 2339 fabula
843 2289 959 2328 nulla

96 2358 231 2383 meum.
259 2343 348 2382 ibid.
364 2344 412 2382 V.
428 2350 464 2386 6.
480 2348 543 2384 21.
572 2345 702 2390 szm
723 2350 792 2384 tua
807 2345 959 2384 delicto

93 2401 405 2453 strinyantur
449 2407 626 2452 pectora
665 2406 816 2440 nostra.
876 2401 959 2440 Sed

96 2457 213 2508 plane
243 2457 318 2501 alia
349 2457 437 2495 mihi
469 2457 544 2496 hoc
576 2457 661 2496 loeo
688 2458 836 2496 videtur
866 2471 959 2496 esse

96 2513 208 2552 huius
245 2514 422 2552 vocabuli
450 2515 571 2560 notio,
608 2517 711 2552 arcte
747 2514 959 2565 premendi,

97 2583 197 2620 quae
222 2570 387 2608 omnium
414 2575 476 2608 est
501 2571 764 2609 usitatissima.
797 2571 841 2609 Si
868 2585 958 2609 vero

98 2628 275 2666 Senecae
301 2627 406 2665 licuit
430 2627 559 2665 dicere
585 2626 723 2666 Octav.
752 2632 848 2668 103:
884 2628 960 2667 Or-

100 2684 194 2722 bata
228 2686 383 2736 fratre,
424 2685 608 2729 miseriis,
649 2684 762 2723 lactu
799 2685 961 2730 obruta,

101 2739 327 2779 Moerore
347 2755 516 2792 pressa
548 2745 586 2779 et
611 2740 743 2790 virgil.
772 2741 871 2780 Aen.
897 2740 960 2780 ΠΙ.

98 2800 163 2836 47.
186 2797 412 2847 formidine
433 2811 606 2848 pressus,
634 2797 762 2847 quidni
776 2796 960 2848 Apuleio,

101 2852 244 2892 dolore
267 2854 453 2893 instricta
473 2854 522 2892 (te
542 2854 722 2899 muliere,
749 2867 850 2904 quae
880 2855 961 2906 pel-

103 2908 239 2949 tieatus
270 2909 426 2948 infamia
464 2910 513 2948 ita
547 2910 790 2962 opprimitur,
827 2914 870 2949 ut
898 2912 964 2962 qui

99 2964 284 3004 ultionem
301 2967 375 3005 sibi
389 2971 499 3018 paret
513 2968 673 3006 nesciat.
700 2966 787 3005 Huc
800 2967 963 3012 aceedit,

101 3021 204 3071 quod
229 3023 461 3063 vocabulum
486 3024 693 3064 instrictus
716 3027 794 3062 tam
818 3038 902 3062 raro
927 3025 963 3062 in

100 3091 175 3116 usu
198 3083 278 3125 est,
300 3084 354 3119 -ut
383 3079 538 3118 facilius
567 3080 643 3119 hoc
673 3093 786 3131 quam
817 3078 966 3130 reliqua

104 3148 125 3172 a
163 3132 324 3175 librariis
365 3137 588 3175 commutari
625 3137 803 3188 potuerit.
876 3137 965 3176 Atia

1018 1228 1110 1253 vero
1144 1214 1240 1253 ratio
1278 1218 1341 1258 est
1375 1214 1452 1252 loci
1486 1213 1583 1253 Met.
1615 1212 1682 1253 IX.
1719 1226 1759 1265 p.
1789 1213 1884 1255 627.

1018 1271 1168 1311 tutelae
1209 1271 1414 1310 nimietate
1455 1272 1718 1310 instinctus
1761 1275 1884 1323 atque

1017 1328 1306 1380 inflammatas,
1354 1327 1417 1365 ubi
1453 1327 1600 1378 peioris
1630 1330 1746 1365 notae
1776 1326 1881 1366 Mss.

1017 1384 1224 1422 instrictus
1246 1383 1453 1434 praebent,
1478 1387 1518 1421 et
1542 1383 1591 1420 de
1615 1383 1758 1434 Dogm.
1778 1381 1884 1422 Plat.

1018 1438 1065 1478 ll.
1089 1452 1127 1490 p.
1154 1443 1246 1479 221.
1283 1440 1549 1478 ins-tinctae
1585 1439 1643 1478 ad
1678 1440 1881 1484 ardorem,

1017 1509 1093 1546 quo
1119 1496 1205 1534 loco
1233 1496 1319 1534 edd.
1346 1497 1584 1540 instructae,
1612 1495 1678 1533 viri
1704 1495 1807 1534 (loeti
1833 1508 1882 1534 ex

1017 1554 1236 1590 coniectura
1249 1553 1464 1591 instinc-tae
1480 1552 1622 1603 legunt.
1649 1552 1703 1590 At
1715 1555 1882 1602 utroque

1018 1609 1103 1648 loen
1119 1611 1382 1648 instrictusne
1397 1622 1466 1660 per
1478 1609 1712 1647 sententiani
1726 1608 1882 1660 quidem

1016 1667 1166 1718 probari
1194 1666 1360 1717 potest]

1073 1723 1237 1762 τίει-θνα.
1293 1722 1484 1774 [Viscera
1521 1736 1591 1773 pro
1629 1722 1762 1760 tiberis
1799 1722 1883 1760 ittu-

1017 1783 1140 1816 strant
1166 1778 1267 1817 cort.
1281 1779 1331 1817 ad
1351 1778 1497 1817 Lucan.
1512 1778 1538 1818 Ι.
1554 1783 1589 1819 3.
1617 1779 1882 1817 Bnenemann.

1016 1836 1065 1873 ad
1092 1835 1201 1873 Lact.
1228 1835 1297 1874 VI.
1318 1840 1384 1875 20.
1409 1836 1440 1886 δ.
1464 1840 1527 1876 21.
1553 1839 1699 1887 p.817.
1725 1835 1882 1874 Ruhnk.

1018 1891 1118 1930 Dict.
1145 1891 1193 1930 ad
1220 1890 1335 1930 Ovid.
1369 1891 1529 1931 Heroid.
1561 1891 1629 1930 XI.
1657 1895 1720 1932 90.
1753 1906 1789 1943 p.
1817 1896 1882 1932 70.

1018 1948 1101 1986 [ntt.
1128 1948 1175 1986 ad
1202 1947 1316 1986 ovid.
1342 1948 1438 1986 Met.
1452 1949 1501 1986 Υ.
1530 1952 1593 1989 18.
1620 1947 1721 1986 wll.
1748 1948 1859 2001 477]

1074 2004 1261 2056 laqueum
1297 2005 1373 2044 sibi
1408 2007 1547 2044 nectit.
1596 2004 1697 2043 Oud.
1736 2003 1884 2044 Brantii

1019 2061 1276 2099 coniecturam
1315 2062 1466 2113 plectit
1505 2061 1753 2100 reficiendam
1789 2075 1885 2099 esse

1018 2118 1192 2168 negavit,
1220 2118 1309 2168 quia
1335 2117 1413 2156 ittic
1435 2119 1672 2157 subderetur
1700 2119 1885 2169 infantu-

1019 2175 1180 2227 Inmque
1210 2175 1351 2213 eodem
1378 2176 1572 2225 funiculo
1603 2175 1746 2220 nectit,
1778 2175 1884 2212 odio-

1018 2231 1177 2269 sissima
1202 2231 1378 2269 eiusdem
1411 2232 1516 2270 verbi
1547 2232 1796 2282 repetitione,
1833 2232 1883 2269 ab

1018 2287 1174 2339 Apuleii
1194 2288 1273 2326 stili
1294 2288 1439 2335 aliena,
1466 2289 1530 2339 qui
1550 2292 1698 2327 amaret
1716 2288 1752 2326 in
1774 2287 1884 2326 hisee

1017 2357 1237 2395 synonyma
1261 2344 1436 2396 quidem,
1461 2345 1524 2383 vel
1543 2358 1614 2396 per
1628 2345 1754 2383 varias
1773 2357 1884 2396 prae-

1016 2402 1233 2453 positiones
1259 2401 1456 2448 distincta,
1480 2416 1556 2440 non
1578 2402 1717 2440 eadem
1738 2401 1884 2452 simpli-

1017 2458 1075 2496 cia
1100 2459 1229 2496 verba.
1279 2458 1361 2496 Sed
1392 2459 1479 2509 ipse
1510 2459 1714 2504 dubitavit,
1740 2471 1787 2496 an
1818 2471 1883 2495 un-

1018 2527 1131 2564 quam
1159 2515 1341 2566 plectere
1373 2515 1563 2567 laqncum
1593 2515 1680 2566 quis
1717 2514 1886 2552 dixisset

1016 2575 1207 2618 veteru1u3
1228 2571 1276 2609 cf.
1292 2584 1391 2622 quae
1405 2571 1483 2610 dixi
1497 2571 1546 2609 ad
1555 2571 1652 2615 Met.
1663 2571 1729 2610 IV.
1743 2584 1779 2622 p.
1792 2573 1883 2611 199.

1019 2627 1154 2678 Itaque
1185 2627 1347 2673 mavult,
1379 2629 1484 2679 prius
1516 2629 1644 2668 nectit
1670 2627 1792 2666 deleri
1817 2627 1881 2664 vel

1019 2684 1216 2724 emendari
1251 2685 1383 2723 nexili
1420 2698 1470 2722 ex
1507 2684 1606 2723 Met.
1629 2684 1676 2723 V.
1713 2698 1751 2736 p.
1789 2687 1883 2724 351.

1021 2741 1169 2794 laqueo
1199 2741 1359 2780 nexili
1389 2742 1644 2794 suspendam.
1700 2740 1772 2792 [At
1797 2741 1884 2790 quis

1019 2797 1160 2836 dixerit
1190 2797 1379 2850 laqueum
1402 2798 1479 2836 sibi
1503 2797 1679 2837 nexilem
1702 2798 1884 2847 infantu-

1021 2855 1183 2906 [umque
1213 2854 1353 2893 eodem
1378 2854 1573 2906 funiculo
1603 2855 1753 2893 nectit?
1783 2867 1885 2904 quae

1022 2910 1206 2961 loquendi
1247 2910 1343 2948 ratio
1387 2923 1451 2948 ne¹
1470 2923 1540 2961 per
1581 2909 1692 2960 leges
1728 2909 1885 2962 quidem

1022 2967 1294 3017 grammaticas
1336 2966 1425 3005 ferri
1465 2969 1612 3018 potest.
1671 2965 1887 3019 Perperam

1022 3021 1368 3062 Oud..0ffendtsse
1392 3025 1428 3062 in
1454 3023 1528 3061 hac
1558 3035 1673 3074 quam
1704 3023 1794 3062 dicit
1806 3036 1886 3062 mo-

1023 3080 1126 3118 testa
1160 3080 1407 3130 repetitione,
1454 3079 1619 3131 probant
1654 3079 1748 3127 loci,
1785 3092 1887 3131 quos

1022 3135 1142 3175 adtuli
1168 3136 1216 3174 ad
1242 3135 1340 3176 Met„
1364 3136 1431 3186 IV,
1458 3149 1492 3186 p.
1522 3135 1636 3188 181.]
