2221 3667
315 142 399 185 612

581 142 631 182 L.
661 143 881 183 APULEII
910 142 1316 185 MADAURENSIS
1345 141 1892 186 METAMORPHOSEON

316 261 441 294 totum
461 255 638 309 corporis
659 257 838 310 pondus
829 273 868 297 ιιι
889 264 1110 312 postremos
1130 256 1294 311 poplites
1314 257 1484 308 recello,
1512 258 1712 312 arduaque
1733 259 1886 299 cervice
1901 257 2122 299 sublimiter

317 311 403 352 elev
406 319 491 362 ata,
520 312 647 353 lorum
673 328 749 367 quo
774 314 939 354 tenebar
962 327 1124 366 rump0,
1151 327 1291 367 meque
1315 314 1497 367 protinus
1528 315 1678 368 pernici
1710 316 1827 369 fugae
1853 316 1875 340 *
1901 315 2118 365 committo,

316 381 462 421 perque
493 383 617 423 prona
649 385 727 410 non
761 378 911 411 tantum
946 369 1108 423 pedibus
1139 383 1278 410 verum
1310 371 1429 411 etiam
1455 377 1537 411 toto
1564 371 1738 425 proiecto
1765 385 1930 426 corpore
1956 384 2122 426 propere

310 506 460 544 pnplz‘ces
485 512 521 538 G.
549 509 577 539 1,
627 510 787 537 rene-Hero
813 512 847 538 0.

884 507 1007 536 retello
1033 507 1062 538 δ.
1111 517 1227 546 rampo
1254 510 1369 539 Vener.
1396 513 1426 540 ⁴2.
1466 511 1580 551 fugae
1606 512 1778 540 concitato
1805 512 1841 540 F.
1867 513 1897 540 3.
1923 512 1959 539 G.
1984 512 2012 539 1.
2033 512 2063 539 2.
2084 512 2121 539 D.

306 552 402 592 fuga
426 554 598 583 concitato
624 558 716 585 1.et
743 556 888 589 reposuit
913 555 1003 583 colv.
996 577 1020 592 .‚
1048 563 1143 589 quem
1166 556 1271 584 secuti
1295 560 1372 584 sunt
1396 561 1569 591 sequentes
1594 558 1733 586 editores
1757 561 1887 592 praeter
1909 558 1993 584 Elm.
2018 557 2126 584 Scriv.

316 603 345 626 et
370 600 490 628 florid.
526 602 563 630 In
588 605 661 630 cett.
688 605 734 629 est
753 600 818 640 fu
807 607 866 627 ‘rue
891 600 1075 630 commz'mo
1122 609 1157 629 m
1185 603 1255 629 toto
1274 609 1305 636 p.
1349 610 1456 639 prope
1474 611 1504 638 p.
1531 602 1571 631 cf.
1593 609 1694 638 supra
1712 611 1743 637 p.
1758 604 1834 631 484.
1856 608 2028 639 propeque
2047 608 2127 628 cun-

316 645 369 671 εἰν
372 645 485 673 ι“.οἰιιηι

316 780 366 805 ex
391 767 468 806 alto
496 772 534 806 et
559 768 708 805 eminus
734 781 864 806 ursam
889 769 1024 806 asinus
1045 768 1192 814 viderit,

317 824 404 862 coll.
420 823 520 862 vul.
536 839 572 876 p.
589 828 681 864 558.
709 824 760 862 de
785 839 935 864 summo
962 825 1069 864 colle
1090 839 1193 876 pro-

315 885 490 932 spectat,
516 881 581 917 uhi
596 880 644 918 cf.
662 879 736 919 Cur
750 880 826 920 hoe
839 886 972 920 contra
985 886 1073 920 cett.
1090 881 1192 920 Mss.

315 937 377 975 hic
390 937 603 976 intrudatur
616 939 882 976 necessarium
897 939 959 985 sit,
974 953 1048 977 non
1067 938 1193 983 video,

316 1007 432 1043 quum
444 993 637 1045 Apuleius
647 994 722 1033 hoc
735 995 965 1045 simpliciter
978 995 1195 1047 exprimere

314 1050 425 1088 velit:
470 1064 573 1101 quae
602 1064 695 1089 ursa
726 1051 843 1090 simul
874 1065 897 1089 a
921 1066 984 1090 me
1010 1054 1094 1090 visa
1119 1057 1194 1099 est,

315 1111 354 1144 et
380 1120 429 1144 ex
454 1111 535 1145 toto
561 1108 841 1146 sententiarum
867 1122 970 1147 nexu
995 1113 1195 1161 sequatur,

314 1163 352 1201 id
380 1177 401 1200 e
428 1162 642 1216 longinquo
671 1164 827 1218 fuisse]

370 1221 536 1259 recello.
586 1220 795 1260 Pessimae
822 1227 913 1261 sunt
935 1223 1049 1261 codd.
1072 1237 1196 1262 corrn-

314 1278 469 1328 ptiones
477 1278 676 1317 recellero
691 1283 731 1317 et
743 1279 906 1318 retollo.
926 1279 1087 1331 Optime
1096 1281 1198 1318 enim

315 1333 463 1373 Festus
494 1348 532 1386 p.
568 1339 659 1376 136.
693 1340 731 1374 et
756 1340 869 1376 329.:
907 1336 1102 1376 recellere
1139 1342 1196 1376 est

314 1392 520 1430 reclinare
545 1397 583 1431 et
609 1393 811 1432 excellere
837 1395 878 1431 in
904 1394 1033 1433 altum
1065 1393 1194 1432 extol-

316 1446 409 1487 lere.
436 1447 528 1499 Egit
541 1449 590 1487 de
604 1449 681 1487 hoc
694 1449 885 1488 vocabulo
896 1450 1014 1488 Gron.
1025 1449 1194 1488 Observ.

315 1504 345 1543 1.
372 1509 407 1544 7.
434 1509 472 1543 et
496 1505 547 1543 ad
572 1505 658 1544 Liv.
685 1505 834 1544 XXIV.
861 1510 926 1547 34.
953 1506 1195 1545 Sententiam

315 1561 430 1599 huius
459 1562 531 1599 loci
548 1561 771 1600 Beroaldus
798 1567 904 1601 recte
930 1564 983 1600 ita
1007 1563 1196 1614 explicat:

317 1617 417 1656 Visa
435 1632 528 1656 ursa
543 1623 655 1658 vasta
675 1622 713 1656 et
728 1619 989 1665 formidanda.
1017 1621 1197 1658 omnibus

317 1674 463 1713 viribus
495 1677 706 1727 nervisque
734 1677 912 1715 contendi
934 1676 1111 1727 effugere
1131 1678 1196 1714 im-

317 1733 469 1770 minens
501 1732 735 1784 periculum3
768 1734 819 1771 ita
850 1733 1026 1784 poplites
1052 1733 1197 1785 pedum

317 1789 578 1840 posteriorum
610 1791 722 1840 coepi
747 1789 965 1836 retrahere,
997 1790 1197 1836 reclinare,

316 1845 523 1891 reducere,
549 1850 591 1883 ut
609 1846 661 1884 ita
673 1850 784 1897 rupto
801 1846 882 1885 loro
898 1860 974 1897 quo
995 1847 1198 1897 alligabam

317 1901 433 1940 saluti
460 1902 554 1953 fuga
578 1903 842 1943 consulerem.
880 1902 985 1956 [Intt.
1012 1903 1062 1942 ad
1088 1903 1197 1942 Fest.

317 1971 354 2010 p.
382 1963 475 2000 643.
501 1958 704 2012 Lindem]

371 2018 508 2069 fuyae
533 2018 752 2056 committo.
803 2016 916 2055 Hanc
936 2030 1038 2068 quae
1053 2017 1198 2068 peioris

318 2076 436 2110 notae
462 2073 576 2111 codd.
615 2077 677 2111 est
714 2072 923 2112 lectionem
960 2074 1069 2120 dedi,
1108 2074 1200 2125 quia

319 2130 425 2181 quod
450 2130 486 2167 in
513 2134 601 2168 cett.
629 2131 816 2181 reperitur
837 2133 971 2183 fuyae
991 2132 1201 2170 concitato

318 2186 383 2224 vel
406 2189 520 2239 fuya
546 2188 757 2226 concitato
783 2187 848 2225 vix
873 2188 1110 2226 sententiam
1136 2191 1202 2226 aut

320 2244 648 2281 constructionem
684 2243 806 2283 habet
843 2244 1036 2284 idoneam.
1098 2243 1201 2282 Nam

321 2300 396 2338 etsi
423 2302 634 2340 concitato
654 2314 739 2339 cum
758 2299 862 2339 Oud.
884 2301 1033 2340 reseras
1053 2301 1103 2340 ad
1129 2315 1201 2346 me,

318 2361 361 2395 ut
373 2356 584 2395 Ablativus
610 2359 662 2396 sit
675 2356 899 2405 absolutus,
927 2371 1044 2409 quem
1069 2363 1204 2396 contra

318 2425 467 2452 morem
504 2414 731 2453 Latinorum
767 2415 966 2466 Apuleius
1015 2417 1201 2467 posuerit,

321 2472 501 2521 quamvis
532 2471 636 2510 idem
665 2473 717 2510 sit
749 2472 939 2510 enunciati
966 2473 1201 2517 subiectum,

320 2527 371 2565 de
386 2542 461 2579 quo
475 2542 550 2566 usu
563 2528 749 2568 nonnulla
761 2528 955 2579 proferam
968 2529 1019 2567 ad
1027 2528 1202 2568 Met.X1.

319 2588 462 2637 p.805.
480 2585 552 2625 Sic
565 2590 770 2625 exornato
789 2615 797 2623 .
809 2614 835 2623 ..
852 2586 1054 2631 errabam,
1070 2590 1201 2624 tamen

319 2655 479 2693 semper
504 2642 750 2681 desideratur
776 2642 954 2689 verbum,
987 2643 1093 2694 quod
1118 2657 1203 2694 par-

320 2698 438 2736 ticula
465 2713 543 2751 qne
567 2700 667 2737 sutis
693 2699 899 2745 indicatur,
927 2713 999 2738 nec
1025 2713 1111 2738 cum
1132 2701 1204 2738 im-

318 2757 434 2794 mitto
460 2756 639 2806 coniungi
664 2756 825 2808 poterit,
852 2770 970 2806 quum
990 2757 1205 2796 devolutus

318 2811 409 2850 huic
421 2813 701 2851 constructioni
720 2813 963 2852 adversetur.
988 2813 1074 2851 Hac
1093 2814 1205 2864 igitur

319 2869 468 2907 ratione
482 2869 660 2908 codicum
675 2871 866 2922 scriptura
886 2869 1045 2908 defendi
1061 2871 1205 2921 nequit.

320 2923 440 2964 Putat
452 2927 566 2977 igitur
581 2925 703 2973 oud„
731 2928 943 2967 concitato
965 2927 1205 2965 librariorum

321 2982 435 3032 culpa
447 2984 632 3034 scriptum
649 2984 775 3022 fuisse
791 2998 859 3036 pro
874 2985 1054 3029 concito,
1081 2983 1206 3036 prima

319 3051 489 3087 persona
526 3040 633 3078 verbi
672 3042 887 3081 concitare
922 3040 1078 3091 hocque
1105 3042 1205 3078 inre-

320 3096 452 3146 psisse
478 3097 650 3136 nasutuli
675 3096 792 3150 culpa
810 3112 881 3150 pro
903 3096 1065 3137 aliorum
1087 3097 1202 3136 codd.

1253 773 1291 807 et
1305 769 1393 807 edd.
1407 771 1596 821 scriptura
1611 771 1835 816 commisto,
1862 769 1920 808 cui
1942 769 2017 808 hoc
2038 769 2128 807 ieiu-

1252 840 1342 864 num
1364 827 1487 864 visum
1506 828 1557 865 sit
1577 831 1735 878 propter
1754 839 1929 877 sequens
1948 827 2129 864 immitw.

1252 882 1294 921 In
1309 882 1383 921 hac
1391 897 1483 922 vero
1497 897 1539 921 re
1549 881 1826 922 offendendum
1840 897 1915 921 non
1925 895 2032 927 esse,
2042 883 2131 933 quia

1254 940 1416 991 saepius
1431 941 1483 978 ita
1496 940 1693 991 Apuleius
1709 941 1929 992 composita
1954 939 2131 978 eiusdem

1254 997 1363 1034 verbi
1377 997 1534 1048 iungere
1549 997 1677 1035 soleat
1691 997 1779 1035 coll.
1799 995 1968 1035 Met.V1.
1984 1009 2020 1047 p.
2037 999 2131 1036 440.

1255 1059 1538 1105 supernatasse
1563 1058 1603 1092 et
1628 1059 1809 1093 enatasse
1824 1067 1872 1092 ex
1894 1054 2132 1099 coniectura3

1257 1110 1305 1149 cs.
1331 1109 1475 1149 Florid.
1508 1124 1544 1161 p.
1571 1115 1635 1151 81.
1688 1110 1795 1162 [Sed
1827 1110 1902 1149 hac
1932 1110 2131 1149 ratiocina-

1257 1168 1361 1205 tione
1386 1167 1595 1219 scrupulus
1622 1167 1711 1205 mihi
1740 1182 1814 1206 non
1836 1167 2027 1205 evellitur.
2052 1165 2134 1204 Pri-

1257 1238 1361 1262 mum
1387 1225 1488 1262 enim
1514 1225 1577 1262 vix
1609 1224 1850 1262 defenderim
1883 1224 2135 1262 constructio-

1258 1294 1348 1319 nem
1372 1294 1412 1320 se
1437 1282 1648 1320 concitare
1669 1284 1803 1333 saque
1830 1294 1897 1332 pro
1918 1282 1961 1319 in
1972 1282 2135 1332 fta-qam,

1257 1339 1321 1388 qui
1353 1337 1508 1376 dativus
1540 1351 1590 1375 ex
1622 1339 1776 1389 ingenio
1812 1337 1966 1389 linguae
1992 1336 2136 1375 latinae

1256 1394 1514 1433 intolerabilis
1540 1394 1709 1441 videtum
1757 1394 1804 1433 cl'.
1836 1393 1923 1432 Liv.
1949 1392 2042 1432 XX.
2074 1397 2135 1432 17.

1255 1451 1410 1489 maiore
1430 1452 1519 1490 nisu
1539 1452 1751 1490 com-itant
1767 1465 1807 1490 se
1826 1452 1868 1489 in
1884 1453 2048 1503 fassam,
2073 1448 2138 1486 vel

1255 1507 1484 1558 simpliciter
1499 1507 1704 1546 dicendum
1720 1512 1821 1552 erat.
1847 1512 1888 1545 ut
1903 1507 2025 1546 Sil.V.
2043 1510 2137 1547 234.

1257 1564 1363 1603 Νἰςιι
1398 1578 1438 1603 se
1475 1566 1659 1604 concitat
1696 1566 1797 1603 acri.
1846 1563 2002 1602 Deinde
2038 1563 2139 1602 haec

1258 1620 1373 1659 dictio
1388 1621 1505 1660 rarior
1522 1620 1681 1665 fuisset,
1710 1634 1824 1671 quam
1840 1625 1881 1659 ut
1896 1621 2035 1659 librarii
2051 1633 2139 1658 eam

1258 1678 1531 1716 immutassent
1563 1678 1598 1715 in
1632 1678 1750 1729 longe
1785 1678 1910 1716 tritius
1938 1679 2071 1730 fuqae
2101 1691 2141 1715 se

1259 1735 1521 1780 conmittere,
1548 1739 1589 1772 ut
1609 1748 1631 1772 e
1652 1736 1844 1773 contrario
1865 1734 1955 1772 mihi
1984 1734 2140 1785 quidem

1258 1791 1509 1829 verisiinilius
1525 1804 1617 1829 esse
1633 1792 1827 1836 videatur,
1854 1792 2025 1842 positum
2045 1803 2141 1828 esse

1261 1848 1309 1885 ab
1321 1846 1490 1898 Apuleio
1506 1848 1750 1893 vocabulum,
1767 1848 1871 1898 quod
1887 1860 2003 1899 quum
2018 1847 2141 1885 rarius

1260 1907 1384 1949 esset,
1423 1906 1475 1943 ita
1501 1905 1751 1957 interpretum
1781 1905 1933 1943 animos
1965 1903 2141 1949 offendit,

1259 1964 1301 1998 ut
1317 1962 1525 1999 committo
1539 1975 1608 2013 pro
1623 1963 1974 2012 interpretamento
1996 1961 2141 2000 adscri-

1259 2017 1409 2062 berent,
1426 2018 1529 2067 quod
1546 2022 1687 2069 postea
1702 2023 1862 2064 textum,
1876 2017 2000 2056 altero
2015 2018 2141 2056 eiecto

1261 2075 1490 2125 occupabat.
1559 2074 1662 2121 Quia
1699 2089 1790 2114 vero
1829 2076 2039 2115 concitato
2078 2073 2142 2112 de-

1263 2130 1369 2169 sendi
1394 2131 1544 2181 nequit,
1571 2133 1792 2171 coniectura
1812 2131 1940 2171 locum
1960 2131 2012 2169 ita
2030 2144 2142 2177 sano,

1263 2191 1304 2226 ut
1328 2189 1516 2240 scriptum
1537 2188 1659 2227 fuisse
1675 2202 1878 2228 censeam:
1903 2203 1964 2228 me
1977 2189 2143 2240 pernici

1259 2247 1396 2296 fassae
1432 2247 1642 2285 concitato
1686 2247 1760 2292 do,
1805 2259 1909 2298 quae
1943 2249 2144 2296 postrema

1262 2301 1422 2352 syllaba
1459 2302 1508 2340 ob
1546 2303 1829 2341 antecedentes
1855 2303 2032 2341 eiusdem
2057 2302 2144 2340 soni

1264 2358 1413 2396 litteras
1447 2359 1568 2397 omitti
1591 2359 1706 2398 facile
1725 2363 1888 2411 poterat.
1925 2359 2144 2400 concitato

1264 2429 1333 2466 pro
1360 2417 1566 2455 concitate
1590 2416 1734 2455 dictum
1759 2422 1822 2455 est
1839 2415 2144 2469 παρορμητικῶς,
2200 2463 2201 2467 ¹

1264 2469 1441 2524 ἀκρατῶς
1465 2473 1518 2511 im
1540 2474 1732 2525 98511801.
1736 2478 1800 2512 ten
1818 2473 1955 2525 Lause
1980 2471 2028 2511 cf.
2049 2472 2147 2511 infra
2198 2502 2201 2507 .

1263 2543 1301 2581 p.
1329 2532 1424 2571 496.
1451 2531 1719 2576 concitatam,
1746 2544 1819 2569 nec
1849 2529 2058 2568 molestam
2089 2542 2145 2567 re-

1265 2586 1489 2638 petitionem
1516 2586 1698 2625 vocabuli
1726 2587 1894 2638 pernici
1918 2599 2013 2625 esse
2036 2590 2146 2638 puta·

1266 2644 1405 2687 verim,
1433 2643 1507 2682 sed
1527 2644 1657 2694 potius
1685 2657 1878 2682 summam
1905 2642 2147 2681 celeritatem
2194 2649 2200 2690 ,ζ

1266 2700 1442 2752 exprimi.
1468 2699 1667 2738 Adverbia
1686 2701 1721 2738 in
1739 2700 1937 2750 osaepius
1952 2699 2147 2738 soi-masso
2194 2731 2196 2755 ᾗ

1265 2756 1497 2808 Apuleium,
1522 2757 1588 2794 ubi
1612 2758 1730 2795 ceteri
1748 2758 1962 2808 scriptores
1983 2755 2147 2794 sormam
2191 2769 2196 2802 3

1266 2815 1301 2852 in
1329 2828 1350 2852 e
1375 2817 1582 2866 usurpant,
1608 2827 1730 2865 snpra
1747 2814 1823 2851 iam
1837 2813 2146 2852 demonstratum
2190 2828 2194 2834 ¹

1267 2874 1343 2909 est.
1392 2869 1439 2909 ef.
1466 2871 1563 2910 Met.
1590 2869 1616 2909 Ι.
1644 2884 1681 2922 p.
1709 2873 1773 2911 69.
1807 2869 1857 2909 V.
1882 2883 1919 2921 p.
1947 2873 2042 2910 339.
2069 2870 2146 2909 Fu-
2189 2884 2194 2912 ἰ

1264 2941 1348 2979 yae
1382 2940 1423 2966 se
1465 2928 1568 2967 clare
1611 2926 1706 2965 dixit
1743 2925 1820 2965 Cic.
1865 2926 1915 2964 ad
1951 2926 2034 2965 Att.
2061 2924 2146 2963 VII.
2188 2942 2192 2953 ι

1266 2988 1332 3024 23.
1355 2986 1387 3033 §.
1404 2989 1442 3024 2.
1468 2984 1534 3023 De
1559 2998 1618 3024 me
1642 2988 1775 3024 aulem
1799 2983 1893 3034 ipso
1918 2983 1993 3022 tibi
2019 2996 2147 3022 assen—
2186 2979 2192 3023 -Ῐ

1266 3042 1360 3086 lior,
1375 3055 1425 3080 ne
1438 3055 1504 3080 me
1524 3041 1627 3081 dem
1640 3041 1822 3080 incertae
1837 3045 1875 3079 et
1885 3039 2148 3093 periculosae

1261 3097 1458 3151 sayna]
