2221 3667
309 171 388 212 554

561 168 606 206 L.
638 166 859 206 APULEII
890 158 1289 204 MADAURENSIS
1313 154 1853 196 METAMORPHosssoN

307 280 486 321 nonnihil
511 279 649 329 etiam,
678 293 764 318 cum
790 277 968 332 lupanari
993 271 1199 321 servierit,
1232 269 1427 309 vindictae
1452 266 1563 307 vobis
1589 267 1859 319 depensuram.
1911 263 2024 302 Hanc.
2049 275 2100 300 cx

308 337 438 376 animo
470 336 624 389 quidem
655 349 742 375 meo
772 332 1006 374 sententiam
1039 326 1323 367 conducibilem
1353 323 1516 378 protuli:
1554 322 1621 361 scd
1651 335 1723 360 vos
1753 327 1975 360 vestroruin
2007 318 2103 358 estis

310 392 564 433 consiliorum
588 405 799 444 rerumque
826 387 980 429 domini.

309 552 381 572 eum
405 543 509 571 etiam
535 541 695 570 serrierit
716 542 753 569 R.
779 540 801 567 s.
849 535 1031 565 set-vicerit
1048 531 1077 563 δ.
1126 532 1215 561 hunc
1234 534 1270 562 G.
1293 534 1323 561 2.
1342 534 1381 560 D.

602 595 659 615 τος
679 594 741 614 non
760 586 923 616 comparet
942 582 976 609 in
996 582 1031 609 P.
1053 577 1101 615 dl,
1127 580 1211 614 quod
1232 578 1329 606 facile
1348 581 1478 612 propter
1496 582 1637 608 sequeus
1651 576 1841 601 vestrorum
1855 570 1958 599 omitti
1972 572 2105 603 poterat,

935 628 1125 653 vestrorum
1139 625 1175 654 F.
1192 626 1220 652 1.
1235 625 1266 652 3.
1282 626 1318 651 G.
1336 624 1364 650 1.
1378 624 1408 650 2.
1424 622 1458 649 0.
1474 622 1508 649 P.
1526 629 1554 654 p.
1571 620 1590 647 s.
1606 621 1642 647 D.
1659 616 1687 646 δ’.
1707 619 1790 646 Elm.
1810 617 1914 644 Scriv.
1927 614 2046 643 Florid.
2071 614 2107 640 ln

304 588 449 627 protulle’
467 591 502 617 G.
525 590 553 616 ⁴1.

309 635 498 669 praesertim
512 634 540 661 si
554 635 745 660 vostrorum
758 629 886 663 legitur.

1429 529 1524 557 modo
1544 537 1598 564 pro
1613 536 1682 555 meo
1702 531 1738 555 G.
1755 530 1783 555 1.
1831 523 2056 554 cmzdr'm'bilem
2070 526 2104 552 Ο.

308 684 382 709 cett.
395 682 599 707 nostrorum.
625 674 831 704 Slewechius
844 671 1026 701 emendavit
1042 672 1246 707 vostrorum,
1261 669 1343 703 quod
1357 675 1377 696 a
1390 665 1584 695 Ruhnkenio
1597 665 1631 693 in
1647 667 1734 692 {extu
1747 662 1887 697 positum
1900 664 1959 689 est.
1995 665 2109 686 rerum

309 724 435 753 dwuim'
444 726 562 759 copula
575 722 698 751 omissa
709 721 743 748 Ο.

310 847 421 885 codd.
446 845 560 882 lectio
587 842 833 887 discurram,
865 852 967 890 quae
992 839 1107 876 etiam
1131 837 1181 874 ab

308 899 586 952 antiquissimis
599 897 832 936 editionibus
845 899 1033 940 servatur,
1052 906 1182 944 quam-

313 971 428 1010 quam
466 957 615 1008 priores
653 954 826 992 editores
857 965 944 990 eam
975 951 1093 1003 plane
1118 963 1182 987 ne-

309 1014 514 1065 glexerint,
546 1011 647 1050 Oud.
681 1011 803 1049 obiter
826 1013 973 1048 tantum
997 1011 1184 1046 tractave-

308 1073 365 1109 rit.
412 1069 483 1107 lile
509 1068 610 1106 enlm
636 1067 687 1106 ad
712 1067 934 1105 otiosiorem
960 1077 1046 1102 eam
1066 1064 1185 1101 lecto-

306 1141 387 1165 rem
421 1126 581 1176 relegat.
640 1123 833 1174 Equidem
870 1121 961 1173 quid
997 1120 1088 1159 inde
1119 1132 1184 1157 ex-

306 1184 442 1222 tricare
462 1181 624 1235 possim,
650 1180 779 1219 adhuc
796 1179 941 1218 nescio.
1000 1177 1055 1216 At
1068 1175 1182 1214 velim

307 1241 428 1285 scire,
459 1239 551 1290 quid
581 1235 914 1287 Kulenkampius,
945 1234 1002 1272 vir
1031 1233 1184 1278 doetus,

307 1297 382 1335 sibi
402 1295 576 1341 voluerit,
602 1294 793 1332 adnotans
812 1292 971 1339 margini
992 1290 1054 1330 ed.
1071 1302 1184 1328 meae

306 1352 451 1391 Florid.
473 1353 701 1391 discurram
723 1350 830 1388 bene.
877 1348 989 1386 Haec
1004 1347 1184 1397 equidem

309 1423 382 1447 non
415 1410 538 1459 capio.
598 1407 687 1445 Nisi
716 1406 782 1444 ille
812 1405 1005 1456 putaverit
1029 1404 1183 1442 discur-

308 1480 396 1505 ram
420 1465 653 1503 adiectivum
679 1476 773 1501 esse
798 1466 839 1500 ut
863 1475 1008 1513 vayus,
1030 1465 1184 1511 prosu-

308 1536 404 1575 yus,
430 1521 571 1560 incola
603 1519 696 1565 alia,
727 1518 819 1557 nihii
851 1517 1002 1561 habeo,
1028 1530 1105 1567 quo
1132 1515 1184 1552 le-

310 1581 473 1617 ctionem
511 1576 731 1615 defendam.
791 1574 916 1613 Ulcus
946 1572 1063 1611 altius
1095 1572 1185 1609 insi-

309 1635 402 1673 dere
427 1633 518 1672 mibi
543 1632 746 1684 probabile
773 1635 851 1677 est,
877 1630 968 1681 quia
991 1643 1080 1667 mea
1104 1629 1184 1679 qui-

308 1692 398 1729 dem
434 1690 630 1728 sententia
662 1689 711 1726 ob
743 1689 860 1726 totius
892 1687 966 1724 loci
996 1686 1185 1724 rationem

310 1747 525 1785 terminatio
561 1747 597 1783 in
629 1759 706 1784 ura
738 1748 821 1782 erat
858 1741 1102 1786 necessaria,
1142 1744 1186 1778 ut

308 1803 538 1842 assimilatio
587 1802 673 1840 soni
715 1803 937 1839 servaretur
977 1798 1184 1835 verborum

304 1873 601 1913 processuram,
627 1861 666 1895 et
685 1858 966 1909 depensuram,
992 1867 1069 1905 qua
1088 1855 1124 1891 in
1144 1867 1187 1890 re

307 1916 503 1968 Apuleius
553 1915 710 1965 quidem
757 1911 1074 1952 accuratissimus
1112 1913 1186 1948 est.

309 1973 402 2012 Erat
432 1985 517 2011 cum
549 1985 624 2022 ego
656 1972 691 2008 in
718 1970 960 2008 coniecturas
987 1979 1187 2006 cessuram

307 2043 538 2083 yressuram
562 2027 785 2071 inciderem,
811 2038 913 2077 quae
937 2029 1067 2062 tamen
1092 2022 1186 2061 mihi

309 2100 383 2125 non
403 2084 676 2137 satisfaciunt]

366 2155 419 2181 ea:
450 2143 585 2181 (mimo
617 2154 703 2179 meo
728 2139 965 2179 sententiam
990 2137 1187 2177 conduci-

310 2200 426 2238 bilem
447 2198 622 2249 protuli.
684 2196 893 2248 Scioppius
919 2195 953 2232 in
982 2193 1186 2245 Symbolis

309 2270 362 2295 ea:
399 2256 533 2294 (mimo
570 2253 752 2292 absolute
789 2252 931 2290 dictum
963 2251 1025 2289 hic
1056 2249 1186 2288 existi-

309 2324 439 2357 mans,
478 2324 527 2348 ex
562 2309 747 2349 Plautina
782 2309 951 2346 dictione
982 2321 1068 2346 meo
1103 2307 1188 2358 qui-

310 2370 401 2407 dem
431 2369 566 2406 animo
591 2367 760 2418 explieat
783 2379 870 2404 meo
893 2365 1066 2403 iudicio.
1093 2362 1188 2401 Ful-

310 2427 394 2463 vius
425 2437 535 2470 ver0,
568 2425 631 2475 qui
659 2437 712 2462 ea:
742 2423 877 2461 animo
903 2421 1068 2472 protuli
1100 2433 1187 2458 con-

310 2481 430 2532 iungit
453 2477 531 2519 ἀπὸ
556 2482 714 2532 καρδίας
737 2480 1017 2528 interpretatur.
1071 2475 1186 2514 Prius

309 2538 412 2577 Oud.
456 2538 696 2589 comprobat.
769 2534 893 2586 [vera
929 2534 1023 2571 vidit
1057 2532 1186 2571 Hand.

310 2593 481 2633 Turseli,
506 2593 551 2633 ll.
577 2607 614 2644 p.
643 2596 754 2637 628.‚
787 2590 851 2641 qui
883 2604 936 2629 esc
966 2591 1103 2629 auimo
1133 2589 1188 2626 di-

310 2652 361 2689 cit
385 2651 530 2702 opponi
551 2648 785 2688 simulationi
813 2651 852 2684 et
869 2647 1087 2697 significare
1107 2649 1187 2683 stu-

310 2707 361 2745 dii
386 2712 425 2745 et
447 2706 659 2745 voluntatis
684 2706 760 2743 vim
787 2708 826 2742 et
849 2704 1112 2741 sinceritatem
1137 2701 1186 2740 cf.

309 2764 450 2803 Donat.
483 2763 534 2801 ad
566 2761 722 2800 Terent.
749 2760 872 2799 Andr.
896 2760 945 2797 V.
973 2764 1009 2799 7.
1035 2763 1101 2799 21.
1133 2772 1189 2797 ex

309 2821 445 2859 animo
465 2821 594 2859 alicui
610 2822 755 2871 facere
769 2822 827 2856 est
838 2817 884 2854 vid
893 2819 1050 2868 facere,
1074 2815 1189 2867 quod

310 2877 382 2915 ille
406 2878 541 2915 animo
565 2890 637 2914 suo
663 2875 769 2920 velit,
796 2878 869 2912 aut
894 2877 1001 2911 certe
1027 2886 1080 2911 ea·
1100 2876 1189 2910 tota

311 2937 438 2971 mente
480 2937 716 2983 praestare,
764 2944 849 2968 uon
883 2929 1187 2981 perfunctorie.

310 2987 430 3026 Plura
443 2988 599 3040 Apuleii
623 2988 866 3037 aliorumque
892 2985 1075 3036 exempla
1100 2997 1187 3035 pro-

311 3043 397 3082 tulit
420 3043 519 3082 Prie.
545 3045 596 3083 ad
620 3042 716 3083 Met.
742 3042 812 3082 IX.
837 3056 874 3093 p.
891 3046 985 3084 635.
1010 3046 1049 3080 et
1071 3042 1188 3093 iquo-

311 3100 369 3138 υἰέ
403 3114 459 3138 ea:
494 3102 664 3140 auimo.
724 3100 771 3138 cf.
803 3099 901 3138 Met.
936 3097 998 3136 Ill.
1029 3111 1067 3150 p.
1097 3099 1186 3137 193.

313 3170 371 3196 ext:
388 3157 547 3195 animo
568 3158 709 3196 doleas
722 3160 861 3208 p.208.
882 3162 929 3196 ut
951 3169 1011 3195 ea:
1029 3154 1189 3194 auimo

1241 836 1316 874 tibi
1350 834 1487 872 volens
1530 844 1643 869 omne
1679 829 1872 868 delictum
1901 826 2111 864 remittam.

1241 891 1362 930 Aliud
1386 890 1486 927 enim
1510 892 1571 926 est
1591 901 1643 925 ex
1662 887 1796 925 auimo
1816 887 1855 921 et
1873 884 2008 922 auimo
2027 893 2114 919 meo

1244 947 1292 987 cf.
1329 946 1458 984 Plaut.
1495 943 1641 982 Bacch.
1672 941 1699 980 l.
1729 945 1762 980 i.
1789 944 1854 980 69.
1884 937 1947 977 ΠΙ.
1980 941 2015 978 2.
2050 940 2112 976 10.

1243 1001 1494 1043 Menaechm.
1520 1000 1549 1040 l.
1575 1004 1611 1040 3.
1640 1003 1702 1038 17.
1728 996 1772 1035 ll.
1802 1002 1834 1037 1.
1861 995 1917 1047 2.]

1302 1064 1538 1099 vestrorum.
1599 1053 1793 1094 Stewech.
1825 1053 1900 1090 iam
1930 1050 2025 1088 vidit
2049 1063 2113 1088 vo-

1241 1122 1419 1156 strorum
1433 1127 1526 1152 esse
1539 1112 1775 1155 concinnius,
1794 1109 1894 1147 haec
1906 1107 2116 1145 adnotans:

1242 1173 1319 1213 Pro
1345 1185 1407 1210 me
1433 1171 1542 1215 facit,
1574 1168 1679 1220 quod
1704 1167 1824 1210 idem,
1850 1165 1914 1216 qui
1938 1164 2037 1202 haec
2060 1160 2114 1199 lo-

1244 1230 1387 1281 quitur,
1418 1226 1660 1280 praemiserit
1688 1225 1724 1262 in
1750 1223 1888 1261 eadem
1911 1218 2117 1262 sententia,

1244 1290 1285 1324 et
1320 1300 1394 1324 non
1431 1297 1519 1322 sum
1555 1282 1710 1333 quidem
1747 1284 1825 1318 tam
1860 1279 2013 1320 brutus,
2056 1273 2120 1311 vel

1244 1347 1349 1382 certe
1374 1341 1618 1385 temerarius,
1642 1342 1684 1376 ut
1707 1337 1845 1375 scitum
1871 1337 2041 1371 vestrum
2065 1331 2118 1369 in-

1243 1400 1415 1445 hibeam3
1446 1396 1615 1435 allusum
1640 1408 1731 1432 vero
1756 1392 1806 1430 ad
1829 1389 2022 1442 plebisciti
2048 1387 2119 1425 for-

1243 1456 1407 1500 mulam,
1440 1452 1546 1504 quod
1572 1451 1604 1490 T
1608 1452 1741 1489 ribuno
1768 1449 1790 1486 i.
1817 1460 1849 1486 e.
1882 1446 2010 1498 plebis
2041 1457 2121 1482 ma-

1245 1514 1365 1562 gistro
1390 1513 1570 1559 rogante.
1595 1508 1712 1559 plebs
1741 1504 2010 1543 constituebat.
2060 1499 2121 1538 lti-

1246 1569 1335 1607 dem
1349 1567 1542 1606 suadente
1552 1564 1708 1616 quidem
1720 1562 1870 1601 Haemo
1880 1558 2120 1610 praedonum

1245 1626 1358 1669 duce,
1383 1623 1544 1673 reliquis
1572 1620 1785 1659 latronibus
1811 1615 2060 1655 consiliorum
2079 1611 2123 1649 li-

1244 1683 1379 1720 beram
1404 1678 1730 1718 existimationem
1755 1686 1963 1723 rerumque
1986 1669 2120 1708 diiudi-

1246 1739 1435 1776 cationem
1466 1735 1638 1773 relictam
1664 1731 1870 1783 sequentia
1893 1729 2007 1767 huius
2032 1726 2123 1764 scri·

1245 1795 1368 1846 ptoris
1395 1792 1600 1830 clamitant.
1660 1787 1759 1829 Usui
1783 1800 1897 1838 porro
1923 1784 2033 1822 fuere
2057 1796 2122 1820 an-

1247 1851 1366 1901 tiquis
1400 1850 1434 1887 in
1461 1847 1712 1888 suasionibus
1738 1841 1956 1882 istiusmodi
1981 1840 2123 1878 sormu-

1247 1907 1329 1946 lae:
1372 1911 1414 1945 at
1451 1906 1518 1944 lu'c
1554 1906 1634 1943 iam
1669 1907 1740 1941 tua
1776 1905 1834 1939 est
1864 1897 2123 1939 existimatio.

1248 1977 1350 2015 quae
1376 1965 1482 2000 extat
1505 1960 1611 2011 apud
1634 1957 1756 2010 Apul.
1780 1956 1877 1995 Met.
1898 1955 1947 1993 V.
1973 1967 2012 2004 p.
2027 1956 2120 1993 354.

1246 2019 1375 2059 Plaut.
1399 2017 1511 2056 Pers.
1526 2016 1572 2054 ΙΙ.
1595 2020 1632 2056 2.
1653 2019 1720 2056 20.
1747 2019 1818 2052 tua
1841 2013 1946 2050 mira
1972 2015 2042 2048 lua
2065 2009 2122 2046 iu-

1251 2076 1408 2116 dicatio
1422 2079 1488 2114 est.
1511 2072 1587 2111 Cic.
1603 2071 1727 2123 Epist.
1747 2069 1798 2108 ad
1811 2068 1902 2107 Div.
1915 2064 2020 2104 Xlll.
2036 2069 2071 2105 7.
2087 2068 2124 2104 2.

1249 2135 1281 2185 ᾧ.
1314 2137 1350 2174 2.
1390 2131 1480 2170 Sed
1510 2131 1590 2169 hoe
1627 2129 1690 2168 tui
1719 2131 1777 2166 est
1813 2123 1975 2165 consilii
2006 2126 2045 2160 et
2065 2123 2127 2160 iu·

1249 2190 1363 2229 dicii.
1388 2187 1440 2226 X.
1456 2191 1493 2228 3.
1513 2185 1543 2236 ξ.
1559 2190 1597 2226 3.
1622 2190 1734 2224 tuum
1757 2182 1958 2222 iudicium
1983 2182 2040 2217 est
2062 2177 2124 2215 id-

1248 2260 1325 2298 que
1355 2246 1538 2284 liberum.
1580 2241 1690 2280 XIV.
1720 2244 1781 2279 14.
1813 2238 1842 2287 §.
1879 2243 1913 2276 1.
1947 2235 2126 2275 Vestrum

1249 2305 1332 2342 iam
1362 2301 1578 2341 consilium
1603 2303 1678 2342 est,
1717 2309 1800 2335 uon
1829 2293 1958 2334 solum
1987 2304 2125 2333 meum,

1248 2360 1351 2411 quid
1381 2359 1433 2398 sit
1464 2356 1576 2395 vobis
1602 2352 1845 2407 faciendum
1876 2353 1916 2388 et
1948 2352 1997 2388 18
2030 2346 2063 2396 ξ.
2091 2350 2127 2385 1.

1247 2417 1302 2455 Id
1326 2429 1408 2454 uon
1432 2414 1562 2452 solum
1585 2424 1712 2450 meum
1730 2407 1943 2447 consilium
1957 2409 2023 2449 est,
2048 2402 2121 2441 sed

1248 2475 1367 2513 etiam
1402 2474 1582 2510 vestrum.
1630 2465 1722 2504 XV.
1758 2469 1821 2505 14.
1853 2463 1886 2514 ᾧ.
1917 2466 1954 2502 4.
1992 2460 2128 2499 Huius

1248 2530 1309 2568 rei
1344 2533 1472 2567 totum
1509 2524 1722 2564 consilium
1753 2527 1864 2560 tuum
1895 2523 1964 2558 est.
2022 2514 2127 2554 Oud.

1248 2586 1355 2625 addit
1368 2582 1643 2636 possessivum
1658 2591 1784 2629 aeque
1793 2576 1996 2619 adrerum,
2011 2583 2126 2623 quam

1247 2642 1299 2680 ad
1313 2641 1577 2681 consiliorum
1589 2637 1795 2687 pertinere,
1814 2645 1931 2684 quum
1944 2643 2008 2669 res
2023 2631 2128 2667 certo

1248 2698 1390 2737 Haemi
1427 2710 1502 2734 nou
1539 2693 1695 2737 fuerint,
1739 2691 1802 2729 ubi
1840 2701 1913 2727 nec
1948 2684 2127 2729 consilia,

1250 2768 1351 2806 quae
1376 2755 1451 2791 iam
1477 2752 1698 2789 sumserant
1723 2746 1894 2785 latrones
1918 2757 1991 2782 suo
2017 2742 2128 2779 scito.

1251 2812 1322 2863 [At
1347 2824 1413 2848 cur
1439 2806 1663 2846 Stewechio
1689 2804 1950 2842 coniecturam
1974 2802 2129 2837 vostro-

1249 2882 1356 2913 rum,
1394 2866 1454 2904 cui
1491 2864 1646 2903 miratur
1679 2861 1868 2899 neminem
1901 2854 2128 2903 suffragium

1251 2923 1426 2969 dedisse,
1453 2919 1685 2973 probaverit,
1711 2915 1892 2966 equidem
1912 2926 1986 2950 non
2000 2910 2130 2954 video,

1249 2994 1366 3032 quum
1404 2978 1537 3030 optimi
1575 2974 1688 3014 codd.
1724 2972 1857 3021 legant
1892 2973 2130 3009 vestrorum,

1249 3037 1353 3090 quod
1388 3032 1688 3088 praeferendum
1724 3032 1796 3066 est.
1870 3023 2129 3066 Stewecffius,

1250 3094 1313 3146 qui
1339 3092 1486 3131 nuliam
1520 3087 1666 3128 codicis
1699 3085 1907 3124 lectionem
1931 3085 2021 3121 ante
2042 3092 2130 3117 ocu-

1249 3149 1314 3189 los
1345 3149 1539 3192 habebat,
1565 3146 1666 3183 benc
1692 3147 1919 3182 vostrorum
1951 3134 2134 3176 emenda-
