2155 3590
617 136 805 177 LIBER
828 138 878 179 V.
936 135 1062 177 CAP.
1091 133 1257 201 XXVI.

1762 133 1840 178 371

67 249 181 304 stigio
204 255 462 312 pererrasset,
490 248 614 304 inscio
640 250 803 303 quodam
830 248 984 291 tramite
1008 250 1085 290 iam
1111 248 1329 297 delabente,
1356 245 1507 287 accedit
1530 246 1722 300 quandam
1748 245 1843 286 civi-

66 313 181 346 tatem
192 337 202 356 ,
225 319 265 344 m
280 319 354 358 qua
369 319 534 359 regnum
548 305 711 346 maritus
726 307 840 347 unius
855 306 1004 347 sororis
1021 306 1104 347 eius
1118 304 1332 346 obtinebat.

1360 302 1447 356 Qua
1461 316 1505 343 re
1519 302 1676 356 cognita
1689 301 1843 356 Psyche

65 361 235 402 nuntiari
249 361 508 415 praesentiam
523 375 632 402 suam
647 363 774 402 sorori
790 363 1004 403 desiderat:
1021 377 1116 403 mox
1129 362 1302 411 inducta,
1313 359 1456 400 mutuis
1470 357 1713 412 amplexibus
1728 358 1844 398 alter·

66 431 138 458 nae
157 417 404 458 salutationis
423 417 605 472 expletis,
622 419 867 472 percontanti
888 432 1048 459 caussas
1068 419 1258 459 adventus
1277 416 1339 457 sui
1363 415 1420 457 sic
1442 415 1598 468 incipit:
1624 412 1844 454 Meministi

70 473 298 530 'consilium
325 480 496 514 vestrum
522 474 690 524 scilicet,
718 489 792 528 quo
818 475 908 514 mihi
935 475 1136 524 suasistis,
1163 473 1415 523 ut.bestiam,
1444 485 1543 525 quae
1573 470 1704 510 mariti
1735 483 1844 510 men-
1869 475 1933 508 369

63 530 132 570 tito
153 530 308 570 nomine
326 543 475 570 mecum
495 530 739 584 quiescebat,
767 531 990 585 priusquam
1010 530 1184 584 ingluvie
1202 529 1338 570 voraci
1357 542 1417 569 me
1435 527 1624 568 misellam
1651 526 1842 577 hauriret,

63 633 238 663 delabante
252 645 283 669 φ.
331 635 476 663 maritus
496 638 585 664 abest
601 644 621 665 a
634 637 669 665 P.
716 635 833 664 uncias
852 638 889 665 D.
938 644 1036 664 soror
1049 645 1105 671 pro
1120 636 1234 664 sorori
1250 644 1280 671 p.
1327 633 1451 662 rnulm’s
1464 631 1674 670 amplexibus
1688 630 1846 659 alternae

63 679 282 708 salutationis
294 681 330 709 F.
345 683 374 709 1.
387 682 418 709 3.
433 682 468 708 G.
485 682 513 709 1.
528 683 557 708 2.
572 682 610 710 D.
624 683 660 709 P.
677 681 696 709 f.
711 691 743 715 φ.
758 679 786 710 ὃ.
801 689 836 710 π.
849 683 933 710 Ιυηῐ.
947 684 978 710 2.
1000 684 1036 710 ln
1051 685 1123 710 cett.
1137 685 1166 711 et
1180 682 1213 710 in
1226 683 1261 710 F.
1277 682 1306 710 1.
1321 683 1402 709 teste
1413 681 1496 708 Elm.
1520 677 1664 706 alternis
1678 676 1846 713 arupleaei-

62 724 120 753 bus
134 728 269 753 mutuae
283 725 512 753 salutationis.
554 726 785 762 percuntatz'm
799 728 837 754 R.
885 728 946 754 Pro
961 726 1079 763 incipit
1090 727 1181 755 Colv.
1192 749 1200 763 ‚
1221 726 1273 754 cui
1285 727 1368 754 Elm.
1381 726 1521 754 Vulcan.
1536 725 1566 752 2.
1580 723 1699 751 Florid.
1714 722 1772 750 alii
1787 724 1845 750 ob-

63 773 289 807 sequebantur,
301 772 447 800 emendat
461 768 548 806 infit,
565 773 646 805 quod
660 775 765 800 tamen
780 771 910 800 minime
923 775 970 800 est
985 772 1217 800 necessarium.
1236 771 1425 800 cf.Met.V1.
1439 770 1552 804 [mos.
1566 769 1636 797 VH.
1651 776 1680 802 p.
1695 769 1770 796 499.
1790 767 1846 795 uhi

62 815 182 844 frustra.
194 817 351 845 Pricaeus
365 813 440 849 infit
455 816 593 850 praefert
607 820 636 844 et
651 817 730 845 alibi
744 817 888 850 saepius.
925 816 1099 844 consilium
1114 819 1205 844 tuum
1218 818 1256 845 R.
1266 816 1287 844 f.
1318 816 1350 843 si
1360 823 1416 850 pro
1430 813 1561 842 scilicet
1572 815 1608 842 P.
1622 814 1705 847 quod
1717 812 1846 841 omnino

61 862 150 889 abest
170 868 190 889 a
209 861 231 890 f.
279 860 437 898 quomodo
457 860 540 888 milei
559 864 593 890 G.
618 863 645 890 1.
666 861 688 889 f.
735 869 798 898 quo
813 859 1036 890 milaz‘scilt'cet
1047 870 1078 897 p.
1092 859 1121 890 δ.
1169 860 1313 889 suasisti
1325 860 1346 890 f.
1393 859 1695 888 suasez·sVe=1et.2.
1718 859 1800 887 lunt.
1815 856 1846 886 1.

60 906 213 941 suastt'p.
261 905 469 943 quies-scebat
493 908 529 935 G.
546 908 573 935 1.

62 981 240 1034 aliquam
265 983 430 1022 multam
456 984 541 1021 viae
566 983 675 1033 legin
707 996 806 1034 quae
831 983 923 1021 scri·

60 1044 170 1088 ptura
183 1038 321 1077 deinde
335 1053 358 1077 a
370 1038 602 1077 Ruhnkenio
617 1040 652 1076 in
667 1042 775 1076 textu
796 1040 924 1090 posita

61 1096 132 1132 est.
157 1093 260 1133 Dicit
280 1095 378 1133 enim
393 1094 492 1133 Oud.
508 1095 703 1146 vulgatam
716 1093 922 1133 lectionem

61 1163 84 1189 a
96 1152 283 1189 communi
298 1164 416 1189 sensu
431 1152 586 1193 abesse.
597 1151 699 1189 unde
713 1151 786 1188 iam
797 1165 922 1189 emen-

60 1206 162 1244 davit
185 1207 334 1245 Wasse
359 1208 427 1246 nbi
452 1207 631 1260 aliquam
649 1207 813 1246 maltum
838 1208 925 1246 viae

61 1263 125 1300 vel
139 1268 232 1302 ante
253 1264 436 1315 aliquam
449 1264 623 1302 niallam.
650 1262 734 1313 Ego
750 1263 840 1313 quid
854 1262 922 1300 dif-

60 1318 235 1358 ficultatis
244 1321 278 1357 in
290 1319 399 1357 codd.
411 1319 575 1357 lectione
587 1320 687 1363 insit,
696 1333 769 1356 non
781 1319 921 1371 video]

115 1376 330 1414 laboranti.
380 1375 606 1414 inconcinne
625 1375 691 1413 viri
706 1375 807 1413 docti
822 1375 923 1413 hunc

60 1429 186 1470 locum
227 1432 454 1471 coniecturis
499 1436 695 1470 vexarunt.
762 1430 918 1470 Colvius

60 1490 156 1526 enim
181 1489 362 1526 emendat
385 1489 628 1533 labascenti,
663 1487 825 1527 Vulcan.
858 1488 917 1527 la-

62 1545 189 1590 banti,
220 1549 258 1582 et
287 1543 472 1583 Pricaeus
497 1546 531 1583 in
558 1558 605 1583 eo
630 1545 787 1589 erravit,
813 1545 917 1596 quod

61 1601 266 1640 laboranti
280 1601 461 1653 exposuit
470 1602 695 1653 festinanti.
733 1600 806 1639 Est
819 1602 917 1639 enim

59 1658 225 1696 titubans
251 1661 290 1695 et
314 1657 524 1702 vacillans,
552 1670 652 1708 quae
671 1658 919 1708 praecedunt,

59 1725 128 1752 seu
160 1713 365 1752 labascens
390 1718 430 1753 et
453 1714 605 1760 labans,
636 1727 720 1752 cum
753 1727 829 1764 quo
854 1714 920 1753 ali-

60 1771 210 1820 quoties
224 1770 485 1815 confunditur,
510 1775 550 1808 ut
564 1770 708 1808 Lucan.
723 1769 809 1808 VII.
826 1774 919 1810 521.

58 1825 126 1865 Dr.
140 1827 189 1865 ad
203 1826 287 1865 Liv.
302 1826 426 1865 XXII.
443 1831 507 1867 61.
532 1826 594 1865 De
615 1827 804 1866 laborare
817 1826 919 1865 Oud.

59 1883 200 1921 excitat
228 1883 331 1922 Duk.
363 1883 413 1921 ad
438 1882 542 1922 Flor.
568 1882 594 1921 I.
624 1887 685 1923 12.
720 1883 922 1921 laborat

55 1939 156 1992 fides
169 1940 390 1978 annalium.
408 1939 536 1978 Burm.
551 1939 597 1977 ad
615 1937 767 1977 Petron.
783 1953 813 1977 c.
832 1942 921 1979 115.

59 1995 255 2034 laborat
285 2009 445 2035 carmen
469 1997 511 2034 ‘in
533 1997 628 2047 fine,
663 1999 702 2033 et
732 1995 923 2034 laborare

57 2052 284 2089 sexcenties
297 2052 332 2089 in
345 2050 491 2102 proelio
506 2051 578 2090 dici
592 2051 732 2090 milites
746 2064 922 2102 pressos,

57 2107 240 2158 fatigatos
280 2111 317 2145 et
346 2108 382 2145 in
420 2107 550 2158 sugam
587 2111 783 2153 nutantes,
819 2108 922 2145 bene

58 2163 265 2202 adnotavit.
323 2162 514 2215 [Plurima
550 2164 790 2202 commiscuit
820 2163 920 2202 Elm.

59 2220 95 2258 in
120 2219 216 2265 ind„
242 2220 303 2270 qui
330 2219 428 2259 haec
451 2220 613 2271 profert:
645 2221 838 2259 laborans
862 2233 921 2259 ve-

56 2276 219 2328 stiyium
244 2276 410 2314 difficile.
459 2276 526 2314 Sic
555 2281 661 2315 artes
692 2276 922 2315 laboriosae

57 2330 207 2370 Fir-mic.
222 2332 381 2371 Astron.
401 2331 466 2371 IV.
482 2336 520 2372 8.
546 2345 646 2383 quae
670 2334 770 2371 circa
794 2333 920 2384 ignem

58 2387 275 2440 ferrumque
282 2393 494 2428 versantur.
508 2388 558 2427 Et
565 2388 706 2427 Rusfin.
716 2389 751 2427 in
761 2388 919 2441 loseph.

57 2443 160 2482 VIII.
193 2449 231 2485 2.
267 2445 521 2485 laboratores
557 2446 717 2497 operarii
753 2444 918 2483 difficilis

58 2498 212 2547 laboris,
239 2501 377 2540 Gallus
402 2501 504 2553 apud
518 2501 672 2554 Non.p.
690 2505 779 2543 133.
807 2502 918 2541 labo-

57 2557 187 2597 ‘m'osas
211 2558 341 2605 locus,
366 2560 402 2597 in
429 2571 504 2610 quo
531 2558 735 2598 laboratur.
785 2558 917 2597 Sidon.

59 2612 190 2664 Apoll.
215 2613 340 2666 Epist.
364 2613 431 2653 VI.
465 2615 529 2655 11.
568 2614 814 2654 laboriosam
848 2627 917 2665 pro

59 2670 198 2708 misero
233 2672 351 2722 ponit.
399 2669 451 2709 Et
485 2671 589 2723 apud
621 2670 774 2710 Terent.
798 2670 921 2710 Andr.

61 2722 127 2763 IV.
160 2729 196 2766 3.
232 2731 268 2767 5.
306 2727 425 2767 labor
457 2740 526 2779 pro
563 2727 708 2766 dolore.
747 2727 922 2766 Glossae

60 2776 210 2821 Philox.
235 2797 272 2835 p.
300 2788 390 2825 128.
421 2784 648 2824 laboriosus
679 2779 921 2835 κακοπαθής.

63 2834 111 2875 cf.
135 2835 234 2877 Gort.
258 2839 309 2878 ad
331 2839 480 2880 Lucan.
504 2839 550 2880 ll.
576 2840 695 2893 317.]

117 2895 274 2934 tramite
285 2896 363 2935 iam
376 2897 597 2936 delabente.
623 2895 710 2935 Hoc
723 2900 921 2948 exponunt

63 2947 286 2999 interpretes
297 2954 456 2992 tranzite
463 2953 620 2999 declivi,
636 2953 739 3004 quod
751 2966 919 3005 unquam

63 3002 136 3042 dici
168 3018 288 3056 posse
322 3006 423 3048 Oud.
460 3010 634 3061 negavit,
678 3011 737 3048 cui
772 3009 918 3047 nullum

61 3061 277 3112 exemplum
301 3064 336 3102 in
359 3070 512 3116 promtu
536 3069 615 3111 cst,
639 3066 702 3104 ubi
728 3065 919 3105 delabens

61 3119 204 3156 trames
235 3131 302 3170 pro
337 3119 475 3160 declivi
511 3126 683 3174 ponatur.
743 3121 919 3160 Offendit

621 914 720 944 quam
739 915 794 941 pro
807 907 1008 944 priusquam
1022 915 1052 941 p.
1098 905 1278 935 nu‘ssellam
1296 907 1331 935 G.
1346 907 1376 934 1.

981 982 1123 1020 deinde
1137 983 1171 1020 in
1187 981 1325 1021 vocula
1338 982 1436 1027 iam,
1452 994 1566 1032 quam
1581 980 1670 1018 dicit
1683 978 1846 1029 intelligi

979 1051 1121 1090 posse:
1168 1039 1377 1090 eestiyium
1419 1039 1499 1076 iam
1541 1036 1731 1075 delabens
1767 1047 1847 1087 per

980 1095 1149 1133 inscium
1184 1095 1392 1133 tramitem.
1442 1093 1587 1131 Vemm
1625 1105 1740 1142 quum
1771 1104 1846 1129 non

982 1151 1033 1189 ita
1064 1150 1169 1200 loqui
1200 1150 1328 1188 soleat
1353 1152 1501 1194 auctor,
1527 1149 1562 1186 ei
1586 1148 1742 1186 dubium
1768 1160 1844 1185 non

981 1210 1055 1250 est,
1083 1207 1171 1256 quin
1186 1219 1278 1244 vera
1300 1206 1352 1243 sit
1375 1205 1688 1256 ingeniosissima
1700 1203 1845 1242 Barthii

982 1265 1200 1300 coniectura
1235 1276 1310 1299 non
1346 1265 1423 1299 tam
1461 1260 1510 1300 ad
1543 1261 1640 1298 Stat.
1667 1259 1793 1299 Theb.
1816 1259 1844 1298 l.

981 1323 1074 1359 343.
1101 1318 1243 1357 iubare
1268 1317 1480 1356 delabente
1503 1316 1565 1354 vel
1591 1314 1736 1356 iubare
1765 1318 1845 1355 iam

981 1375 1136 1419 (lelab.‚
1163 1387 1277 1425 quam
1303 1373 1465 1412 advers.
1482 1376 1575 1413 559.
1601 1374 1681 1411 iam
1701 1373 1768 1411 die
1789 1372 1844 1410 la-

978 1432 1108 1475 bente,
1136 1430 1226 1468 licet
1246 1434 1284 1468 et
1302 1429 1443 1469 iubare
1457 1429 1668 1468 delabente
1686 1441 1733 1466 se
1746 1428 1844 1465 satis

975 1488 1113 1539 probet
1126 1487 1149 1526 i.
1162 1500 1196 1525 e.
1216 1487 1299 1526 sole
1318 1487 1397 1525 iam
1419 1485 1642 1524 occidente.
1666 1483 1847 1523 Haesitat

976 1549 1102 1583 tamen
1122 1544 1222 1595 ipse,
1232 1556 1279 1581 an
1295 1542 1367 1580 dici
1382 1545 1498 1593 queat
1509 1542 1592 1580 labi
1605 1541 1654 1578 de
1668 1553 1847 1591 vespere.

977 1600 1058 1653 [De
1072 1600 1202 1638 stellis
1228 1613 1302 1650 ego
1327 1599 1470 1637 dictum
1496 1598 1636 1636 inveni.
1663 1596 1844 1648 cfiProp.

980 1656 1046 1695 lv.
1061 1661 1099 1697 4.
1116 1659 1181 1697 64.
1208 1657 1384 1708 Ipsaque
1408 1656 1450 1693 in
1477 1656 1684 1694 Oceanum
1708 1653 1847 1693 sidera

979 1714 1098 1764 lapsa
1133 1713 1299 1752 cadunt.
1363 1712 1424 1749 An
1463 1711 1512 1748 (le
1549 1710 1612 1748 die
1647 1710 1734 1762 ipso
1771 1710 1844 1748 dici

979 1772 1113 1821 queat,
1156 1782 1230 1820 ego
1269 1781 1425 1819 quoque
1465 1767 1608 1805 dubito.
1658 1765 1735 1818 [At
1769 1764 1845 1803 hoc

978 1827 1143 1877 ingenue
1163 1823 1420 1863 confitendum
1439 1826 1519 1868 est,
1544 1823 1750 1860 dictionem
1764 1827 1844 1861 tra-

979 1896 1058 1921 mes
1073 1881 1290 1927 delabitur,
1310 1880 1343 1918 si
1359 1879 1513 1930 quidem
1533 1879 1685 1931 probari
1703 1878 1844 1930 possit,

979 1939 1096 1989 plane
1122 1950 1216 1975 esse
1239 1936 1448 1975 inauditam
1472 1948 1544 1974 nec
1568 1934 1747 1987 analogia
1766 1935 1845 1985 qui-

980 1994 1068 2032 dem
1105 2007 1226 2046 posse
1263 1992 1434 2031 stabiliri.
1495 1992 1581 2031 Iam
1615 2005 1708 2029 vero
1743 1991 1846 2029 bene

978 2054 1112 2104 potest
1135 2050 1328 2101 explicari.
1375 2047 1462 2087 Hoc
1487 2049 1588 2086 enim
1611 2061 1767 2099 semper
1791 2051 1846 2085 te-

979 2107 1146 2145 nendum
1172 2110 1250 2152 est,
1275 2118 1403 2143 arcem
1418 2104 1615 2156 Cupidinis
1635 2106 1670 2142 in
1696 2104 1844 2143 excelsi

978 2164 1120 2202 montis
1133 2164 1221 2214 iugo
1237 2165 1470 2200 exstructam
1487 2161 1627 2207 fuisse,
1653 2160 1703 2199 ad
1728 2174 1844 2211 quam

978 2220 1041 2257 via
1074 2220 1231 2257 inveniri
1267 2232 1341 2257 non
1378 2222 1546 2270 poterat;
1587 2217 1689 2256 unde
1723 2218 1846 2256 Amor

977 2275 1160 2327 Zephyro
1184 2275 1398 2328 praecepit,
1423 2278 1465 2313 ut
1483 2287 1640 2313 sorores
1658 2272 1846 2326 Psychae

979 2333 1026 2371 ad
1053 2332 1289 2383 colloquium
1314 2335 1540 2370 arcesseret.
1579 2330 1749 2383 Zephyri
1772 2330 1842 2368 ssa—

976 2389 1079 2428 tibus
1105 2402 1176 2426 eae
1200 2401 1357 2440 semper
1380 2387 1484 2425 humi
1513 2388 1713 2433 sistuntur,
1740 2386 1843 2425 unde

975 2446 1237 2484 necessarium
1251 2449 1343 2490 erat,
1352 2442 1524 2495 Psyche,
1537 2445 1570 2482 si
1586 2444 1635 2482 ad
1649 2445 1840 2482 civitatem

975 2515 1145 2541 sororum
1159 2502 1360 2553 pervenire
1368 2500 1637 2546 vellet,monte
1651 2500 1839 2538 altissimo

975 2558 1243 2597 descenderet.
1269 2557 1428 2609 Ignotus
1453 2557 1563 2608 igitur
1583 2560 1666 2595 erat
1683 2560 1840 2599 trames,

976 2615 1066 2666 quia
1093 2613 1254 2666 Psyche
1285 2627 1371 2652 eum
1402 2627 1477 2652 non
1506 2612 1674 2658 viderat,
1705 2616 1744 2651 et
1775 2612 1840 2649 ille

975 2672 1051 2709 iam
1065 2670 1363 2721 delabitur‚quia
1382 2671 1432 2709 de
1446 2670 1586 2708 montis
1600 2670 1689 2719 iugo
1710 2670 1744 2707 in
1759 2667 1840 2719 pla-

979 2727 1108 2766 nitiem
1130 2727 1345 2766 descendit.
1371 2726 1411 2765 In
1431 2727 1520 2778 ipsa
1539 2725 1651 2776 igitur
1664 2725 1839 2764 enuncia·

979 2784 1093 2823 tionis
1117 2784 1397 2836 significatione
1428 2782 1533 2821 nulla
1557 2783 1658 2819 inest
1681 2780 1840 2820 difficul-

977 2844 1052 2887 tas,
1061 2840 1133 2879 nisi
1149 2840 1253 2892 quod
1261 2841 1461 2879 verborum
1474 2851 1570 2877 usus
1583 2835 1840 2890 adversatura]

1036 2911 1118 2950 quo
1137 2897 1234 2936 milti
1251 2897 1440 2937 suasistis.
1467 2893 1644 2948 [modius
1657 2893 1707 2932 ad
1719 2906 1840 2945 marg.

977 2953 1038 2993 ed.
1077 2952 1186 2992 Colv.
1223 2953 1322 2991 haec
1356 2953 1474 2990 verba
1507 2964 1576 3001 pro
1601 2950 1841 3001 glossemate

976 3009 1059 3048 vult
1081 3009 1302 3060 exstirpari,
1329 3008 1432 3059 quod
1456 3010 1614 3060 praeter
1635 3020 1723 3045 eum
1747 3005 1841 3045 nulli

976 3066 1170 3117 interpreti
1194 3066 1247 3104 ita
1270 3065 1392 3103 visum
1418 3067 1489 3102 est.
1537 3061 1729 3114 Equidem
1755 3076 1841 3102 cum

976 3122 1086 3161 codd.
1113 3122 1288 3161 omnibus
1311 3121 1431 3159 verba
1453 3119 1636 3172 retineo.]

1548 3175 1639 3219 24*
