2155 3590
622 139 814 180 LIBER
843 139 916 180 vl.

976 138 1105 179 CAP.
1135 137 1302 178 XXIV.

1796 134 1876 178 481

83 250 222 293 stabat.
249 248 452 292 Vulcanus
478 264 640 291 coenam
667 251 877 304 coquebat,
905 251 1039 292 Horae
1063 250 1167 292 rosis
1192 256 1232 290 et
1256 247 1398 289 ceteris
1424 246 1584 286 floribus
1610 245 1880 300 purpurabant

82 306 230 357 omnia,
258 305 423 348 Gratiae
437 306 677 361 spargebant
689 307 876 356 balsama,
901 307 1043 348 Musae
1061 308 1082 333 *
1097 319 1250 361 quoque
1265 317 1409 345 canora
1424 302 1705 357 personabant,
1731 302 1875 357 Apollo

77 466 183 496 herae
195 467 217 497 f.
230 468 284 497 Al.
298 467 320 497 i.
335 476 362 497 e.
378 468 525 497 dominae
539 469 675 506 Veneri,
702 472 734 498 ut
754 470 807 498 nic
827 470 881 499 fiat
901 470 1075 499 distinctio.
1111 471 1151 498 Et
1165 468 1213 498 ita
1225 467 1277 496 vir
1289 468 1402 495 doctus
1416 465 1450 494 in
1463 471 1564 499 marg.
1577 465 1636 493 Ed.
1650 464 1778 493 Vicent.
1793 464 1874 493 Oud.

68 512 322 550 purpurabant,
338 513 459 541 omnia.
484 515 532 542 lta
546 514 716 549 distinguit
727 516 811 544 lunt.
828 517 856 544 1.
892 513 1103 552 spangebant
1114 514 1233 542 vitiose
1244 513 1371 542 Vicent.
1407 517 1487 538 voce
1499 517 1648 545 canora,
1673 509 1758 543 quod
1769 510 1794 538 Ι.
1808 509 1876 538 Gu-

73 559 172 587 lielm.
187 559 227 587 ad
241 559 348 587 Plaut.
362 559 449 587 Trin.
465 559 543 593 cap.
556 560 613 588 IV.
628 560 829 597 emendavit,
856 560 920 588 sibi
934 560 1070 595 arripuit
1083 567 1140 594 pro
1153 558 1237 587 mira
1249 565 1312 586 sua
1325 555 1514 591 arrogantia
1528 555 1701 583 xvasseus.
1726 555 1875 588 Expres-

72 606 160 632 serat
184 603 215 631 id
230 604 296 632 iam
309 605 404 632 Vulc.
420 605 449 632 2.
471 608 499 632 et
520 608 693 638 sequentes
714 605 789 633 dein
809 605 966 643 editores,
993 611 1033 634 ae
1045 605 1178 633 videtur
1195 603 1244 632 sic
1263 601 1394 632 exarari
1412 601 1446 629 in
1460 601 1495 629 F.
1514 601 1541 629 1.
1557 602 1587 628 et
1600 607 1648 636 p.‚
1674 600 1760 627 unde
1773 599 1874 627 Salm.

71 648 124 677 sui
137 648 213 676 libri
228 655 304 677 orae
317 649 448 678 adlevit.
475 649 568 678 Certe
581 649 799 685 Lindenbrog.
814 650 848 678 in
861 658 964 685 marg.
978 650 1027 678 ed.
1041 651 1182 678 Vulcan.
1198 648 1281 676 nihil
1295 645 1490 676 emendavit.
1515 646 1553 673 In
1566 647 1639 673 cett.
1653 644 1744 672 codd.
1759 646 1789 672 et
1803 643 1872 672 edd.

71 696 148 721 vett.
168 697 200 721 ut
221 693 255 722 in
274 694 310 722 F.
324 695 354 722 3.
369 695 404 722 G.
420 695 475 731 D.‚
502 702 582 728 quos
603 702 661 729 ego
681 701 869 729 comparare
881 695 986 733 potui,
1014 702 1144 732 quoque
1162 700 1294 721 canora
1312 691 1446 730 legitur,
1471 689 1538 719 nisi
1551 689 1633 724 quod
1647 695 1707 718 nec
1720 690 1801 718 haec
1814 695 1874 717 nec

67 737 128 768 illa
142 746 206 766 vox
219 738 441 773 conspiciatur
452 739 486 767 in
500 740 533 768 Ο.
582 736 722 776 Appollo
737 741 773 767 G.

67 895 185 933 agere
209 882 340 921 solere
360 883 589 933 interpretes
603 885 831 935 pronuntiat.
857 883 940 922 No·

63 942 147 976 stra
166 940 266 977 enim
284 938 479 977 sentiendi
499 941 772 991 cogitandique
790 941 939 978 ratione

62 1007 128 1032 res
143 1008 217 1033 non
233 998 295 1033 est
313 994 588 1047 expendenda,
615 997 755 1046 quibus
774 996 939 1047 plurima

63 1054 238 1089 veterum
275 1052 442 1090 lectione
490 1052 692 1090 tritissima
733 1056 937 1104 apparent.

62 1105 148 1157 Ego
163 1107 267 1145 Oud.
281 1109 514 1146 sententiam
528 1112 689 1147 secutus
704 1108 803 1147 haec
818 1109 936 1147 verba

61 1164 232 1216 retinui]

125 1264 329 1304 Vulcanus
342 1278 507 1304 coenam
522 1263 740 1317 coquebat.
762 1263 931 1316 [Rodius

60 1322 187 1358 vertit:
223 1321 379 1360 Vult-an
404 1321 512 1373 leyte
537 1335 609 1360 vor
635 1325 674 1358 et
699 1321 827 1359 locum
859 1333 931 1357 suo

58 1376 231 1427 periculo
251 1377 450 1416 emendat:
478 1377 590 1416 ct'bos
604 1377 814 1428 carpebat.
841 1375 931 1415 Edi-

57 1436 116 1471 tor
150 1432 445 1485 Goettingensis
488 1433 663 1484 pluribus
706 1433 807 1471 hanc
843 1446 930 1470 con-

55 1488 238 1528 iecturam
263 1503 349 1528 eum
369 1490 496 1527 verbis
512 1489 627 1527 Rodii
653 1488 839 1533 defendit,
866 1488 931 1538 qui

55 1558 172 1596 quum
203 1546 238 1583 in
271 1546 449 1584 versione
485 1559 559 1584 sua
595 1544 684 1583 nihil
724 1544 928 1590 addiderit,

55 1601 251 1651 putandus
277 1606 355 1647 est,
382 1603 468 1653 ipse
493 1602 607 1640 huius
627 1601 785 1640 fabulae
805 1601 929 1638 editor

53 1656 192 1696 fuisse.
246 1657 343 1697 Eius
376 1672 465 1697 vero
499 1658 737 1696 ratiocinatio
769 1671 817 1696 ea
848 1661 927 1695 est:

54 1713 257 1752 Vulcanus
281 1714 372 1753 lieet
391 1715 550 1753 deorum
572 1727 723 1765 coquus
742 1713 927 1752 nominari

52 1770 193 1821 possit,
208 1770 270 1809 hic
282 1775 411 1810 tamen
426 1771 476 1809 de
489 1775 577 1809 actu
592 1770 783 1821 coquendi
796 1783 926 1807 sermo

52 1839 146 1864 esse
159 1828 302 1877 nequit,
312 1828 416 1878 quod
430 1828 503 1866 eibi
516 1828 590 1866 iam
605 1826 927 1878 appositi,vinuna

51 1882 221 1921 infusum
245 1888 328 1922 erat
358 1897 574 1935 omnesque
598 1883 662 1920 dei
690 1884 837 1921 mensis
861 1896 927 1920 ac-

52 1939 272 1978 cubuerant.
331 1940 431 1979 Hinc
453 1941 543 1978 dicit
567 1939 698 1989 sequi,
726 1939 924 1978 cibosiani

53 1998 186 2033 coctos
201 1995 340 2041 fuisse,
351 2000 389 2034 et
403 1996 567 2034 Vulcani
583 2009 682 2033 nune
696 2008 804 2039 esse,
814 1995 925 2033 cibos

51 2063 226 2101 carpere.
239 2051 327 2090 Hoc
335 2056 539 2103 praeterea
547 2064 686 2089 munus
695 2052 791 2088 inter
799 2050 925 2088 officia

52 2106 217 2145 Vulcani
243 2107 369 2146 fuisse
393 2121 582 2159 apparere
607 2120 658 2145 ex
682 2107 797 2145 Hom.
817 2105 859 2145 Il.
885 2121 922 2145 α.

52 2166 145 2202 584.
172 2167 211 2202 et
240 2167 351 2209 597„
376 2165 442 2202 ubi
473 2163 605 2202 lunoni
635 2163 802 2213 aliisque
835 2162 920 2200 deis

51 2223 183 2257 nectar
225 2221 428 2270 praebeat,
479 2233 529 2257 ex
575 2218 736 2259 Lucian.
774 2218 919 2269 dialog.

50 2274 157 2313 deor.
180 2280 216 2316 5.
244 2289 277 2314 c.
293 2280 328 2316 2.
354 2290 390 2328 p.
406 2280 499 2317 213.
525 2277 590 2314 καὶ
615 2271 921 2327 ἀπηγορεύκασιν

49 2325 125 2382 ἄρα
144 2329 219 2382 ἦτε
232 2328 329 2384 ’Ήβη
343 2335 407 2371 καὶ
421 2329 663 2383 ὁἼΙφαιστος
682 2328 921 2381 διακονούμε-

48 2402 116 2426 roc.
141 2388 363 2427 AtHomeri
383 2389 494 2428 locus
508 2392 642 2426 contra
652 2388 823 2427 Rodium
837 2402 922 2439 pro-

49 2444 128 2490 bat,
137 2444 356 2484 Vulcanum
369 2446 456 2484 deis
470 2459 544 2483 non
559 2445 818 2489 ministrasse,
833 2445 924 2494 quia

48 2499 115 2538 ille
129 2499 333 2540 utIunonis
341 2503 434 2540 iram
448 2502 596 2547 leniret,
606 2505 735 2539 nectar
743 2502 922 2539 omnibus

49 2555 122 2594 diis
135 2555 318 2596 funderet
336 2572 421 2596 cum
435 2571 588 2596 summo
604 2558 684 2595 risu
704 2570 836 2595 eorum
872 2556 920 2595 cs.

48 2625 84 2650 V.
94 2615 186 2654 599.
201 2607 386 2666 ἄσβεστος
399 2613 433 2654 δ’
449 2608 509 2666 ἄρ’
522 2617 660 2666 ἐνῶρτο
674 2611 787 2665 γε”λως
799 2609 921 2663 μακά-

49 2683 154 2720 ρεσσι
178 2675 334 2718 θεοῖσιν,
358 2669 420 2717 Ὡς
435 2666 744 2720 ι’ὃ·ον”Ηφαιστον
764 2666 828 2709 διὰ
851 2665 920 2709 δώ-

49 2739 153 2775 ματα
165 2723 408 2767 ποιπνύοντα.
425 2727 586 2765 Lueiani
598 2739 688 2764 vero
704 2726 919 2765 auctoritati

50 2793 126 2819 non
150 2781 203 2819 ita
226 2783 388 2822 multum
412 2784 554 2829 tribuo,
586 2783 651 2833 qui
681 2782 843 2821 soi-sitan
870 2795 920 2820 ex

51 2835 222 2876 Homero
235 2852 308 2877 sua
322 2839 546 2891 depromsit.
572 2838 727 2878 Deinde
740 2838 817 2876 hoc
832 2852 920 2876 con-

51 2891 296 2933 siderandum
310 2900 394 2942 est,
419 2895 657 2940 Vulcanum,
684 2908 800 2945 quum
819 2895 921 2945 ignis

51 2951 162 2986 esset
184 2962 366 3000 praeses,
392 2953 489 2991 cibis
503 2951 718 3001 coquendis
733 2964 923 3002 praeesse

51 3004 238 3056 potuisse,
245 3011 285 3046 et
291 3020 525 3059 quamquam
534 3008 607 3046 cibi
616 3008 692 3047 iam
703 3008 803 3046 cocti
816 3010 925 3046 erant

52 3059 248 3112 epulaque
259 3069 463 3116 apparata,
487 3069 616 3103 tamen
637 3064 674 3102 in
688 3063 819 3103 culina
831 3063 924 3101 deo·

50 3129 134 3155 rum
158 3129 228 3168 per
251 3133 412 3160 coenam
435 3123 575 3174 ipsam,
600 3124 642 3160 ut
665 3133 832 3172 coquum
857 3119 924 3158 de·

999 885 1124 930 cebat,
1140 882 1268 921 omnia
1281 883 1350 920 rite
1364 892 1541 932 parasse.
1562 878 1703 917 Cetera
1716 890 1873 929 quoque

998 953 1099 991 quae
1124 939 1285 977 deorum
1298 940 1510 990 sequuntur
1523 935 1650 974 officia
1673 938 1767 974 ante
1782 947 1873 974 coe-

996 1010 1090 1034 nam
1126 999 1286 1046 peracta
1321 1007 1432 1039 esse,
1470 991 1679 1030 verisimile
1714 994 1796 1037 est,
1831 993 1873 1029 ut

996 1051 1129 1090 Horae
1154 1065 1288 1095 rosas,
1320 1050 1479 1089 Gratiae
1504 1047 1685 1087 balsama
1709 1059 1871 1099 sparge·

995 1111 1088 1145 rent.
1119 1107 1303 1157 Denique
1327 1120 1401 1143 non
1429 1103 1663 1154 negligenda
1683 1108 1747 1141 est
1776 1107 1870 1141 tem-

994 1177 1131 1215 porum
1163 1163 1324 1201 mutatio
1349 1160 1623 1205 ministrabat,
1655 1159 1870 1212 coquebat,

989 1220 1297 1271 purpurabant,
1313 1217 1577 1268 sparyebant,
1588 1215 1871 1267 personabant

993 1279 1033 1313 et
1070 1275 1269 1318 cantavit,
1306 1273 1486 1316 saltavit,
1525 1285 1601 1322 quo
1639 1271 1868 1322 imperfecto

993 1332 1233 1382 exprimitur,
1247 1342 1407 1368 munera
1421 1328 1520 1367 haee
1532 1328 1693 1366 istorum
1708 1327 1869 1366 deorum

994 1387 1117 1425 fuisse
1142 1385 1331 1438 propria]

1042 1487 1341 1539 purpurabant
1361 1486 1508 1524 omnia.
1536 1485 1785 1536 Purpurare
1804 1484 1868 1522 hic

989 1546 1116 1582 active
1140 1545 1310 1594 positum
1337 1546 1418 1587 est,
1456 1555 1534 1592 qua
1563 1544 1599 1579 in
1631 1554 1673 1578 re
1704 1541 1869 1592 praeivit

989 1600 1131 1638 Furius
1168 1600 1306 1638 Antias
1343 1598 1449 1650 apud
1486 1597 1590 1637 Gell.
1620 1596 1767 1636 XVIII.
1803 1600 1866 1637 11.

990 1658 1174 1709 Spiritus
1202 1657 1410 1696 Eurorum
1437 1655 1579 1694 viridis
1612 1667 1733 1706 quum
1763 1667 1866 1705 pur-

983 1718 1113 1765 purat
1139 1713 1284 1753 undas.
1312 1711 1487 1756 Tertius,
1514 1711 1578 1762 qui
1592 1709 1767 1755 affertur,
1794 1707 1866 1748 Co-

988 1770 1135 1807 lumell.
1166 1768 1218 1807 X.
1255 1773 1346 1809 101.
1375 1767 1484 1805 locus
1511 1780 1533 1805 a
1559 1767 1725 1805 lectione
1751 1765 1864 1804 codd.

988 1829 1065 1864 tam
1093 1826 1234 1863 dubius
1260 1828 1338 1869 est,
1364 1828 1406 1863 ut
1421 1823 1513 1861 nihil
1531 1822 1748 1861 liceatinde
1763 1835 1864 1861 com-

987 1882 1152 1932 probari.
1181 1880 1296 1934 [Met.
1312 1879 1363 1918 X.
1384 1894 1419 1931 p.
1437 1883 1530 1920 719.
1557 1878 1753 1929 Apuleius
1773 1892 1864 1916 neu-

987 1942 1130 1976 trorum
1155 1951 1263 1975 more
1288 1937 1490 1987 usurpavit
1509 1936 1721 1987 labiasque
1734 1935 1862 1973 modi·

987 2007 1055 2032 cas
1069 1993 1273 2032 ambrosio
1287 2006 1382 2031 rore
1389 1996 1684 2043 purpurantes.
1711 1991 1860 2028 Arnob.

986 2049 1035 2088 V.
1069 2063 1100 2088 e.
1128 2054 1166 2089 7.
1193 2053 1633 2100 purpurantesque
1662 2048 1704 2086 in
1729 2047 1862 2086 violas

986 2120 1111 2144 cruor
1124 2107 1293 2144 vertitur
1308 2106 1583 2156 interemptae.
1609 2103 1753 2142 Activa
1768 2116 1858 2141 vero

985 2161 1161 2200 vocabuli
1179 2161 1408 2212 significatio
1424 2173 1540 2211 quum
1561 2160 1751 2198 editorem
1762 2158 1859 2198 Iunt.

985 2223 1018 2258 1.
1047 2218 1214 2268 sugeret,
1240 2217 1414 2256 distinxit
1438 2216 1521 2255 ille:
1548 2217 1694 2255 Horae
1707 2217 1810 2255 rosis
1824 2220 1863 2254 et

983 2275 1125 2314 ceteris
1158 2274 1330 2327 floribus
1364 2273 1678 2325 purpurabant,
1724 2273 1859 2311 omnia

986 2331 1159 2371 Gratiae
1171 2330 1426 2382 sparyebant
1451 2330 1649 2374 balsama,
1675 2328 1782 2381 quod
1800 2331 1858 2366 ta-

983 2400 1070 2425 men
1109 2386 1196 2425 sen-i
1231 2400 1305 2425 non
1343 2389 1494 2437 potest,
1533 2386 1623 2437 quia
1652 2398 1811 2436 semper
1836 2398 1859 2422 a

983 2444 1137 2482 nomine
1168 2442 1321 2494 proprio
1353 2442 1533 2493 singulae
1571 2442 1859 2480 enuntiationes

984 2500 1177 2551 incipiunt.
1226 2498 1290 2538 De
1321 2512 1363 2537 re
1394 2498 1442 2538 cf.
1469 2497 1597 2538 Ursin.
1627 2498 1678 2538 ad
1704 2496 1857 2535 Ciacon.

983 2556 1033 2595 de
1061 2556 1156 2595 tricl.
1182 2571 1218 2608 p.
1246 2554 1367 2609 268]

1039 2670 1184 2710 Musae
1205 2682 1369 2722 quoque
1389 2681 1547 2708 canora
1562 2666 1856 2720 personabant.

978 2725 1301 2777 Ingeniosissima
1331 2729 1393 2763 est
1420 2723 1604 2763 Gulielmi
1636 2723 1859 2762 coniectura

980 2797 1078 2823 voce
1103 2796 1279 2827 canora,
1305 2795 1421 2832 quam
1440 2781 1476 2819 in
1492 2783 1640 2819 textum
1654 2793 1739 2818 cum
1753 2777 1857 2817 Oud.

982 2839 1150 2890 aliisque
1176 2838 1262 2876 edd.
1278 2838 1538 2888 recepissem,
1565 2837 1638 2874 nisi
1652 2835 1752 2874 Mss.
1768 2848 1856 2874 con-

983 2908 1128 2934 sensus
1153 2895 1342 2933 obstaret.
1393 2893 1475 2932 Sed
1506 2892 1696 2931 asterisco
1729 2891 1857 2930 locum

983 2955 1026 2990 ut
1048 2951 1206 2990 dubium
1231 2950 1447 2999 designavi.
1474 2950 1648 3001 Quoque
1670 2946 1860 2999 particula

984 3006 1091 3046 nulla
1114 3007 1261 3046 ratione
1286 3005 1444 3044 defendi
1469 3009 1619 3056 potest,
1651 3004 1741 3054 quia
1766 3004 1859 3055 quid

984 3063 1312 3102 hicsibivelitnon
1327 3059 1731 3112 intelligitur-,Deinde
1739 3060 1858 3098 totius

984 3119 1060 3158 loci
1082 3120 1178 3159 ratio
1204 3118 1396 3170 postulat,
1421 3121 1464 3156 ut
1482 3118 1652 3157 eliciatur
1670 3115 1735 3156 vel
1753 3115 1860 3155 aliud

1485 3185 1536 3227 31
