2155 3590
642 124 834 168 LIBER
863 125 891 166 1.
950 123 1077 165 CAP.
1106 123 1234 166 xxu.
1806 124 1860 166 65

4 262 6 268 ·
64 237 203 278 huius?
237 236 398 278 Lioeras
427 237 466 278 ei
492 250 518 277 a
544 235 737 278 Corintho
767 235 920 279 Demea
944 238 1110 293 scriptas
1135 238 1184 278 ad
1208 251 1296 279 eum
1321 238 1457 280 reddo.
1519 236 1624 278 Dum
1649 238 1856 287 annuntio,

3 292 5 318 3
60 293 201 348 inquit,
234 293 295 333 hic
324 293 466 334 ibidem
497 306 558 333 me
589 294 868 348 opperiminor.
928 293 984 335 Et
1012 309 1100 336 cum
1129 294 1232 335 dicto
1262 308 1421 336 rursum
1453 293 1604 335 foribus
1635 294 1860 348 oppessula-

3 355 5 357 '
60 350 110 391 tis
148 363 190 390 se
219 349 325 390 intro
356 349 580 405 capessivit.
640 348 800 391 Modico
829 350 968 392 deinde
997 364 1183 406 regressa
1207 350 1413 406 patefactis
1438 350 1606 391 foribus:
1642 349 1778 404 Rogat
1804 358 1856 400 te,

0 406 1 414 ¹
60 407 199 460 inquit.
256 405 375 446 Intuli
410 420 472 447 me
508 419 673 459 eumque
703 407 960 448 accubantem
990 408 1138 462 exiguo
1174 408 1381 449 admodum
1425 407 1631 462 grabatulo
1658 405 1665 461 Ι
1692 414 1731 447 et
1755 421 1858 447 com-

0 499 1 503 ,
59 464 213 503 modum
255 476 424 504 coenare
464 462 716 517 incipientem
751 462 927 504 invenio.
990 463 1208 505 Adsidebat
1243 465 1358 519 pedes
1396 478 1501 504 uxor
1543 471 1578 504 et
1617 477 1754 503 mensa
1789 476 1858 504 va-

60 533 132 559 cua
178 519 332 573 posita,
384 520 494 560 cuius
541 525 789 559 monstratu:
837 518 900 560 En
919 552 929 570 ‚
980 520 1133 574 inquit,
1186 521 1411 576 hospitium.
1485 518 1624 571 Bene,
1674 533 1772 573 ego:
1822 526 1861 560 et

57 646 104 676 ad
115 655 186 675 enm
200 656 265 676 non
277 652 324 677 est
339 648 371 677 in
384 649 423 677 R.
438 648 459 676 f.
473 650 508 677 0.
523 646 607 675 haec
618 645 737 675 ibidem
751 649 787 676 F.
805 650 832 676 1.
847 649 917 677 edd.
932 652 1008 677 vett.
1022 653 1151 684 praeter
1164 651 1213 678 ed.
1227 659 1274 686 pr.
1288 650 1416 680 Vicent.
1431 650 1546 679 Venet.
1563 650 1592 678 ’3.
1608 651 1638 677 4.
1687 647 1762 676 dum
1776 645 1861 676 haec

56 693 220 722 annuntio
240 694 351 731 inquit
368 691 423 721 laic
442 692 560 721 ibidem
573 695 611 722 R.
626 693 648 722 f.
696 701 747 720 me
766 695 877 722 exulat
891 694 925 722 in
937 695 1008 723 edd.
1021 696 1188 724 anteElm.
1237 694 1418 732 opesw'mz’no
1430 696 1507 725 Ra.
1518 696 1601 723 G.R.
1615 695 1638 723 f.
1652 693 1724 729 [sed
1739 694 1771 722 in
1785 695 1860 723 Ra.

55 747 75 766 r
94 746 116 768 a
132 747 173 768 m.
191 740 315 768 recenti
333 743 381 768 est
406 739 568 776 additum]
593 738 800 775 opere'minor
823 739 858 767 1⁴¹.
875 740 904 766 1.
930 739 967 767 P.
988 740 1025 767 B.
1051 741 1122 768 edd.
1141 746 1219 770 vett.
1240 745 1369 777 praeter
1386 742 1463 770 Ald-
1481 748 1566 775 quae
1584 742 1679 769 habet
1699 739 1860 776 operitur.

55 785 187 821 operire
206 785 242 813 0.
262 783 358 822 operi
373 784 474 812 ue'tm'o
494 785 530 813 Ρ.
548 792 590 813 ex
609 786 683 813 coll.
706 786 796 813 Grut.
817 782 913 820 open·
929 783 1064 811 minimo
1076 787 1114 814 L.
1128 786 1167 814 D.
1181 789 1368 824 opportune
1381 793 1417 814 π.
1465 792 1602 813 rursum
1615 793 1679 814 non
1696 790 1861 820 comparet

54 830 87 858 in
101 837 138 858 π.
175 828 401 867 oppessulat1's
412 831 450 859 F.
464 831 495 858 3.
509 831 566 858 sed
580 832 675 858 vetus
689 829 785 858 lectio
799 830 939 858 habebat
954 828 1202 866 oppessulatas.
1231 829 1422 869 pessulans
1435 831 1456 860 f.
1494 831 1763 867 v'nerocapessum
1776 831 1812 859 F.
1827 832 1858 858 3.

54 875 90 903 G.
110 875 145 904 P.
164 876 202 904 D.
222 876 259 904 L.
284 883 315 910 p.
342 875 363 904 f.
389 875 663 912 introcapessere
682 875 716 903 0.
735 874 828 902 intro
848 880 883 901 se
902 874 1053 910 capessit
1071 875 1175 906 Scriv.
1196 877 1280 906 Prie.
1300 876 1421 906 Florid.
1469 874 1632 904 modicum
1646 877 1683 905 L.
1731 873 1859 902 demum

51 920 205 957 ingressu
218 928 247 955 p.
281 920 422 959 foribus
436 928 493 956 pro
505 918 643 948 aedibus
656 921 694 948 R.
708 921 744 948 L.
760 919 782 947 f.
795 922 825 947 et
840 919 874 947 in
888 920 958 947 edd.
973 921 1140 949 amelium.
1159 927 1290 957 praeter
1300 924 1384 951 lunt.
1398 923 1428 950 2.
1439 918 1590 958 floribus
1603 922 1638 950 F.
1655 923 1685 950 1.
1732 919 1858 949 fnueili.

51 966 165 994 Venet.
179 968 210 994 4.
225 970 255 995 et
272 967 402 1000 aliquos
416 967 506 995 codd.
520 970 603 994 teste
616 965 708 993 Colv.
730 965 814 993 unde
828 965 917 993 Grut.
932 965 1096 998 Susp.1V.
1112 967 1141 995 9.
1156 968 1293 996 coniecit
1307 965 1453 995 intetulz'.
1502 964 1677 994 admodum
1692 974 1757 994 non
1770 970 1858 994 extat

51 1011 86 1038 in
104 1013 178 1040 coll.
198 1012 294 1041 Voss.
309 1013 347 1040 D.
368 1018 388 1040 a
406 1020 446 1040 m.
461 1020 492 1046 p.
506 1017 540 1044 0.
565 1011 586 1039 f.
606 1008 773 1038 commodo
794 1018 823 1044 p.
871 1009 1004 1036 invenio
1023 1011 1113 1038 abest
1135 1019 1153 1041 a
1167 1014 1204 1041 D.
1226 1020 1244 1041 a
1266 1020 1305 1041 m,
1324 1021 1355 1047 p.

50 1053 124 1082 laem
137 1063 173 1085 π.
187 1053 250 1084 heu
263 1057 303 1086 1).
316 1064 335 1086 a
349 1065 380 1092 p.
394 1064 434 1085 m.
447 1065 505 1092 pro
517 1063 567 1084 en.

108 1155 261 1195 Demea
307 1157 495 1208 scriptas.
547 1155 698 1207 [Verba
745 1156 923 1207 scriptas

49 1212 107 1251 ad
120 1226 206 1251 eum
225 1213 546 1264 interpretationis
569 1211 654 1250 loco
675 1212 809 1250 addita
828 1225 922 1250 esse

48 1272 184 1308 censet
206 1267 324 1314 Oud.,
351 1268 470 1307 fretus
490 1268 636 1319 aliquot
657 1268 770 1306 codd.
792 1273 921 1306 aucto-

47 1325 174 1370 ritate,
213 1339 312 1377 quos
343 1329 471 1363 tamen
502 1338 578 1362 non
594 1325 703 1419 &ti
730 1324 849 1369 facio,
882 1328 921 1362 ut

46 1381 166 1420 verba
205 1381 366 1420 eiiciam.
427 1381 598 1433 Saepius
667 1382 743 1419 nim
786 1394 917 1432 praep.

46 1451 73 1478 a
101 1451 186 1477 cum
217 1437 337 1477 ablat.
368 1439 527 1488 iungunt
557 1436 726 1476 Romani
758 1451 825 1488 pro
851 1450 921 1487 ge-

48 1495 162 1533 nitivo
199 1495 450 1539 substantivi,
488 1495 553 1533 ubi
590 1507 653 1532 res
685 1493 823 1534 alicubi
855 1494 920 1532 de-

45 1554 201 1603 sumpta
248 1550 309 1589 vel
358 1550 535 1602 prosecta
581 1552 822 1593 enunciaturz
871 1550 918 1589 cs.

44 1605 200 1647 Ruhnk.
237 1608 287 1648 ad
325 1607 413 1646 Ter.
448 1607 570 1646 Andr.
607 1606 634 1645 Ι.
676 1613 709 1648 1.
752 1610 841 1648 129.
881 1611 919 1645 et

45 1664 95 1702 ibi
126 1663 257 1703 Bentl.
289 1664 448 1715 Forbig.
491 1665 542 1704 ad
572 1663 727 1703 Lucret.
768 1663 813 1702 ll.
852 1668 916 1705 50.

44 1719 171 1760 Hand.
215 1719 382 1760 Turseli.
419 1720 446 1759 1.
493 1734 532 1772 p.
564 1724 628 1762 35.
672 1725 711 1759 et
748 1720 833 1759 lntt.
871 1720 919 1759 ad

43 1776 149 1829 Virg.
176 1778 318 1829 Georg.
345 1776 391 1815 ll.
419 1782 512 1818 243.
548 1777 731 1816 Brantius
756 1791 805 1816 ex
830 1778 920 1815 scri-

44 1837 155 1885 ptura
186 1837 292 1879 viro,
328 1835 434 1886 quod
465 1833 636 1872 nonnulli
669 1834 781 1873 codd.
814 1833 918 1871 exhi·

43 1890 160 1936 bent,
210 1904 285 1929 non
334 1890 436 1929 male
480 1891 644 1930 coniecit
693 1891 919 1934 duumviro,

44 1947 148 1998 quod
178 1948 283 1999 prius
316 1945 486 1985 llVIRO
518 1948 703 1998 scriptum
729 1947 918 1997 corrumpi

43 2001 227 2042 facillime
257 2007 419 2055 poterat.
469 2004 551 2042 Sed
583 2008 715 2043 contra
747 2002 917 2041 Florent.

44 2063 80 2100 3.
106 2059 199 2099 nihil
224 2060 480 2113 mutaverim]

101 2140 395 2193 opperiminor.
434 2137 654 2190 [Pluralem
687 2139 798 2184 (lixit,
829 2139 920 2190 quia

44 2209 182 2235 servus
208 2209 296 2234 eum
321 2196 358 2233 in
373 2193 587 2234 Thessalia
611 2197 818 2235 comitatus
843 2199 917 2234 est.

42 2252 91 2292 cf.
116 2252 167 2292 ad
191 2266 227 2304 p.
256 2251 339 2304 13.]

101 2346 141 2372 se
175 2333 285 2370 intro
323 2333 549 2384 capessivit.
597 2330 677 2384 [lta
719 2330 919 2370 emendavi

42 2402 94 2428 ex
118 2388 221 2428 Mss.
244 2388 416 2427 vlectione
443 2402 672 2441 capessam,
710 2401 811 2440 quae
838 2387 919 2426 nul-

43 2445 125 2485 lam
147 2445 309 2498 praebet
332 2445 578 2484 sententiam.
616 2444 681 2490 Se,
708 2444 812 2496 quod
831 2447 921 2482 ante

44 2501 201 2541 adverb.
237 2502 348 2541 intro
384 2502 518 2553 posui,
555 2501 821 2540 necessarium
857 2503 922 2538 est

43 2562 86 2597 et
118 2557 229 2598 >facili
276 2559 433 2610 negotio
475 2570 499 2595 a
539 2570 774 2609 praegressa
821 2571 838 2596 s
880 2555 921 2595 li-

42 2618 127 2654 tera
156 2615 280 2666 potuit
319 2614 531 2653 absorberi.
591 2614 658 2652 Sic
695 2614 823 2652 onmia
852 2615 922 2652 rite

43 2671 269 2725 procedunt.
300 2670 403 2710 Oud.
430 2682 586 2721 quoque
611 2671 834 2709 coniectura
854 2673 919 2723 fa-

44 2729 167 2768 carsit
194 2740 265 2779 per
289 2741 336 2766 se
361 2727 652 2778 comprobatur,
689 2740 765 2765 non
791 2725 920 2766 solum

44 2787 203 2837 propter
225 2784 477 2829 sententiam,
507 2783 554 2822 cf.
580 2783 676 2822 Met.
691 2782 737 2822 ll.
761 2796 800 2834 p.
830 2787 921 2824 124.

50 2843 142 2890 149.
171 2840 240 2880 Vl.
277 2854 315 2892 p.
347 2844 440 2882 401.
501 2839 570 2879 Sil.
607 2838 690 2878 Ital.
722 2839 790 2878 Xl.
832 2843 922 2881 107.

47 2896 150 2936 Non.
181 2911 219 2949 p.
246 2900 338 2938 306.
372 2897 512 2943 Mero,
548 2895 623 2934 sed
657 2899 815 2948 propter
852 2896 923 2935 fre-

48 2958 233 3004 quentem
263 2955 376 2992 etiam
415 2953 550 2992 horum
582 2952 857 2991 vocabulorum
887 2954 923 2992 in

45 3008 175 3050 codd.
210 3011 543 3062 permutationem.
604 3007 663 3048 lta
686 3010 772 3047 sine
807 3009 924 3049 dubio

50 3067 155 3118 apud
179 3065 274 3106 Tac.
300 3068 401 3106 Anu.
427 3066 534 3105 xlv,
562 3070 598 3106 3.
631 3064 838 3116 legendum
865 3070 926 3104 est

53 3124 176 3163 otium
216 3125 437 3175 facesseret
485 3122 543 3161 vcl
588 3126 826 3175 capesseret.
877 3122 924 3161 cs.

1398 1012 1491 1048 posit
1505 1013 1619 1041 Venet.
1640 1014 1670 1041 4.
1717 1009 1809 1038 lceem
1822 1011 1858 1040 0.

985 1155 1071 1194 lntt.
1102 1156 1151 1194 ad
1178 1156 1283 1207 Yirg.
1312 1157 1453 1207 Georg.
1482 1156 1546 1195 lV.
1573 1161 1667 1197 548.
1694 1160 1733 1194 et
1755 1155 1855 1195 Aen.

982 1211 1049 1250 IV.
1077 1213 1188 1264 295]

1035 1291 1209 1343 foribus.
1237 1291 1315 1343 [Ex
1342 1296 1435 1344 optt.
1461 1293 1575 1332 codd.
1600 1293 1676 1331 hoc
1694 1293 1857 1336 restitui,

983 1351 1123 1397 postea
1152 1349 1196 1385 in
1232 1349 1403 1388 aedibus
1439 1353 1730 1394 commutatum,
1767 1350 1857 1400 quia

982 1404 1229 1454 praecedens
1271 1405 1373 1443 idem
1418 1405 1648 1443 vocabulum
1692 1405 1856 1444 librariis

981 1459 1190 1499 offensioni
1216 1462 1327 1514 erat]

1037 1540 1159 1579 intuli
1182 1554 1252 1579 me..
1301 1540 1364 1579 De
1390 1541 1558 1579 dictione
1583 1540 1686 1580 Oud.
1712 1541 1857 1578 excitat

979 1595 1109 1635 Burm.
1155 1597 1204 1635 ad
1240 1597 1329 1636 val.
1374 1597 1503 1636 Flacc.
1542 1596 1568 1635 1.
1614 1601 1708 1638 488.
1746 1597 1855 1635 Suet.

980 1651 1094 1692 Caes.
1125 1657 1191 1693 81.
1230 1654 1300 1692 Sil.
1334 1653 1375 1693 lt.
1401 1653 1510 1693 Xw.
1552 1657 1642 1695 139.
1676 1653 1853 1705 [Ruhnk.

981 1709 1082 1748 Dict.
1109 1710 1160 1748 ad
1185 1710 1293 1748 suet.
1319 1725 1356 1762 p.
1388 1711 1495 1763 111.]

1038 1788 1257 1828 Assidebat
1286 1803 1406 1828 nator.
1447 1789 1505 1841 [ln
1538 1790 1722 1828 conviviis
1754 1790 1856 1827 enim

980 1846 1046 1883 viri
1072 1846 1107 1883 in
1134 1845 1246 1883 lectis
1268 1846 1457 1890 iacebant,
1483 1845 1666 1884 mulieres
1686 1847 1721 1884 in
1742 1845 1855 1884 sellis

979 1901 1184 1941 sedebant.
1243 1901 1396 1940 Monuit
1419 1901 1530 1953 Lips.
1557 1902 1607 1940 ad
1633 1901 1726 1940 Tac.
1756 1903 1853 1940 Ann.

978 1957 1046 1998 XL
1074 1963 1110 1999 2.
1142 1971 1230 1996 eum
1261 1972 1405 1996 morem
1437 1959 1542 2010 prius
1574 1959 1679 2010 apud
1709 1957 1857 1996 Roma-

980 2028 1052 2052 nos
1090 2015 1325 2060 obtinuisse,
1370 2019 1510 2065 postea
1546 2028 1636 2053 vero
1672 2015 1856 2053 mulieres

979 2071 1229 2116 accubuisse,
1254 2075 1296 2109 ut
1325 2085 1468 2109 uxores
1499 2072 1534 2109 in
1566 2072 1653 2109 sinu
1678 2072 1855 2115 virorum.

979 2128 1128 2166 amicae
1175 2128 1211 2166 in
1254 2129 1462 2166 amicorum
1512 2129 1757 2173 recubarent;
1806 2127 1855 2167 cl'.

977 2182 1068 2222 VV.
1100 2183 1191 2222 DD.
1230 2197 1330 2234 quos
1361 2184 1481 2223 affert.
1506 2184 1668 2235 Rupert.
1699 2185 1750 2223 ad
1776 2183 1855 2222 Iuv.

979 2238 1024 2278 ll.
1060 2244 1150 2282 120.
1177 2239 1310 2279 Testis
1336 2245 1398 2279 est
1422 2240 1547 2280 Van-0
1573 2241 1622 2278 de
1654 2241 1709 2279 rit.
1735 2239 1780 2279 P.
1806 2240 1856 2279 R.

979 2297 1083 2347 apud
1125 2296 1262 2335 Isidor.
1299 2296 1397 2342 XX,
1449 2302 1518 2342 11,
1568 2300 1606 2337 9.
1652 2297 1762 2336 Serv.
1805 2296 1855 2335 ad

979 2353 1079 2392 Aen.
1107 2352 1190 2392 Vll.
1229 2358 1319 2395 176.
1352 2352 1467 2392 Plura
1500 2353 1607 2392 (labit
1637 2352 1854 2391 Hanneken

979 2410 1015 2447 in
1041 2409 1141 2448 Cura
1164 2409 1266 2449 dom.
1291 2409 1407 2449 Rom.
1433 2410 1542 2448 Diss.
1569 2409 1614 2448 ll.
1641 2424 1673 2448 e.
1693 2409 1731 2450 4.
1753 2410 1858 2461 apud

980 2465 1154 2518 Salleng.
1167 2467 1204 2504 in
1220 2467 1359 2519 Suppl.
1376 2465 1497 2505 Thes.
1513 2465 1624 2505 Tum.
1639 2465 1665 2504 l.
1682 2480 1718 2517 p.
1737 2470 1856 2506 1279.

979 2519 1108 2562 Ursin.
1140 2522 1245 2574 App.
1278 2523 1328 2561 ad
1361 2522 1516 2561 Ciacon.
1550 2523 1600 2560 dc
1632 2520 1786 2560 Triclin.
1817 2535 1855 2573 p.

981 2582 1074 2620 244.
1112 2593 1172 2631 sq.
1207 2579 1350 2631 Bzzttig.
1389 2580 1483 2618 Sal».
1521 2579 1584 2618 Sc.
1615 2577 1719 2618 wll.
1758 2577 1855 2617 Tab.

980 2634 1067 2674 ΧΠ.
1100 2651 1135 2675 11.
1170 2641 1204 2676 1.
1238 2636 1287 2675 de
1320 2637 1512 2675 adsidere
1542 2650 1573 2674 c.
1599 2634 1695 2673 Acc.
1728 2635 1855 2674 iuncto

979 2691 1026 2731 cf.
1052 2692 1190 2732 Heius.
1217 2693 1266 2731 ad
1288 2693 1376 2730 val.
1404 2692 1599 2731 Flacc.V.
1627 2694 1720 2731 546.
1746 2691 1854 2742 Virg.

979 2748 1078 2788 Aen.
1104 2748 1171 2788 Xl.
1198 2753 1291 2791 311.
1319 2747 1420 2787 Cort.
1446 2749 1494 2787 ad
1520 2747 1602 2799 lug.
1630 2747 1712 2800 11.]

1038 2841 1135 2881 bene
1160 2840 1235 2892 [de
1259 2853 1306 2878 eo
1333 2838 1484 2884 dicitur,
1517 2839 1581 2888 qui
1606 2838 1766 2876 comiter
1791 2838 1856 2876 ob·

982 2897 1063 2937 lata
1109 2898 1251 2935 urbane
1301 2895 1454 2933 abnuit:
1510 2899 1550 2932 ut
1599 2895 1771 2948 benique
1819 2898 1856 2932 et

981 2959 1111 3000 ‘recte3
1147 2953 1194 2992 cs.
1234 2953 1350 2991 Gron.
1384 2951 1434 2989 ad
1462 2950 1586 2989 plaut.
1615 2949 1725 3001 Capt.
1753 2955 1791 2991 2.
1818 2955 1854 2991 2.

986 3004 1101 3051 105.”
1137 3009 1276 3048 Graeci
1298 3009 1427 3054 καλῶς
1451 3007 1648 3050 dicebant;
1675 3007 1721 3046 cf.
1736 3006 1854 3045 Yaik.

983 3066 1034 3105 ad
1057 3066 1207 3105 Phoen.
1235 3068 1327 3105 406.
1349 3063 1526 3103 Schmidt
1546 3063 1595 3103 ad
1616 3063 1708 3102 Hor.
1730 3062 1856 3115 Epist.

985 3122 1011 3162 Ι.
1037 3127 1074 3164 7.
1105 3122 1184 3174 16]

1628 3186 1653 3228 5
