2155 3590
681 138 870 178 LIBER
898 138 970 180 IV.
1030 138 1158 179 CAP.
1189 137 1262 179 VI.
1792 141 1877 185 227

80 249 214 302 exigui
243 249 417 289 tramites
443 250 529 290 vice
555 249 693 290 structi
721 252 881 304 parietis
907 252 1177 293 attenduntur.
1227 249 1289 290 Ea
1316 257 1356 290 tu
1388 250 1491 290 bono
1524 259 1630 292 certe
1661 266 1746 293 meo
1773 254 1875 307 peri-

79 307 164 346 culo
189 307 385 346 latronum
412 306 560 347 dixeris
586 306 701 346 atria.
740 306 826 348 Nec
851 308 965 348 iuxta
990 308 1220 362 quidquam,
1249 320 1362 360 quam
1388 320 1510 361 parva
1536 308 1668 348 casula
1695 310 1874 350 cannulis

79 369 224 403 temere
250 369 449 413 contecta,
478 377 553 416 quo
578 363 845 417 speculatores
871 379 892 405 e
917 379 1080 406 numero
1098 365 1316 416 latronum,
1345 370 1388 404 ut
1405 371 1541 418 postea
1561 366 1748 420 comperi,
1766 373 1874 407 sorte

77 419 180 458 duc-ti
206 419 384 459 noctibus
410 419 674 460 excubabant.

75 547 292 584 em’gm’ataest
308 548 404 577 asts.
429 548 574 585 erigucte
589 558 622 582 φ.
662 548 775 576 trahes
790 558 822 582 φ.
862 549 1058 579 tranu'tz’sD.
1074 548 1150 584 (sed
1166 549 1279 585 primis
1291 549 1410 578 litteris
1425 549 1635 578 tralineolae
1647 561 1694 576 z
1706 554 1778 579 sunl
1795 553 1874 579 suh-

75 593 232 628 scriptae,
258 600 340 627 quae
355 594 581 622 adlectionem
594 595 808 629 marginalem
822 602 866 621 ra
879 596 1053 630 pertinent,
1082 599 1115 623 ut
1129 603 1169 625 m.
1183 603 1210 624 s.
1230 595 1401 624 lectionem
1420 594 1531 622 Fulvii
1552 598 1580 622 et
1600 595 1791 624 Schikerad.
1812 604 1873 623 ra-

73 637 174 665 mices
188 638 354 667 indicasse
368 639 549 674 videatur.)
598 638 686 666 vices
701 641 736 669 G.
753 641 780 668 1.
796 641 826 668 2.
840 641 878 668 D.
893 640 927 668 Ο.
975 640 1079 667 vicem
1094 641 1129 669 P.
1177 637 1379 669 strictio&
1421 639 1576 675 parietes
1590 641 1665 668 G.2.
1680 641 1717 668 D.
1733 649 1763 675 p.
1811 649 1872 668 m·-

74 681 260 710 cenduntar
273 685 309 712 B.
346 683 498 711 aramum
513 681 541 712 δ.
557 692 610 718 pro
624 692 665 711 ea
680 687 714 712 tu
723 685 816 714 bmm.
841 684 924 712 hono
938 693 1005 714 am.
1017 694 1045 720 p.
1057 689 1103 714 est
1120 686 1198 714 inD.
1214 686 1270 713 sed
1279 684 1367 712 bona
1379 691 1446 713 am.
1456 693 1481 713 s.
1492 684 1524 712 in
1538 692 1639 720 marg.
1676 688 1768 712 cereo
1777 685 1871 712 modo

67 728 173 764 peric.
193 729 227 756 0.
247 735 267 756 a
280 737 309 763 p.
324 737 364 757 m.
386 733 414 758 et
429 727 458 758 δ.
507 732 599 756 cerlo
621 737 689 756 meo
705 730 726 759 f.
776 733 867 757 cet-le
888 738 937 756 me
952 731 985 758 F.
1000 731 1030 758 3.
1074 729 1231 766 pericula
1249 731 1285 759 G.
1302 731 1331 758 1.
1346 738 1388 757 ac
1400 729 1505 757 ina-ta
1517 731 1552 758 G.
1567 731 1596 758 1.
1611 737 1629 758 a
1644 738 1672 764 ι).
1687 738 1727 759 m.
1743 732 1798 759 sed
1813 739 1873 758 nec

72 781 172 803 am.s.
209 781 269 801 nec
286 772 379 801 iusta
387 775 535 804 Venet.‘.’.
573 775 690 803 cannis
699 777 773 804 αἱ).
784 776 865 804 RD.
892 778 1098 810 contextam.
1109 773 1136 804 ὃ.
1175 773 1416 813 quaspecul.0.
1453 772 1740 804 sorteeleceid·.ex
1749 778 1871 812 glossa.

70 873 222 911 tuimus.
239 873 596 912 Sententiamutata
608 878 750 924 postea
765 875 813 912 ita
829 874 939 925 legit:

71 930 194 968 turris
218 930 373 974 ardna,
401 931 522 969 could
545 932 666 983 firmrt
691 931 836 970 solidis
851 944 939 969 cra-

69 986 192 1031 tibus,
219 986 315 1024 ovili
339 987 609 1025 stabulationi
634 987 849 1026 commodet
875 987 938 1024 vel

70 1042 190 1080 caula
212 1044 330 1095 firma
356 1047 413 1081 est
435 1043 507 1081 sol.
535 1048 635 1082 crat.
657 1047 744 1082 cett.
772 1043 935 1082 Haecli-

69 1102 131 1136 cet
164 1112 236 1135 non
264 1098 515 1149 displiceant,
545 1099 646 1138 Mss.
672 1103 799 1137 tamen
825 1113 936 1138 secu-

67 1158 131 1191 tus
169 1156 337 1205 optimos
374 1155 476 1193 hunc
515 1155 640 1193 locum
678 1156 731 1193 ita
774 1156 938 1194 correxi:

67 1212 193 1249 turris
207 1211 360 1256 ardua,
376 1211 523 1250 naulae
537 1211 654 1258 (Mss.
672 1213 805 1260 caule)
817 1214 938 1264 firma

65 1267 209 1305 solidis
222 1268 413 1312 cratibus,
441 1268 536 1306 ovili
548 1268 821 1307 stabulatione
835 1281 936 1305 com-

64 1323 200 1368 moda,
221 1325 430 1374 parret-tls
453 1323 638 1375 umlae'quc
663 1324 868 1368 lateribus,
895 1327 936 1361 ut

64 1380 256 1417 sententia
270 1379 455 1418 efficiatur
469 1393 534 1418 ea:
561 1379 692 1417 Turris
706 1384 788 1417 erat
802 1380 933 1425 ardua,

64 1448 229 1487 eamque
254 1435 503 1474 circumdedit
523 1437 633 1486 quasi
652 1436 806 1474 firmans
822 1435 933 1474 caula

63 1492 200 1530 solidis
215 1492 381 1530 cratibus
407 1496 526 1538 texta,
553 1496 591 1529 et
614 1493 823 1530 stabulatio
851 1496 932 1530 erat

63 1549 200 1587 ovibus
232 1549 527 1587 accommodata
558 1553 597 1587 et
620 1548 738 1587 utilis,
788 1549 931 1588 Turris

63 1606 196 1644 ardua
228 1605 496 1655 coniungenda
528 1619 623 1643 esse
654 1605 792 1656 probat
822 1609 929 1643 ante-

62 1662 210 1700 cedens
235 1662 465 1700 vocabulum
493 1663 680 1714 Insuryit,
711 1662 807 1700 ovili
831 1662 932 1701 stab.

63 1718 274 1757 commoda
300 1722 389 1757 sunt
413 1718 569 1757 ablativi
596 1732 696 1769 quos
722 1718 855 1756 dicunt
868 1719 931 1757 ab·

61 1774 186 1813 soluti.
218 1775 347 1815 Caula
370 1788 461 1813 vero
487 1775 549 1813 hic
573 1774 813 1813 retinendum
840 1788 933 1812 esse

61 1832 263 1882 sequentia
287 1832 453 1882 probant
477 1835 515 1869 et
541 1832 717 1870 vocabuli
743 1831 932 1882 signitica-

58 1889 124 1926 tio.
151 1887 199 1926 cf.
226 1886 337 1926 Fest.
364 1902 395 1927 s,
418 1901 449 1926 v.
476 1902 511 1940 p.
539 1892 603 1930 36.
629 1887 808 1927 Lindem.
835 1901 927 1926 can-

61 1945 124 1983 lae
141 1959 165 1983 α
186 1958 285 1983 caro
300 1946 449 1983 (lidae.
469 1945 706 1997 Antiquitas
719 1945 821 1983 em’m
834 1949 928 1982 {mtc

60 2015 171 2040 nsum
197 2006 392 2040 tectorum
418 2015 506 2039 ores
530 2003 571 2039 in
604 2003 732 2040 (miris
763 2000 927 2039 clande-

61 2058 220 2096 banlur.
255 2056 365 2095 Serv.
402 2057 451 2095 ad
482 2057 590 2107 Virg.
629 2058 729 2095 Aen.
761 2056 827 2094 lx.
861 2059 924 2096 60.

61 2113 207 2152 enulae
232 2115 471 2152 mmzimenta
497 2118 535 2152 et
556 2118 673 2165 septa
700 2114 830 2152 orium
877 2112 925 2151 cs.

59 2169 142 2207 lntt.
175 2169 226 2207 ad
250 2168 357 2207 Fest.
392 2169 415 2208 Ι.
442 2183 472 2207 c.
504 2183 540 2221 p.
568 2173 659 2210 366.
686 2169 864 2208 Lindem.
890 2172 928 2206 et

60 2225 203 2265 caulae
226 2225 386 2264 solidae
411 2231 540 2264 crates
564 2229 654 2264 sunt
677 2229 821 2271 textae,
848 2226 926 2276 qui-

57 2282 132 2320 bus
157 2281 353 2320 stabulum
381 2283 482 2320 ovile
501 2283 724 2320 continetur.
751 2281 792 2319 ld
812 2295 925 2320 unum

58 2352 218 2384 mones),
247 2338 398 2377 Charis.
413 2337 439 2376 Ι.
465 2353 503 2390 p.
530 2343 593 2380 20.
623 2339 745 2378 caula
764 2340 859 2376 inter
880 2352 927 2376 ea

57 2408 286 2433 numerasse
316 2396 579 2441 substantiva,
619 2408 776 2446 quorum
803 2394 926 2446 plura-

58 2451 106 2489 lis
139 2455 285 2489 tantum
311 2453 346 2489 in
372 2465 445 2489 usu
471 2453 539 2497 sit,
567 2452 684 2502 idque
709 2465 844 2490 omnes
868 2464 924 2488 re-

58 2508 185 2559 liquos
215 2511 387 2546 veterum
419 2508 528 2546 locos
559 2507 790 2546 confirmant.
839 2507 924 2546 Ma-

57 2564 116 2615 gis
146 2568 273 2602 tamen
305 2578 366 2602 me
397 2569 540 2603 vexant
570 2565 687 2602 verba
717 2565 924 2615 porrectis

57 2621 238 2674 unch'qne
268 2621 481 2667 lateribus,
520 2635 620 2673 quae
657 2620 748 2671 quid
784 2620 923 2671 signiti-

58 2681 159 2724 cent,
186 2691 297 2715 nemo
319 2679 563 2729 interpretum
584 2677 712 2716 adhuc
731 2677 921 2728 exposuit.

58 2733 204 2772 Suntne
247 2734 367 2773 latera
408 2736 584 2780 cratium,
629 2747 728 2785 quae
770 2746 924 2784 quaque

58 2802 210 2829 versum
241 2790 519 2829 extenduntur?
567 2790 632 2829 Ad
668 2790 815 2835 turrim,
852 2790 924 2827 nisi

58 2845 186 2894 fallor,
217 2847 316 2887 haec
347 2848 466 2886 verba
496 2851 586 2885 sunt
615 2845 819 2885 reserenda
848 2846 922 2884 sed

57 2902 109 2940 ita
131 2906 359 2943 sententiam
385 2918 458 2942 non
485 2903 664 2942 efficiunt.
702 2902 805 2949 Quid
830 2915 919 2940 vero

60 2959 131 2996 sibi
153 2960 285 2999 volunt
310 2961 431 2999 latera
454 2960 566 3000 turris
597 2960 766 3011 undique
791 2972 918 3010 porre-

61 3014 143 3052 cta?
156 3015 288 3056 Ardua
300 3018 414 3055 etiam
432 3018 557 3055 omnia
571 3015 919 3067 circumspicientia

60 3083 150 3110 esse
183 3086 255 3112 non
292 3078 474 3126 possunt,
513 3087 628 3124 quum
660 3073 733 3111 iam
759 3076 918 3117 antrum,

58 3125 94 3166 in
125 3141 197 3180 quo
229 3130 399 3170 latrones
430 3131 669 3177 habitabant,
705 3133 825 3168 totam
862 3143 916 3167 re-

999 874 1154 924 gionem
1191 874 1424 925 despiceret.
1485 873 1586 913 Hinc
1621 875 1870 913 scribendum

998 930 1124 968 iudico
1160 932 1402 982 praeruptt‘s
1438 931 1621 983 undique
1663 931 1868 970 lateribus.

997 985 1172 1024 Priorem
1209 987 1441 1025 sententiam
1477 991 1638 1025 secutus
1681 988 1869 1038 interpres

996 1042 1262 1093 francogallus
1293 1043 1423 1080 vertit:
1461 1057 1508 1081 on
1536 1045 1668 1094 voyoit
1691 1057 1766 1082 une
1791 1057 1868 1082 ma-

997 1099 1101 1136 nieoe
1132 1099 1181 1136 (le
1208 1099 1298 1144 sort,
1332 1103 1500 1137 soutenu
1533 1113 1601 1150 par
1626 1099 1676 1137 de
1702 1113 1868 1149 grossas

999 1155 1133 1205 pieces
1164 1155 1213 1193 de
1244 1156 1331 1193 bois
1371 1154 1444 1205 [cf.
1477 1155 1597 1194 Sallu.
1630 1156 1679 1194 ad
1708 1157 1866 1207 Vopisc.

998 1210 1121 1249 Carin.
1148 1210 1173 1248 1.
1200 1225 1238 1262 p.
1264 1210 1374 1262 802]
1408 1214 1616 1249 enviroune'
1648 1212 1696 1250 (le
1729 1212 1867 1264 clayes

996 1267 1083 1304 bien
1118 1268 1257 1304 iointes
1290 1267 1511 1312 ensemble,
1545 1267 1637 1306 dont
1669 1268 1727 1307 les
1759 1271 1866 1308 cotes

993 1322 1083 1374 plus
1109 1323 1275 1361 etendus
1302 1327 1340 1361 et
1365 1322 1642 1374 s'elargissans
1663 1324 1868 1364 laissaient

992 1392 1041 1416 un
1074 1392 1222 1430 espace
1251 1392 1392 1430 propre
1425 1380 1448 1416 a
1479 1380 1611 1418 retirer
1636 1380 1685 1419 du
1712 1382 1864 1435 hemit]

1049 1437 1239 1475 tramites.
1295 1435 1474 1487 [Retinui
1511 1435 1610 1474 hanc
1648 1437 1865 1483 lectionem.

991 1505 1105 1542 quam
1116 1491 1225 1530 Fulv.
1236 1495 1274 1530 et
1283 1491 1510 1530 Schikerad.
1522 1493 1556 1530 in
1571 1494 1752 1538 ramices,
1763 1494 1864 1534 Oud.

988 1549 1024 1586 in
1065 1549 1237 1587 termites
1273 1549 1553 1593 commutabat,
1592 1550 1696 1599 quod
1733 1555 1865 1590 auctor

990 1605 1166 1642 innueret
1179 1619 1312 1657 sepem
1327 1604 1474 1643 foribus
1495 1610 1753 1656 praetentam,
1782 1610 1865 1647 rice

991 1662 1136 1700 structi
1155 1663 1350 1712 parietis,
1377 1675 1399 1699 a
1425 1676 1499 1711 qua
1526 1662 1575 1700 ad
1597 1665 1712 1714 fores
1730 1677 1863 1702 verum

992 1721 1102 1755 esset
1138 1719 1299 1757 atrinm.
1357 1717 1417 1755 Ex
1456 1717 1517 1755 his
1554 1720 1665 1769 igitur
1701 1722 1862 1759 vocibus

991 1778 1298 1812 consentaneum
1324 1788 1434 1819 esse,
1467 1775 1577 1826 ipsos
1602 1775 1731 1814 aditus
1756 1781 1862 1815 artos

990 1830 1053 1868 vel
1091 1830 1292 1868 saltuosos
1330 1845 1404 1868 nou
1443 1844 1536 1869 esse
1574 1831 1860 1883 intelligendos,

988 1887 1070 1925 Sed
1095 1891 1201 1926 recte
1227 1886 1324 1925 Pric.
1352 1887 1478 1925 locum
1505 1888 1723 1939 explicavit,
1762 1892 1860 1930 Tra-

985 1945 1096 1982 me'les
1121 1944 1266 1995 eoet'ynz'
1291 1948 1381 1982 sunt
1406 1944 1491 1982 viae
1519 1949 1711 1995 augustae
1736 1950 1775 1984 et
1799 1960 1860 1985 sa—

985 2000 1035 2038 tis
1062 1999 1259 2045 difficiles,
1288 2013 1388 2050 quae
1415 2014 1531 2051 quum
1558 2001 1677 2040 instar
1700 2004 1858 2053 parietis

986 2059 1122 2093 esseut
1147 2069 1167 2092 a
1194 2056 1407 2095 latronibus
1433 2060 1654 2096 exstructae
1680 2062 1718 2096 et
1742 2073 1859 2110 agge-

985 2116 1110 2157 ratae,
1137 2115 1178 2149 ut
1202 2112 1346 2150 vallum
1372 2114 1484 2163 quasi
1510 2113 1723 2161 efficerent,
1749 2129 1857 2155 acce-

987 2168 1126 2207 dentes
1153 2169 1449 2221 impediebant]

1043 2231 1243 2265 contecta.
1271 2225 1401 2277 [Hanc
1416 2226 1619 2265 lectionem
1635 2227 1742 2266 alteri
1758 2243 1856 2268 con-

986 2286 1138 2320 textam
1165 2295 1211 2319 eo
1237 2282 1415 2333 praetuli,
1443 2283 1546 2334 quod
1568 2285 1615 2322 ab
1637 2286 1792 2335 optimis
1814 2286 1854 2324 li·

984 2339 1062 2376 bris
1082 2339 1300 2390 praebetur.
1338 2337 1416 2376 Per
1433 2353 1479 2377 se
1500 2343 1701 2392 utrumque
1721 2346 1854 2392 potest

984 2396 1222 2445 comprobari
1247 2394 1294 2434 cs.
1321 2394 1434 2433 Ovid.
1460 2396 1558 2435 Met.
1574 2397 1621 2435 V.
1648 2399 1741 2438 448.
1769 2404 1852 2438 tea:-

984 2455 1063 2490 tam
1077 2453 1267 2490 stramine
1287 2483 1295 2491 .
1311 2482 1342 2491 ..
1365 2466 1510 2491 casam.
1534 2453 1678 2491 Lucan.
1695 2455 1742 2493 Y.
1759 2456 1852 2496 517.

983 2521 1197 2560 cannaque
1210 2509 1368 2547 intexta
1378 2509 1587 2560 pallustri.
1615 2509 1726 2549 Caes.
1741 2511 1787 2550 B.
1804 2511 1852 2550 G.

983 2563 1026 2602 ll.
1046 2568 1106 2603 17.
1134 2578 1234 2614 quos
1260 2564 1370 2603 locos
1397 2579 1533 2603 omncs
1553 2565 1653 2604 Oud.
1681 2567 1850 2606 contulit.

980 2619 1024 2658 ld
1061 2622 1159 2658 euim
1197 2622 1409 2672 quaeritur,
1448 2625 1570 2660 utrum
1603 2627 1684 2660 tota
1715 2624 1851 2662 casula

981 2677 1112 2715 cannis
1128 2682 1210 2716 erat
1230 2678 1426 2723 confecta,
1453 2693 1499 2716 au
1515 2679 1561 2716 iis
1576 2683 1719 2717 tantum
1735 2683 1848 2719 tecta.

983 2732 1174 2772 Fortasse
1210 2749 1259 2773 ea
1295 2748 1343 2772 cx
1381 2734 1460 2772 luto
1493 2735 1555 2772 vel
1586 2735 1690 2786 ligno
1723 2736 1849 2775 aliave

981 2791 1140 2829 materia
1171 2795 1252 2829 erat
1282 2795 1496 2837 exstructa,
1528 2791 1601 2829 sed
1632 2805 1679 2830 ne
1704 2792 1848 2832 iniuriis

979 2849 1254 2899 tempestatum
1281 2848 1393 2886 nimis
1413 2848 1595 2899 exposita
1615 2853 1735 2895 esset,
1762 2863 1847 2889 can-

979 2903 1037 2941 nis
1064 2907 1101 2942 et
1125 2907 1335 2943 stramento
1361 2907 1441 2942 erat
1465 2904 1632 2955 undique
1658 2909 1846 2946 contecta.

975 2958 1027 2997 Et
1057 2960 1159 2999 unde
1192 2961 1343 3007 asinus,
1376 2961 1438 3010 qui
1470 2960 1646 2999 celeriter
1671 2961 1846 3002 casulam

976 3018 1169 3067 praeteriit
1205 3020 1243 3054 et
1280 3020 1419 3067 postea
1460 3016 1632 3063 demum,
1669 3019 1729 3057 cui
1758 3022 1844 3058 usui

977 3077 1089 3111 esset
1113 3074 1316 3125 comperit,
1343 3073 1473 3111 statim
1504 3076 1750 3124 pronuntiare
1775 3091 1842 3128 po-

975 3133 1091 3178 terat,
1124 3130 1256 3168 cannis
1283 3143 1368 3169 eam
1394 3142 1487 3168 esse
1519 3135 1663 3171 temere
1687 3137 1843 3172 contex—

1489 3187 1576 3228 15*
