2155 3590
581 153 763 193 LIBER
793 153 866 193 vl.
926 149 1052 191 CAP.
1077 147 1270 190 XXXII.
1733 141 1814 184 515

28 266 232 317 habitabit,
261 272 340 305 tum
362 266 512 306 foetore
536 266 652 305 nimio
673 279 790 306 nares
812 271 982 312 aestuet,
1008 262 1162 303 inediae
1182 259 1354 301 diutinae
1374 256 1480 298 letali
1502 256 1602 296 same
1623 254 1813 304 tabescet,

26 337 96 364 nec
127 322 208 363 suis
240 322 377 362 saltem
408 322 542 362 liberis
573 322 752 362 manibus
786 329 949 362 mortem
983 320 1057 360 sibi
1090 317 1284 358 fabricare
1309 313 1465 368 poterit.
1513 311 1676 352 Talibus
1703 310 1815 350 dictis

26 393 102 419 non
128 378 309 432 pedihus,
338 378 404 418 sed
431 379 523 419 totis
549 378 689 419 animis
716 379 890 418 latrones
916 377 956 417 iu
982 376 1066 416 eius
1090 375 1241 416 vadunt
1264 372 1513 412 sententiam.
1565 367 1693 421 Quam
1718 366 1815 406 meis

26 443 101 530 [apii
138 435 290 488 magnis
328 435 488 475 auribus
525 435 741 489 accipiens,
782 435 870 488 quid
898 434 1022 483 aliud,
1062 444 1177 486 quam
1214 442 1341 469 mcum
1374 425 1589 466 crastinum
1628 423 1815 463 deflebam

24 505 66 531 ca
97 494 218 532 aver?

20 617 189 647 habitarit
212 621 296 648 Iunt.
325 621 352 648 1.
378 620 454 648 Am.
505 622 584 647 lunc
597 621 710 648 Vellet.
726 622 754 648 2’.
768 621 852 647 Iuni.
870 621 896 648 l.
913 619 1031 647 2.A111.
1081 624 1153 644 cnm
1174 617 1209 644 G.
1222 617 1254 643 2.
1276 615 1311 642 P.
1326 614 1364 641 D.
1411 611 1538 638 nareae
1555 609 1593 637 D.
1621 614 1677 641 pro
1704 613 1817 635 'lare’-

20 667 154 692 ⁰⁸⁸⁶!ss
166 666 201 693 F·
218 666 247 692 ¹-
261 666 292 693 3-
329 667 437 692 essue!
452 673 479 699 Ι).
518 667 674 692 aestuent
692 667 732 693 D·
748 666 783 693 P.
800 667 834 692 G.
851 666 880 692 ἱ).
896 665 931 693 0.
950 663 968 692 f.
985 660 1013 691 δ.
1028 670 1064 690 π.
1079 666 1108 690 el
1122 662 1158 690 F.
1178 662 1204 689 1.
1225 663 1304 688 teste
1321 659 1405 686 Elm.
1431 654 1513 690 (sed
1531 654 1565 682 in
1584 651 1818 686 Lindenbrogii

19 710 192 738 collatione
204 710 407 738 emendatum
422 713 467 737 est
483 710 632 744 aestuet)
660 712 812 736 estruem!
828 711 863 738 G.
882 711 908 738 1.
924 716 943 737 a
955 716 1038 742 n1.p.
1064 708 1199 734 escuem
1212 712 1232 734 a
1245 712 1284 733 m.
1299 712 1325 732 S.
1351 699 1522 729 aestuabit
1537 700 1572 728 Β.
1592 699 1628 727 In
1642 700 1714 725 cett.
1728 696 1819 724 codd.

18 758 46 782 et
62 756 130 783 edd.
146 754 361 782 aestuabunt.
398 753 526 781 mediae
539 763 593 789 pro
607 752 874 783 fuminavit-ent.
903 753 959 781 din
976 753 1041 780 tice
1056 754 1092 781 G.
1104 753 1131 780 1.
1145 758 1165 779 a
1178 758 1219 779 m.
1234 758 1264 785 p.
1293 746 1534 787 famaVicent.
1568 741 1733 770 tabesscet
1743 742 1777 769 G.
1788 740 1818 770 1.

15 798 181 827 invadant
195 801 230 829 0.
256 800 296 828 cf.
318 801 440 828 Gruter.
461 801 556 828 Misce.
574 802 655 828 Nor.
674 800 765 835 Lips.
784 801 856 828 Vol.
868 801 922 828 111.
942 800 978 828 Ρ.
993 800 1023 827 3.
1044 806 1074 832 p.
1088 798 1164 825 509.
1213 801 1312 834 quum
1325 791 1406 820 meis
1427 788 1455 820 δ.
1493 786 1623 827 flebam
1637 788 1673 816 G.
1689 788 1718 815 1.
1733 787 1768 814 Ο.
1782 792 1818 814 π.

74 921 191 946 nares
210 915 370 948 aestuel.
407 909 480 961 [lta
494 910 527 947 in
543 913 648 947 textu
666 909 885 960 ponendum

16 966 161 1008 curavi,
177 966 265 1014 quia
278 966 326 1003 al»
342 967 567 1016 optimorum
582 966 693 1004 codd.
709 966 884 1015 vestigiis

16 1020 168 1069 long-rius
193 1021 375 1059 recedere
400 1022 516 1060 nolui.
563 1021 884 1072 Locupletissimi

15 1076 114 1113 enim
129 1077 229 1114 Mss.
245 1092 359 1128 quum
373 1077 606 1129 singularem
621 1083 777 1117 aestuet
796 1091 883 1116 con-

14 1133 882 1183 stanterretineant.sormamsingularisnaris,

14 1202 113 1239 quae
139 1190 321 1240 exemplo
341 1190 464 1228 Macri
486 1190 588 1240 apud
612 1189 759 1227 (haus.
776 1189 800 1227 Ι.
816 1193 881 1229 82.

13 1243 420 1291 Putsch.(lesen‹litur‚
447 1247 594 1283 restitui
615 1246 752 1296 possit.
779 1244 882 1283 ‘Nam

13 1301 251 1350 probabilius
295 1305 379 1340 est.
426 1301 600 1339 librarios
643 1300 879 1351 singularem

12 1358 124 1395 naris
160 1358 194 1395 in
233 1370 353 1395 nares
384 1361 421 1394 et
451 1362 604 1396 aestuet
634 1358 668 1394 in
701 1361 882 1395 aestuent

12 1418 292 1458 commutasse,
320 1427 434 1463 quam
455 1413 539 1450 vice
555 1426 679 1450 versa.
709 1412 761 1450 {ta
781 1425 882 1450 nare

11 1469 103 1506 dixit
129 1469 247 1520 Apul.
272 1469 368 1508 Mer.
396 1469 480 1507 Vll.
507 1483 542 1519 p.
570 1473 661 1509 462.
689 1473 878 1508 contorta

12 1530 50 1564 et
74 1527 319 1576 vituperanti
350 1539 467 1564 nare
498 1526 680 1564 discessit
711 1529 752 1563 et.
776 1523 877 1562 Vffl.

9 1594 46 1632 p.
61 1585 153 1622 577.
179 1596 294 1620 nare
314 1583 485 1620 detorta.
513 1581 757 1632 singularem
773 1593 879 1631 prae-

9 1642 116 1676 terea
128 1637 274 1688 flagitat
287 1638 524 1676 concinnitas
545 1638 746 1681 enuntiati,
775 1636 879 1687 quod

9 1694 150 1744 ubique
165 1694 265 1732 lmnc
279 1708 475 1732 numerum
492 1694 652 1744 profert:
680 1693 880 1732 habitabit

9 1772 63 1777 ——-
85 1750 263 1789 tabescet
288 1774 337 1778 -
357 1752 525 1802 poterit.
572 1751 627 1788 At
657 1764 741 1788 cum
775 1749 876 1787 Ond.

7 1806 138 1858 potius
163 1821 282 1845 nares
302 1820 369 1857 pro
383 1807 604 1845 accusativo
621 1820 735 1857 quem
749 1806 877 1843 dicunt

9 1875 150 1913 graeco
164 1862 321 1909 habere.
334 1867 375 1900 ut
389 1867 556 1902 tremere
569 1865 734 1907 viscera,
743 1875 877 1913 (senua

12 1920 194 1971 quatior,
232 1933 279 1956 eo
313 1933 411 1956 nunc
447 1919 637 1963 iubemur,
675 1920 764 1969 quia
789 1918 879 1955 sul)-

9 1975 94 2013 iecti
111 1976 267 2013 mutatio
284 1990 354 2012 nos
369 1974 593 2012 offenderet.
621 1975 700 2011 Sed
715 1976 879 2025 ingenue

9 2031 264 2069 confitendum
296 2035 374 2075 est,
406 2044 454 2068 ne
487 2030 562 2068 hoc
594 2031 749 2080 quidem
776 2043 877 2067 com-

10 2088 178 2137 probari,
204 2087 305 2125 unde
327 2087 451 2125 locum
473 2090 689 2137 corruptum
713 2099 805 2123 esse
825 2085 878 2121 iu-

10 2143 107 2181 dico.
133 2143 220 2181 Huc
232 2143 393 2188 accedit,
414 2142 515 2192 quod
531 2142 645 2181 codd.
659 2145 880 2180 constanter

10 2204 189 2239 aestuent
218 2199 283 2236 vel
314 2203 465 2238 aestuet
501 2198 739 2248 praeferunt,
778 2211 879 2248 quae

10 2255 131 2293 forma
155 2269 270 2306 quum
298 2255 460 2293 librariis
486 2254 726 2305 displiceret,
753 2253 814 2291 vel
841 2253 876 2291 in

10 2312 210 2350 aestuabit
244 2312 308 2349 vel
346 2311 585 2350 aestuabunt
622 2315 769 2349 mutata
803 2314 877 2348 est.

12 2368 207 2407 Acstuare
232 2381 301 2418 per
324 2381 370 2405 se
396 2368 557 2418 probum
583 2371 661 2413 est,
694 2367 798 2417 qnod
829 2367 879 2404 de

9 2437 149 2474 magna
173 2423 413 2462 multitudine
438 2437 510 2460 non
537 2422 665 2462 solum
684 2423 878 2461 hominnm

10 2480 80 2518 sed
108 2480 266 2518 aliarum
288 2493 443 2530 quoque
461 2479 752 2523 rerumdicitur,
780 2492 881 2529 quae

10 2539 44 2575 in
60 2550 134 2574 uno
151 2536 235 2574 loco
251 2541 510 2587 congregatae
525 2540 563 2573 et
577 2535 776 2573 confertae
790 2538 881 2572 sunt

10 2593 55 2632 cl'.
83 2591 184 2631 Cort.
211 2593 260 2632 ad
280 2591 507 2631 Lucan.VI.
530 2596 593 2632 63.
621 2591 700 2629 Sed
728 2592 882 2629 coniun-

11 2649 151 2688 ctivum
181 2649 395 2687 defendere
431 2648 538 2686 nullo
570 2648 687 2686 modo
718 2647 879 2698 poteris.

12 2703 255 2757 Quamquam
293 2704 473 2756 equidem
516 2705 617 2751 scio,
660 2703 880 2755 praesentis

946 907 1226 947 coniunctivum
1254 918 1323 955 pro
1351 902 1464 940 futuri
1489 898 1695 938 indicativo
1716 896 1818 948 poni,

944 971 1071 1003 tamen
1099 963 1175 1001 alia
1198 962 1344 1010 ubique
1370 962 1432 995 est
1457 958 1630 994 locorum
1644 954 1754 998 ratio,
1778 955 1821 989 ut

946 1019 1051 1069 Vix-g.
1066 1019 1166 1057 Aen.
1183 1017 1251 1055 Vl.
1268 1020 1360 1057 ⁶292.
1387 1013 1470 1052 Ecl.
1489 1010 1575 1050 Vll.
1596 1015 1663 1051 67.
1686 1008 1739 1047 Χ.
1755 1011 1819 1048 33.

945 1077 994 1115 cl'.
1021 1075 1121 1113 Cort.
1148 1074 1199 1112 ad
1224 1073 1372 1110 Lucan.
1388 1069 1490 1107 wll.
1506 1071 1622 1112 804„
1647 1068 1700 1104 ita
1724 1065 1820 1110 fere,

943 1138 984 1170 ut
998 1133 1032 1169 in
1046 1130 1214 1182 protasi,
1243 1141 1344 1179 quae
1359 1125 1624 1164 condicionem
1639 1122 1820 1166 continet,

944 1188 1110 1225 futurum
1134 1189 1311 1237 ponatur.
1339 1185 1603 1232 sequaturque
1628 1190 1821 1230 praesens

943 1244 1005 1281 vel
1028 1244 1111 1280 vice
1125 1254 1258 1285 versa,
1285 1243 1353 1278 ant
1372 1242 1452 1277 tota
1476 1236 1684 1275 enuntiatio
1704 1246 1822 1285 quum

943 1300 1116 1350 optativa
1131 1309 1324 1348 expressa
1340 1296 1392 1332 sit
1408 1294 1546 1338 forma,
1577 1291 1688 1329 futuri
1701 1290 1821 1328 notio-

943 1370 1031 1394 nem
1056 1355 1092 1392 in
1118 1368 1164 1391 se
1191 1354 1397 1391 contineat.
1441 1349 1561 1399 Atqui
1587 1348 1822 1390 miraremur,

942 1413 974 1450 si
993 1411 1188 1460 Apuleius
1209 1407 1495 1447 coniunctivum
1510 1403 1823 1454 interposuisset,

942 1469 1004 1518 qni
1031 1468 1174 1518 ubique
1194 1465 1360 1503 futurum
1380 1463 1442 1500 hic
1463 1459 1697 1512 praetulerit.
1724 1457 1824 1496 Hinc

942 1523 1249 1563 Salmasinsiam
1260 1520 1441 1559 coniecit:
1458 1522 1501 1557 ut
1511 1520 1709 1560 aestuen13
1724 1527 1824 1557 uuae

941 1585 1070 1619 tamen
1097 1579 1325 1617 coniectura
1345 1576 1463 1615 totius
1485 1574 1557 1612 loci
1579 1570 1823 1610 concinnitati

939 1639 1141 1688 repugnat.
1173 1633 1365 1684 Equidem
1386 1631 1608 1670 coniectura
1627 1641 1727 1667 nare
1739 1640 1824 1666 sca·

941 1698 995 1732 tel
1019 1707 1041 1730 a
1067 1692 1187 1729 verbo
1203 1690 1363 1729 scatere
1382 1688 1511 1726 locum
1525 1698 1666 1724 sanare
1680 1683 1823 1729 studui,

940 1762 1174 1799 cpiainqnam
1226 1747 1317 1784 mihi
1362 1745 1449 1795 ipse
1492 1756 1566 1781 non
1610 1739 1823 1779 satisfacio.

943 1805 1093 1844 Etenim
1121 1805 1235 1842 nimis
1262 1801 1448 1840 audacter
1479 1811 1595 1849 agere
1620 1796 1823 1836 videbitur.

942 1862 1005 1912 qni
1031 1862 1219 1900 aeslnfire
1248 1859 1412 1895 sormam
1431 1855 1653 1907 probaverit
1671 1867 1741 1904 pro
1761 1865 1823 1890 ae-

940 1923 1078 1957 smurc
1109 1920 1149 1954 ut
1181 1917 1325 1954 lavare
1361 1916 1400 1950 et
1437 1912 1588 1956 lavere,
1629 1910 1748 1948 boere
1785 1911 1824 1945 et

944 1975 1084 2017 (mare,
1128 1977 1270 2010 {onere
1315 1973 1354 2006 ct
1397 1973 1558 2011 tonare,
1595 1965 1824 2018 praesertim

940 2043 1056 2080 quum
1083 2027 1254 2078 Entych.
1283 2026 1333 2063 de
1358 2022 1603 2063 discernenti.
1629 2021 1823 2071 coniugat.

940 2086 966 2124 Ι.
983 2091 1018 2126 4.
1036 2099 1072 2136 p.
1092 2088 1182 2125 156.
1200 2082 1317 2121 Lind.
1345 2086 1485 2120 aestuo
1511 2079 1668 2117 disertis
1694 2077 1824 2115 verbis

941 2143 1036 2180 inter
1062 2155 1110 2180 ca
1134 2140 1254 2177 verba
1282 2138 1435 2182 reserat,
1463 2149 1564 2186 qnae
1590 2135 1638 2173 ad
1664 2135 1824 2185 primam

942 2197 1259 2248 coniugationem
1288 2192 1538 2233 derivationis
1563 2192 1659 2230 ratio
1685 2189 1824 2234 trahat,

943 2269 1013 2292 nec
1032 2253 1150 2292 ullum
1173 2252 1305 2304 possit
1325 2251 1411 2289 eius
1433 2249 1582 2287 formae
1603 2245 1826 2297 exemplum

940 2310 1107 2361 reperiri.
1157 2309 1360 2361 Optimam
1399 2306 1454 2343 vir
1492 2304 1631 2342 doctus
1669 2302 1825 2354 quidam

941 2379 1092 2405 mecum
1125 2363 1428 2404 communicavit
1463 2361 1724 2400 coniecturam
1760 2371 1826 2397 ex-

943 2427 1082 2468 lumel,
1110 2435 1224 2472 quam
1252 2421 1481 2473 probarem,
1508 2418 1542 2455 si
1569 2416 1692 2455 forma
1715 2415 1827 2452 vocis

943 2479 1099 2518 inruere
1124 2477 1288 2516 defendi
1314 2479 1469 2529 posset,
1497 2485 1731 2525 quamquam
1745 2476 1828 2510 iur-

941 2537 1044 2588 9‘0'w
1074 2536 1109 2573 in
1141 2549 1216 2573 usu
1249 2533 1380 2572 fuisse
1416 2531 1568 2569 videtur
1616 2528 1663 2566 cf.
1692 2527 1827 2566 Gloss.

943 2591 1097 2629 Philox.
1124 2605 1162 2643 p.
1190 2593 1291 2631 219.
1325 2589 1458 2640 tur-qil
1483 2587 1700 2638 qlsypmt'rec
1723 2578 1829 2622 τετά-

942 2663 1091 2700 ρακται.
1141 2648 1373 2687 Eoetumere
1398 2658 1489 2682 vero
1520 2642 1742 2681 Plautinum
1767 2642 1832 2677 est

943 2703 992 2742 cf.
1018 2702 1172 2743 Trucul.
1198 2702 1225 2742 I.
1252 2708 1292 2743 2.
1325 2700 1407 2753 97.]

687 2878 1021 2886 -——-—-—·-—-—-———·—-—-—
1038 2878 1142 2886 --.--,

1468 3205 1522 3248 33
1541 3209 1557 3229 *
