2155 3590
662 155 851 195 LIBER
881 155 932 195 X.
993 154 1121 195 CAP.
1151 154 1319 195 XXXI.

1812 151 1895 195 969

92 267 200 308 color
225 267 319 308 deae
345 267 525 309 diversus
550 268 591 308 in
617 268 808 323 speciem,
837 282 978 324 corpus
1005 269 1232 318 candidum,
1262 268 1362 321 quod
1389 267 1498 308 coelo
1523 268 1699 316 demeat,
1727 266 1894 306 amictus

91 323 293 375 caerulus,
322 325 424 377 quod
448 325 548 365 mari
573 333 736 366 remeat.

797 324 910 366 ’Iam
942 325 1121 380 singulas
1151 324 1351 378 virgines,
1380 337 1478 378 quae
1510 324 1605 364 deae
1637 322 1891 378 putabantur,

91 438 244 468 diuersus
259 441 294 469 F.
307 442 340 469 3.
355 443 392 470 G.
411 443 436 470 l.
451 444 481 471 2.
496 443 532 472 P.
546 444 584 471 D.
599 443 634 471 O.
648 444 686 471 R.
702 452 735 477 φ.
749 439 778 471 ὃ.
793 444 905 471 u'ow.
925 445 954 471 et
974 450 1063 477 seqq.
1088 444 1124 471 In
1146 444 1217 470 cett.
1238 439 1366 469 dicis-us
1387 445 1514 476 praeter
1532 442 1648 469 Vener.
1670 442 1700 470 4.
1720 443 1748 469 et
1768 441 1846 469 Bas.
1865 441 1893 468 1.

91 493 175 520 quae
188 488 306 515 hahent
320 483 402 514 deae
417 486 518 515 risus.

565 487 659 514 color
672 485 725 516 dei
736 488 829 516 visus
843 490 1007 517 Stewecn.

91 533 125 560 Ο.
147 533 184 560 R.
201 540 231 566 p.
252 531 273 560 f.
294 528 323 560 δ.
343 532 379 560 B.
400 534 470 562 edd.
490 537 566 562 vett.
585 541 689 567 usque
708 535 749 562 ad
769 534 858 562 Colv.
882 535 920 561 In
935 536 1007 562 ceu.
1022 535 1124 561 abest.

1054 486 1179 514 coelum
1193 487 1230 515 F.
1247 488 1275 515 1.
1290 488 1320 514 2.
1369 486 1514 513 maiolus
1527 486 1564 514 F.
1582 487 1608 515 1.
1624 488 1654 515 2.
1669 487 1700 514 3.
1715 487 1752 514 G.
1771 487 1798 514 1.
1812 487 1843 513 2.
1858 486 1896 514 P.

1173 530 1330 559 caerulus
1343 532 1379 560 F.
1395 533 1424 562 2.
1439 533 1470 560 3.
1486 533 1522 560 G.
1539 532 1567 560 1.
1583 533 1613 560 2.
1628 533 1664 560 P.
1679 532 1713 559 Ο.
1730 532 1768 559 R.
1784 539 1813 566 p.
1829 530 1850 559 f.
1865 527 1895 558 ὃ.

91 577 161 605 eam.
176 580 254 605 vett.
267 581 394 611 praeter
405 579 488 606 lunt.
505 580 552 615 2.,
577 586 660 612 quae
681 581 774 608 habel
794 576 989 612 caeruleus,
1015 585 1120 612 usque
1133 578 1174 607 ad
1188 578 1277 607 (ἴων.
1300 578 1335 605 In
1351 580 1425 606 cett.
1439 574 1611 604 caerulum
1627 578 1679 605 vel
1693 574 1898 604 caeruleum.

92 621 152 658 qm*
162 629 257 649 mare
269 625 402 650 remeat
413 622 447 661 β.
462 626 505 652 Μ.
520 625 596 653 Bas.
611 625 641 654 2.

91 733 251 758 sensum
288 721 363 759 iam
401 721 564 760 Vulcan.
608 723 733 761 edens
778 722 962 767 lactaret,

92 777 250 827 margini
283 777 370 816 dein
397 777 543 817 adlevit
567 779 804 818 ‹Ielt‘nearet.
854 779 964 818 Lici-

95 835 226 872 m'm·et
249 834 422 873 VVower.
454 835 516 886 qui
548 836 687 874 intorto
721 840 762 873 et
792 833 963 886 implexo

92 890 288 928 volumine
318 890 518 930 obvelaret
550 892 735 943 explicat,
772 892 964 943 significa-

91 947 234 984 tionem
259 950 369 986 vocis
389 950 440 986 ita
461 950 635 1000 exponit:
664 948 825 988 Lis-ium
844 950 961 998 μίτος,

92 1003 181 1040 inde
201 1003 347 1044 licinus
359 1007 512 1055 Ιιιιί-υός,
532 1005 621 1043 hinc
641 1019 757 1044 coma
776 1005 961 1043 rellez‘va.

91 1058 238 1099 Florid.
262 1074 301 1111 p.
330 1066 392 1102 13.
426 1066 465 1100 et
489 1075 525 1113 p.
553 1066 620 1103 26.
666 1062 705 1100 A
731 1062 826 1101 licio
853 1062 965 1112 igitur

92 1117 250 1155 licivz'es
274 1121 313 1155 et
340 1117 539 1163 licinz'are,
564 1118 733 1170 Apuleio
760 1118 964 1169 obtegere:

96 1172 278 1212 Beroald.
303 1174 475 1224 praefert
500 1175 735 1219 luciniuret,
762 1173 916 1212 ductum
943 1188 966 1212 a

94 1230 270 1275 lacinia,
308 1231 420 1280 quasi
453 1232 608 1284 inflexu
641 1231 819 1269 laciniae
844 1232 966 1270 inum-

95 1286 255 1331 braret,
305 1287 409 1336 quod
446 1291 574 1325 tamen
619 1287 772 1325 minime
814 1287 967 1338 probari

93 1341 243 1392 poterit.
293 1341 523 1394 [Perperam
548 1343 640 1381 mihi
673 1344 801 1380 Wow.
829 1344 967 1382 licimo

92 1402 132 1434 et
162 1398 311 1438 licinus
342 1400 439 1436 inter
469 1412 515 1436 se
546 1413 772 1450 comparare
804 1399 964 1437 videtur.

93 1453 178 1505 Ego
206 1453 395 1494 liciniure
418 1457 549 1506 potius
580 1456 630 1494 ad
657 1455 837 1495 licim'nm
863 1469 894 1493 s.
923 1455 965 1493 li-

92 1512 225 1550 cinum
242 1511 450 1557 retulerim,
466 1512 567 1562 quod
583 1511 855 1550 vestimentum
873 1524 966 1549 esse

92 1571 257 1606 testatur
280 1567 417 1606 isidor.
441 1567 551 1607 XIX.
577 1583 616 1621 p.
643 1573 707 1609 22.
735 1572 818 1609 27.:
851 1569 966 1608 Lici-

92 1637 185 1663 num
200 1629 398 1670 vocatum,
421 1626 536 1677 quod
553 1630 721 1665 textura
736 1626 819 1665 eius
833 1626 967 1677 lissam

92 1682 141 1719 sit
167 1681 209 1718 ἰη
243 1685 388 1727 totum,
423 1683 541 1733 quasi
571 1682 729 1720 diceret
759 1682 968 1733 liyinum

94 1752 116 1775 c
138 1751 222 1789 pro
252 1752 281 1789 9
317 1737 454 1776 Ilttera
487 1743 741 1777 commutata.
790 1737 889 1776 Mihi
923 1738 968 1776 Ιί-

93 1794 250 1832 εῐηὶατε
275 1806 321 1831 an
350 1794 552 1833 laciviam
581 1794 750 1845 recipias
782 1794 884 1832 idem
917 1794 969 1831 vi-

94 1849 206 1888 detur
231 1863 335 1888 esse.
392 1850 605 1889 Licim'are
631 1851 786 1902 explico
819 1851 854 1888 in
892 1864 968 1888 mo-

93 1906 184 1944 dum
223 1907 413 1946 liciorum.
451 1907 472 1943 i.
506 1920 540 1944 e.
578 1907 726 1945 filorum
770 1908 970 1958 obtegere,

95 1964 147 2000 ita
177 1967 218 2001 ut
251 1959 319 2014 pei·
349 1962 412 2000 fila
438 1965 559 2001 vestis
586 1965 845 2015 bombycinae
871 1965 969 2002 satis

93 2019 224 2060 tenuia
255 2024 294 2058 et
325 2024 460 2070 aperta
490 2023 571 2057 tota
603 2021 728 2071 pubes
762 2021 969 2059 accuratis-

94 2078 193 2114 sime
219 2076 498 2127 exprimeretur
523 2081 561 2115 et
584 2077 886 2127 pei-lucesceret.
914 2076 970 2116 lta

95 2134 195 2170 euim
227 2137 307 2171 tota
339 2134 464 2171 vestis
496 2147 570 2171 non
604 2138 687 2172 erat
718 2134 969 2172 obvelamen-

95 2194 174 2228 tum
200 2189 273 2228 sed
300 2190 414 2240 quasi
439 2189 593 2240 singula
619 2190 699 2234 fila,
727 2204 828 2241 quae
852 2194 968 2228 vento

94 2246 254 2285 asstante
267 2246 463 2298 pudendis
482 2260 528 2284 se
548 2246 814 2298 applicabantg
837 2260 968 2298 qnam-

97 2316 211 2354 quam
244 2316 401 2353 semper
432 2304 482 2341 de
513 2303 588 2340 hoc
619 2303 738 2341 verbo
770 2304 971 2342 inhaereat

96 2359 297 2406 dubitatio,
342 2373 458 2410 quum
497 2359 588 2411 quid
631 2359 795 2398 voluerit
837 2365 971 2398 auctor

96 2420 288 2467 apertum,
332 2416 441 2453 vocis
475 2429 563 2454 vero
588 2430 661 2455 nec
687 2417 793 2467 origo
819 2430 892 2455 nec
922 2418 971 2455 si-

97 2473 290 2522 gnificatio
316 2473 352 2511 in
380 2476 557 2523 promptu
583 2473 664 2525 sit]

154 2543 306 2581 corpus
331 2529 578 2568 candidum.
594 2561 626 2569 ..
641 2535 806 2569 remeat.
839 2529 971 2577 Miror,

97 2586 160 2635 qni
187 2585 350 2624 Colvius
383 2600 467 2624 cum
499 2585 587 2624 aliis
620 2587 893 2638 interpretibus
919 2586 972 2625 lo-

96 2655 182 2680 cum
209 2642 262 2680 ita
286 2642 504 2694 depravare
538 2645 713 2693 potuerit.
770 2643 970 2682 Sententia

97 2702 234 2751 aperta
259 2704 335 2738 est.
389 2697 530 2736 Puella
555 2700 669 2744 enim,
695 2699 889 2737 Venerem
914 2714 972 2738 re-

95 2759 367 2806 praesentans,
393 2755 565 2794 habebat
590 2769 732 2806 corpus
753 2756 971 2803 candidum,

98 2824 175 2861 quo
201 2811 333 2851 colore
359 2811 547 2851 coelestis
573 2812 679 2863 origo
705 2812 876 2850 Veneris
907 2813 972 2851 de-

97 2868 281 2919 signatur,
307 2869 513 2907 amiculum
534 2882 625 2907 vero
646 2868 881 2914 caeruleum,
908 2870 971 2920 qui

99 2923 206 2963 color
225 2930 287 2964 est
304 2927 486 2972 marinus,
506 2938 633 2977 eoque
653 2925 881 2973 ostenditur,
895 2926 973 2963 Ve-

97 2994 230 3020 nerem
265 2986 388 3021 ortam
426 2996 519 3021 esse
550 2995 599 3020 ex
630 2982 741 3027 mari,
778 2982 832 3021 uti
867 2986 973 3021 recte

98 3036 282 3076 floridus
306 3038 446 3077 iisdem
471 3039 602 3077 verbis
622 3038 819 3091 explicuit.
847 3039 973 3084 Quod

97 3093 286 3146 particula
308 3095 423 3147 igitur
445 3096 652 3146 utrobique
682 3108 752 3147 per
778 3096 875 3149 quia
901 3096 973 3134 erit

99 3152 351 3204 exponenda,
387 3156 429 3192 ut
453 3153 549 3192 ratio
576 3153 705 3198 detur,
741 3166 807 3192 cur
831 3165 972 3204 corpus

1020 723 1072 761 sit
1108 721 1330 767 candidum,
1374 720 1538 759 amictus
1576 733 1666 756 vero
1703 718 1897 759 caerulus.

1021 779 1164 830 Reque
1189 782 1316 816 tamen
1343 782 1491 816 temere
1504 775 1682 814 Puteano
1704 775 1802 814 fides
1826 775 1894 814 ha-

1022 835 1152 874 benda
1177 839 1258 879 est,
1291 834 1355 885 qui
1381 835 1415 871 iu
1442 833 1579 871 Bemb.
1604 836 1645 870 ‘et
1669 831 1795 881 Man-g.
1825 833 1896 884 qni

1024 905 1118 930 esse
1142 895 1316 930 testatur.
1354 889 1456 929 Oud.
1482 889 1574 927 stilo
1599 901 1800 938 sensuque
1822 888 1897 926 cla-

1020 949 1106 987 riori
1131 948 1307 999 scripsit:
1346 961 1498 998 corpns
1518 947 1761 990 candidum,
1785 945 1898 998 quod

1022 1005 1137 1045 coelo
1168 1005 1345 1050 demeat,
1377 1004 1547 1042 anticius
1573 1002 1779 1048 enm-alus,
1817 1015 1898 1054 quo

1024 1062 1075 1101 de
1098 1062 1203 1100 mari
1227 1065 1387 1104 remeat,
1414 1060 1707 1111 interpretatus:
1736 1072 1817 1111 quo
1842 1072 1896 1096 sc.

1023 1118 1175 1165 colore3
1208 1132 1281 1155 non
1298 1118 1449 1155 amictu.
1490 1115 1607 1154 Nuda
1622 1115 1898 1165 eniminquite

1025 1175 1116 1214 mari
1129 1175 1301 1224 emergit.
1311 1174 1384 1212 sed
1400 1172 1555 1211 caerulo
1570 1172 1743 1223 corporis
1753 1172 1900 1216 colore,

1026 1245 1141 1283 quem
1167 1244 1189 1268 e
1214 1231 1308 1269 mari
1340 1230 1472 1276 traxit,
1511 1243 1596 1267 cum
1628 1228 1792 1267 candido
1820 1242 1901 1266 cor-

1026 1301 1119 1339 pore
1153 1301 1174 1324 e
1200 1287 1311 1324 coelo
1339 1286 1589 1325 demeaverit.
1652 1284 1747 1337 [Vix
1770 1289 1899 1323 tamen

1027 1343 1224 1390 credibile,
1251 1344 1372 1381 virum
1397 1347 1474 1381 tam
1499 1342 1730 1394 prudentem
1755 1343 1808 1380 ita
1832 1342 1902 1379 ab·

1025 1414 1152 1438 errare
1189 1413 1211 1437 a
1248 1413 1339 1437 vero
1377 1399 1568 1451 potuisse.
1617 1398 1718 1436 Nam
1752 1396 1902 1436 ratione

1025 1471 1098 1495 non
1126 1456 1270 1500 hahita,
1297 1456 1370 1494 bac
1396 1455 1667 1492 emendatione
1687 1455 1805 1493 totius
1827 1454 1902 1492 loci

1025 1513 1322 1551 concinnitatem
1348 1513 1572 1555 disturbari,
1609 1516 1788 1550 accurate
1815 1524 1902 1549 cm·-

1022 1584 1103 1622 pus
1145 1569 1370 1608 candidum
1412 1573 1450 1606 et
1495 1569 1664 1607 anticius
1701 1567 1902 1611 caerulus,

1027 1630 1106 1665 tum
1135 1625 1249 1678 quod
1275 1626 1391 1665 coelo
1417 1625 1576 1664 demeat
1601 1628 1638 1662 et
1665 1624 1779 1677 quod
1799 1625 1904 1662 mari

1026 1687 1177 1721 remeat
1211 1683 1285 1720 sibi
1325 1681 1674 1732 respondentibus,
1713 1681 1800 1731 quis
1836 1694 1903 1718 un-

1028 1752 1144 1789 quam
1175 1738 1222 1776 ad
1260 1752 1339 1791 qno
1369 1738 1602 1776 vocabulum
1635 1737 1775 1776 colore
1801 1737 1903 1787 cogi-

1027 1796 1172 1833 tatione
1198 1794 1407 1841 addiderit,
1446 1807 1561 1845 quum
1595 1795 1630 1832 in
1657 1795 1903 1845 praegressis

1028 1853 1199 1891 amictus
1231 1851 1419 1891 caerulus
1443 1851 1708 1889 tantummodo
1743 1850 1905 1901 legatur.

1028 1908 1091 1946 Dc
1128 1908 1319 1958 scriptura
1355 1908 1542 1947 caerulus
1579 1907 1628 1947 cf.
1659 1906 1702 1946 ll.
1738 1921 1778 1959 p.
1813 1910 1903 1947 109.

1033 1965 1208 2010 coelum,
1237 1964 1339 2014 quod
1365 1963 1409 2003 F.
1440 1969 1473 2004 1.
1501 1968 1536 2004 2.
1563 1963 1720 2010 habent,
1747 1963 1906 2002 defendi

1029 2025 1170 2073 posset
1194 2034 1243 2058 ex
1269 2020 1400 2060 dictat.
1426 2021 1473 2058 ad
1502 2020 1598 2059 Met.
1628 2021 1673 2059 V.
1699 2034 1735 2071 p.
1753 2021 1866 2073 360]

1089 2078 1172 2117 Iam
1198 2077 1385 2129 st'nffldas
1414 2079 1618 2130 viv-,qoem
1635 2109 1642 2117 .
1659 2108 1666 2115 .
1682 2107 1690 2115 .
1712 2082 1904 2129 conte-qe-

1030 2135 1136 2173 bant.
1199 2133 1296 2185 [Hic
1328 2134 1437 2173 locus
1469 2138 1545 2172 tam
1577 2133 1776 2172 mutilatus
1813 2133 1906 2171 mihi

1028 2191 1197 2235 videtur,
1237 2194 1277 2228 ut
1303 2204 1324 2228 e
1350 2191 1463 2229 codd.
1496 2191 1652 2229 medela
1682 2190 1810 2228 afferri
1842 2204 1906 2229 ne-

1029 2252 1157 2298 queat.
1230 2245 1399 2285 Primum
1438 2248 1571 2298 optimi
1611 2248 1754 2298 quique
1793 2247 1905 2285 codd.

1029 2305 1206 2342 omittunt
1239 2305 1358 2342 verba
1394 2306 1456 2343 sui
1494 2305 1677 2351 obibant,
1717 2318 1829 2354 quae,
1866 2307 1908 2341 ut

1030 2360 1122 2398 mihi
1164 2360 1311 2412 placet.
1363 2362 1599 2400 librariorum
1640 2360 1905 2400 tautummodo

1029 2417 1307 2469 supplementa
1332 2422 1434 2463 sunt,
1462 2418 1602 2456 eodem
1622 2418 1715 2463 iure,
1742 2432 1817 2468 quo
1840 2417 1905 2454 viri

1031 2474 1133 2512 docti
1160 2473 1210 2511 ad
1236 2487 1355 2525 marg.
1384 2474 1478 2513 lunt.
1495 2478 1530 2515 2.
1557 2474 1659 2513 Oud.
1688 2475 1903 2512 coniectura

1030 2532 1093 2570 sni
1124 2530 1382 2570 adsistebant
1411 2532 1668 2582 reprobanda.
1718 2530 1822 2569 Oud.
1856 2530 1905 2567 ol)

1030 2587 1274 2640 praecedens
1295 2588 1555 2640 putabantur
1576 2587 1775 2626 excidisse
1796 2589 1907 2637 putat

1031 2644 1379 2684 continuabantur
1419 2657 1494 2696 ego
1538 2648 1694 2696 propter
1730 2657 1905 2693 sequens

1031 2702 1216 2740 comites.-
1254 2701 1468 2746 comitant,
1506 2701 1557 2739 de
1593 2715 1669 2752 qua
1701 2700 1824 2739 forma
1856 2699 1904 2738 cs.

1029 2756 1166 2796 Eckst.
1198 2756 1250 2795 ad
1280 2756 1402 2796 Voss.
1434 2758 1555 2797 Arist.
1582 2757 1630 2797 Τ.
1656 2755 1699 2795 Π.
1731 2770 1769 2808 p.
1797 2760 1904 2801 763..

1031 2826 1266 2865 quamquam
1303 2813 1395 2851 mihi
1433 2814 1507 2865 ipsi
1545 2828 1619 2852 non
1657 2815 1754 2851 satis
1793 2813 1903 2851 facio.

1032 2870 1154 2909 Ulcus
1171 2870 1272 2907 enim
1291 2869 1407 2907 altius
1427 2870 1596 2909 insidere
1616 2870 1779 2916 videtur,
1800 2869 1906 2920 quod

1031 2927 1066 2965 in
1093 2939 1207 2977 seqq.
1233 2939 1334 2977 quos
1360 2940 1434 2978 ego
1461 2927 1635 2965 conferre
1659 2927 1766 2977 potui
1792 2926 1904 2966 codd.

1033 2995 1168 3021 omnes
1193 2982 1383 3032 praebent
1410 2997 1581 3034 quarum
1607 2984 1761 3035 capite,
1788 2996 1906 3034 quam

1032 3038 1188 3089 quidem
1205 3038 1407 3076 lectionem
1417 3037 1677 3078 Oud.omnin0
1692 3039 1905 3091 ignorabat.

1031 3095 1093 3135 Ex
1112 3090 1173 3133 his
1204 3094 1316 3145 igitur
1341 3095 1470 3134 verbis
1495 3099 1684 3148 corruptis
1707 3095 1799 3135 mihi
1825 3097 1904 3148 qui-

1031 3153 1120 3192 dem
1136 3151 1404 3202 persuadetur,
1430 3151 1605 3193 lacunam
1628 3153 1689 3192 hic
1708 3166 1802 3192 esse
1822 3166 1903 3192 rer-
