2155 3590
531 839 972 938 L>IBE

1042 884 1111 936 R
1214 880 1463 934 VIII.

702 1152 1143 1201 CAPUT
1248 1151 1290 1197 I.

1924 1253 1985 1284 504

210 1285 352 1328 Noctis
378 1286 576 1341 gallicinio
601 1284 711 1326 venit
740 1285 895 1338 quidam
924 1283 1080 1325 iuvenis
1111 1282 1294 1338 proxima
1324 1281 1504 1331 civitate,
1544 1286 1587 1320 ut
1617 1277 1773 1332 quidem
1802 1275 1897 1317 mihi
1923 1297 2020 1337 [⁸201]

101 1342 327 1394 videbatur,
354 1356 456 1384 unus
480 1356 534 1383 ex
557 1341 714 1382 famulis
740 1339 948 1391 Charites,
981 1339 1134 1395 puellae
1159 1338 1264 1379 illius
1290 1350 1390 1391 quae
1415 1349 1567 1377 mecum
1593 1335 1694 1388 apud
1718 1334 1897 1374 latrones

186 1473 224 1500 ln
235 1472 275 1500 R.
288 1474 320 1500 et
333 1470 356 1500 f.
381 1467 482 1498 Lucii
492 1466 627 1507 Apulein'
636 1466 814 1497 Platonici
823 1465 1065 1497 Madaurensis
1079 1462 1397 1502 Metamorphoseon
1409 1463 1495 1492 liber
1512 1465 1633 1492 sea-tus
1646 1459 1800 1498 esplt'cit.
1834 1459 1897 1488 In-

96 1515 181 1552 cr'pt’t
191 1515 276 1544 liber
287 1515 448 1553 septimus
460 1513 615 1544 eiusdem.
630 1513 709 1550 [Sed
723 1514 756 1543 in
769 1514 886 1543 ceteris
899 1513 1002 1548 codd..
1016 1515 1173 1547 quantum
1184 1511 1292 1548 video,
1301 1510 1450 1539 omnibus
1463 1509 1516 1538 nic
1528 1508 1611 1538 liber
1622 1507 1739 1542 incipit
1751 1510 1898 1535 octavus.

96 1562 178 1590 Nam
191 1561 226 1590 in
237 1561 274 1590 F.
287 1562 318 1591 3.
333 1564 445 1597 aperte
457 1561 592 1597 legitur:
617 1557 690 1597 Ego
705 1557 891 1587 Sallustius
904 1557 972 1596 lega·
981 1559 1017 1585 et
1028 1555 1204 1585 emendavi
1216 1554 1345 1584 Romae
1349 1554 1450 1595 felix
1463 1550 1782 1589 Metamorphoseon
1797 1549 1898 1579 Liber

101 1604 184 1636 VII.
197 1605 336 1644 desinit,
359 1605 481 1643 z‘ncn’pae’t
491 1604 593 1633 Liber
610 1603 879 1644 1⁷11Lfe1icieer
891 1607 921 1633 et
934 1604 982 1632 ita
994 1610 1120 1637 quoque
1133 1602 1167 1631 in
1181 1603 1217 1631 G.
1233 1603 1262 1631 1.
1276 1603 1307 1630 2.
1321 1602 1360 1629 D.
1379 1601 1568 1629 distinctum
1580 1599 1684 1628 video.
1722 1596 1899 1626 codicibus

96 1659 173 1681 vero
185 1653 225 1681 R.
237 1655 269 1680 et
281 1651 304 1681 f.
317 1659 381 1680 non
394 1652 442 1680 ita
453 1653 590 1681 multum
604 1650 809 1679 tribuendum
822 1652 888 1687 est,
914 1648 993 1683 quia
1006 1648 1040 1676 in
1053 1648 1209 1676 librorum
1223 1647 1335 1675 ordine
1348 1645 1522 1674 disturbati
1536 1647 1613 1674 sunt
1638 1642 1679 1672 cf.
1701 1643 1743 1672 ad
1755 1643 1832 1671 Met.
1840 1642 1897 1671 VI.

95 1705 127 1732 p,
148 1698 241 1734 427„
266 1697 324 1726 ubi
340 1697 375 1725 hi
392 1697 521 1726 codices
540 1703 614 1724 cum
629 1697 758 1724 Incerto
777 1697 966 1730 pervetusto
986 1693 1097 1722 statim
1115 1696 1188 1727 post
1208 1692 1353 1721 fabulam
1374 1691 1413 1719 de
1430 1691 1550 1720 Amore
1568 1693 1598 1718 et
1618 1689 1748 1722 Psyche
1767 1690 1898 1716 sextum

96 1745 173 1772 Met.
190 1742 311 1772 librum
328 1741 507 1778 incipiunt,
532 1747 629 1776 quum
648 1740 757 1775 potius
776 1739 935 1775 septimus
953 1738 1162 1773 incipiendus
1181 1737 1310 1766 fuisset.
1355 1734 1509 1774 galliano
1529 1736 1567 1764 G.
1589 1735 1620 1762 1.
1639 1735 1750 1768 aperte
1767 1732 1897 1767 legitur.

91 1785 254 1825 gallicino
266 1788 306 1816 D.
351 1786 482 1815 iuvenis
492 1793 558 1815 non
570 1789 735 1820 comparet
744 1785 779 1814 in
792 1786 828 1814 B.
875 1791 921 1812 ea·
928 1782 1095 1821 pro-rima
1106 1781 1251 1811 civitate
1262 1783 1300 1811 B.
1314 1784 1396 1810 teste
1408 1782 1519 1810 Wow.
1544 1787 1589 1808 es
1597 1776 1764 1816 proximu
1777 1774 1898 1804 villula

94 1833 133 1861 B.
151 1835 234 1862 teste
250 1832 381 1868 sciopp.
401 1833 498 1867 Susp.
515 1832 571 1860 1v.
591 1832 622 1860 ⁴.
642 1834 673 1859 et
691 1830 726 1859 in
744 1831 887 1865 symbol.
905 1833 937 1858 et
953 1830 1038 1857 Elm.
1063 1829 1127 1857 Sed
1139 1828 1219 1857 oud.
1239 1826 1407 1856 adnotavit
1425 1825 1460 1854 in
1474 1826 1547 1854 coll.
1561 1824 1704 1853 Modian.
1718 1821 1898 1852 desiderari

96 1884 159 1915 et,
185 1880 221 1906 nt
237 1877 272 1906 in
290 1877 426 1912 reliquis
443 1879 525 1906 mss.
545 1879 576 1905 et
594 1876 665 1905 edd.
684 1879 812 1911 praeter
825 1876 935 1904 u'ow.
955 1873 1042 1902 Prie.
1055 1872 1177 1902 Florid.
1201 1874 1244 1901 Et
1263 1871 1392 1906 quidem
1410 1873 1512 1908 recte,
1538 1869 1623 1904 quod
1641 1875 1692 1897 me
1710 1868 1802 1896 docet
1822 1867 1897 1895 coll.

94 1923 241 1952 modian.
266 1920 388 1950 villula
399 1929 457 1958 pro
470 1921 612 1949 civitate
625 1920 801 1949 defendunt
814 1919 943 1955 Sciopp.
956 1919 1041 1947 Elm.
1053 1918 1141 1947 Prie.
1155 1921 1185 1947 et
1199 1918 1304 1946 Scriv.
1315 1938 1323 1952 ‚
1348 1916 1404 1950 qui
1418 1915 1550 1950 recepit.
1597 1920 1644 1941 et
1648 1910 1799 1952 famulis
1813 1911 1851 1940 F.
1867 1912 1897 1940 1.

95 1969 127 1996 3.
141 1969 178 1996 G.
194 1969 224 1996 1.
236 1969 269 1996 2.
280 1969 320 1996 Ι).
332 1969 417 1997 lunt.
429 1969 461 1995 2.
475 1967 566 1996 colv.
580 1969 611 1994 et
623 1973 711 2000 seqq.
737 1963 824 1993 dein
838 1972 867 1999 p.
881 1961 910 1993 δ.
923 1965 960 1992 Β.
978 1967 1010 1992 et
1024 1963 1095 1992 edd.
1109 1966 1187 1991 vett.
1202 1965 1263 1999 est,
1278 1962 1358 1990 oud.
1379 1961 1470 1990 addit
1488 1963 1568 1995 ete„
1594 1960 1680 1987 unde
1699 1958 1734 1986 in
1748 1956 1899 1992 pluribus

95 2012 187 2041 codd.
206 2010 246 2040 de
264 2012 366 2041 scribi
380 2011 619 2041 consectarium
632 2014 698 2046 est,
724 2009 780 2044 qui
797 2016 875 2038 vero
888 2009 946 2038 isti
964 2008 1048 2045 sint,
1073 2007 1261 2037 accuratius
1280 2013 1344 2035 non
1363 2006 1524 2040 designat.
1577 2001 1672 2032 Unus
1693 2000 1849 2030 Charieis
1867 1997 1898 2029 δ.

98 2055 258 2086 Car-‘thes
269 2065 398 2092 semper
408 2059 506 2086 habet
517 2057 556 2085 P.
583 2054 704 2082 Carice
717 2053 802 2089 (non
817 2051 982 2089 Charice)
1002 2055 1038 2082 G.
1054 2054 1083 2081 1.
1097 2054 1284 2082 constanter
1295 2053 1428 2088 praebet
1439 2050 1588 2084 idemque
1601 2050 1637 2078 0.

153 2165 242 2206 Car.
266 2165 295 2205 l.
353 2167 527 2206 civitate.
574 2163 757 2203 Floridus
787 2163 888 2203 hanc
912 2163 966 2202 le·
1026 2163 1078 2202 de
1096 2161 1374 2215 principibus.
1403 2158 1548 2211 Hygia.
1572 2158 1734 2197 Astron.
1759 2155 1806 2195 11.
1832 2159 1900 2196 23.

96 2223 264 2261 ctionem
294 2226 427 2261 contra
449 2234 521 2260 eos
544 2221 647 2260 bene
676 2219 870 2266 defendit,
902 2219 967 2271 qui
1025 2219 1083 2258 de
1113 2218 1274 2258 duobus
1303 2216 1440 2257 asellis
1470 2216 1627 2255 dicitur
1656 2226 1796 2254 unum
1831 2212 1898 2251 de-

97 2292 120 2317 e
144 2279 229 2318 cod.
254 2278 301 2317 B.
325 2278 472 2318 villula
495 2276 758 2329 comprobant.
804 2275 909 2314 Nam
932 2275 965 2314 si
1019 2274 1297 2328 prehendisse.
1324 2272 1376 2313 Et
1397 2272 1457 2311 sic
1468 2270 1640 2324 Apuleio
1661 2270 1764 2310 hanc
1786 2281 1897 2320 prae-

96 2334 268 2375 famulus
293 2333 474 2373 Charites
498 2334 585 2379 fuit,
622 2333 726 2371 venit
749 2345 773 2370 e
798 2332 965 2378 civitate,

94 2393 132 2430 in
157 2405 236 2444 qua
258 2390 327 2430 illa
348 2390 551 2430 habitabat
575 2389 623 2429 cf.
636 2387 804 2428 Met.V1.
818 2401 855 2440 p.
871 2392 966 2430 469.

94 2448 295 2501 Imposita
334 2447 462 2486 dorso
502 2459 592 2485 meo
628 2445 776 2498 puella
817 2445 969 2498 diriyz‘t

94 2518 277 2558 yressum
294 2503 353 2544 ad
364 2517 477 2543 suam
483 2502 670 2556 patriam
678 2531 689 2546 ,
716 2514 838 2554 quam
848 2500 970 2541 simul

94 2561 332 2601 accessimus
365 2564 452 2599 tota
489 2560 666 2599 civitas
700 2557 759 2597 ad
793 2558 967 2597 votivum

96 2620 358 2670 conspectum
382 2616 620 2670 effunditur.

150 2685 205 2712 ecc
225 2672 407 2725 famulis.
454 2671 521 2711 De
548 2669 788 2722 praepositio
817 2682 889 2721 per
917 2682 965 2709 se

93 2729 218 2781 proba
240 2732 322 2776 est,
353 2731 396 2767 ut
418 2740 442 2766 e
466 2726 580 2767 codd.
605 2725 873 2766 tantummodo
897 2738 963 2765 au-

95 2786 270 2825 ctoritate
306 2785 358 2823 de
386 2783 554 2824 lectione
583 2782 872 2822 diiudicandum
900 2783 966 2822 sit.

94 2839 197 2880 oud.
232 2845 276 2880 ut
309 2841 410 2880 hanc
444 2841 674 2892 scripturam
713 2841 964 2884 sustentaret,

96 2909 212 2947 quam
246 2898 379 2937 nescio
415 2910 494 2949 qua
516 2897 567 2935 de
597 2909 741 2935 mussa
771 2893 963 2947 praetulit,

96 2955 334 3005 comparavit
356 2953 490 2993 Burm.
514 2952 565 2992 ad
590 2952 700 2991 Suet.
725 2951 872 2990 Domit.
899 2955 964 2991 11.

94 3008 164 3047 Dr.
196 3009 248 3048 ad
275 3008 361 3049 Liv.
390 3008 566 3049 XXXV.
593 3013 658 3050 29.
694 3007 726 3059 ξ.
750 3011 788 3048 8.
832 3007 963 3048 Unum

96 3065 155 3104 de
176 3065 466 3107 auxiliaribus.
501 3065 574 3105 Sil.
598 3063 703 3104 XIII.
729 3067 797 3105 80.
822 3067 883 3103 tot
906 3063 964 3102 de

96 3121 271 3164 millibus
282 3136 429 3163 unum.
455 3122 586 3162 lustin.
600 3119 751 3160 XXIV.
766 3124 803 3162 5.
835 3119 963 3160 Unus

1024 2332 1258 2383 positionem
1275 2344 1351 2368 non
1372 2329 1655 2380 infrequentem
1680 2338 1775 2365 esse
1793 2325 1896 2363 idem

1023 2388 1264 2427 demonstrat
1293 2399 1344 2425 ex
1367 2385 1464 2424 Met.
1490 2384 1537 2424 ΙΙ.
1565 2398 1604 2437 p.
1632 2386 1723 2424 156.
1754 2385 1899 2434 utpote

1022 2458 1142 2484 unus
1166 2444 1224 2483 de
1249 2441 1524 2495 optimatibuS.
1547 2439 1611 2479 ΙΙΙ.
1625 2454 1663 2492 p.
1677 2443 1771 2480 230.
1785 2450 1847 2477 un
1857 2449 1896 2474 o-

1025 2514 1103 2554 que
1127 2500 1186 2539 de
1208 2500 1331 2539 sociis
1353 2498 1512 2538 relicto.
1538 2495 1606 2536 VI.
1630 2509 1668 2547 p.
1684 2498 1776 2536 395.
1802 2506 1897 2533 una

1024 2557 1082 2596 de
1102 2556 1376 2609 famulatione
1406 2554 1581 2594 Veneris.
1629 2550 1698 2590 IX.
1729 2564 1768 2603 p.
1802 2551 1896 2589 656.

1023 2625 1119 2653 una
1148 2613 1207 2651 de
1238 2616 1372 2652 cetera
1403 2610 1583 2651 cohorte.
1630 2606 1701 2646 XI.
1737 2619 1775 2658 p.
1802 2608 1896 2645 811.

1021 2669 1131 2709 Nam
1155 2669 1213 2708 de
1229 2667 1508 2720 partoplzoris
1526 2677 1666 2705 unum
1685 2661 1898 2714 conspexi.

1019 2724 1165 2776 Neque
1193 2737 1289 2764 vero
1319 2721 1651 2774 praepositionem
1682 2733 1735 2758 ex
1758 2717 1835 2756 hoc
1858 2718 1895 2755 in

1021 2778 1300 2820 vocabulorum
1314 2792 1415 2818 nexu
1428 2778 1650 2817 inusitatam
1659 2787 1754 2814 esse
1764 2777 1896 2813 nostro

1021 2837 1188 2883 auctori,
1235 2835 1337 2875 oud.
1375 2834 1540 2873 illustrat
1582 2845 1633 2871 ex
1666 2830 1766 2870 Met.
1790 2827 1895 2867 VIII.

1021 2907 1060 2946 p.
1074 2896 1170 2935 559.
1183 2906 1303 2933 unus
1320 2905 1341 2930 e
1353 2892 1515 2930 nostris.
1537 2887 1606 2927 XI.
1621 2891 1760 2940 p.777.
1774 2899 1895 2926 unus

1021 2963 1046 2989 e
1066 2949 1288 2989 ministerio
1313 2948 1442 2986 beato.
1480 2959 1516 2998 p.
1543 2949 1638 2986 781.
1663 2949 1760 2984 tunc
1783 2955 1804 2982 e
1829 2955 1893 2982 co-

1021 3006 1139 3045 horte
1161 3004 1374 3055 religionis
1397 3016 1531 3043 unus.
1556 3000 1651 3039 Inde
1676 3001 1893 3038 commotus

1020 3074 1128 3107 sum,
1152 3064 1194 3099 ut
1207 3059 1438 3112 optimorum
1451 3057 1565 3098 codd.
1579 3056 1788 3096 lectionem
1806 3067 1894 3094 con-

1020 3117 1141 3157 textui
1166 3116 1422 3156 restituerem.
