2221 3667
322 159 406 204 438
591 163 634 204 L.
667 163 885 206 APULEH
918 160 1317 205 MADAL‘RENSIS
1348 160 1889 202 METAMORPHOSEON

321 276 385 317 vel
407 276 487 318 illic
511 276 722 319 inventura
751 279 855 320 vitae
887 276 1077 332 pessimae
1103 275 1229 316 linem.
1277 273 1357 315 Sed
1388 288 1473 315 cum
1505 274 1668 329 primum
1694 275 1881 329 praedicti
1910 274 1991 330 iugi
2022 289 2116 315 con-

321 334 508 374 terminos
539 334 647 375 locos
678 336 838 389 appulit,
867 335 970 375 videt
1000 333 1055 372 rei
1089 338 1226 372 vastae
1251 331 1404 371 letalem
1432 331 1713 372 difficultatem.
1763 331 1943 386 Namque
1973 346 2115 373 saxum

323 389 483 430 immani
503 392 771 445 magnitudine
798 403 1001 444 procerum
1023 396 1062 428 et
1090 388 1294 428 inaccessa
1321 387 1551 428 salebritate
1572 388 1763 427 lubricum
1784 388 1919 428 mediis
1936 388 2111 428 l'aucihus

198 431 460 526 [¹Zgg}lapidiS
483 448 611 488 fontes
628 448 807 488 horridos
833 444 1076 501 ev‹›niebat}‚
1095 444 1158 498 qui
1185 444 1316 485 statim
1343 445 1454 500 proni
1485 444 1687 484 foraminis
1712 444 1862 484 lacunis
1889 444 1981 484 editi
2001 443 2008 499 l
2030 457 2116 498 per—

319 563 392 592 ιἹΙιί·
411 564 541 593 int-flue
555 565 722 602 pessimae
731 562 838 600 Ja'nem
858 563 893 590 F.
907 564 937 591 3.
975 563 1080 589 Incite
1088 559 1323 599 pessi'mefine.
1338 565 1373 592 G.
1388 564 1425 591 D.
1440 566 1469 591 et
1486 564 1520 592 P.
1544 564 1580 591 ln
1594 564 1628 591 0.
1643 566 1731 591 extat
1747 562 1874 589 ‘'ne-Hae
1883 558 2118 598 pessimofine.

319 612 357 639 ln
370 611 451 640 Edu.
466 611 582 645 primis
602 610 759 645 reperitur
771 610 804 636 in
824 607 916 634 rime
932 607 1102 644 pessimae
1127 607 1217 643 (non
1235 611 1266 636 ut
1281 608 1439 637 Pricaeus
1453 608 1710 645 aitpessae'mmnj
1730 605 1852 644 finem,
1879 608 1959 641 quod
1979 606 2013 635 in
2031 610 2122 634 textu

321 656 453 684 retinuit
469 664 594 690 quoqina
608 656 754 683 Beroatd.
779 655 865 681 Idem
880 655 974 681 habet
989 654 1058 681 cod.
1072 650 1102 681 ὃ.
1127 655 1163 682 In
1176 657 1248 682 cett.
1267 654 1359 682 codd.
1379 657 1408 681 ut
1423 654 1459 682 F.
1479 655 1504 682 1.
1519 655 1556 682 R.
1572 654 1593 682 s.
1609 655 1643 682 B.
1658 661 1687 688 p.
1703 661 1738 682 π.
1758 657 1787 681 et
1802 654 1872 681 edd.
1887 652 2122 687 posterioribus

319 701 441 735 legitur
452 702 635 729 inventura
650 698 740 725 ritae
748 695 1040 734 pessinmefinem.
1066 700 1154 727 Haec
1168 699 1265 726 lectio
1283 699 1357 727 inde
1377 705 1396 726 a
1410 700 1567 727 Beroaldo
1588 699 1619 726 in
1640 702 1760 727 textum
1780 698 1939 732 profluxit.
1988 695 2072 725 vidie
2084 698 2123 724 R-

320 744 421 773 letali
436 747 473 775 P.
520 744 726 773 salubritate
745 744 874 773 vicent.
894 745 977 772 lunt.
996 744 1196 773 1.‘.¹.A1‹1in.
1243 752 1260 769 e
1279 745 1360 778 quod
1382 744 1414 772 in
1434 745 1603 772 nonnullis
1623 745 1713 772 (nidd.
1733 742 2123 782 antefancitmslegitur,

319 794 431 820 exulat
446 799 465 820 a
479 792 514 820 F.
528 792 558 819 3.
574 793 609 818 (ι’.
624 791 661 817 l).
677 790 711 817 Ρ.
726 790 759 818 0,
797 788 1008 828 elsam-Ibus
1022 786 1052 817 δ’.
1100 786 1201 815 medii
1216 790 1252 818 0.
1298 787 1460 817 horridas
1474 787 1503 818 ὁ.
1550 788 1722 816 emonam:
1739 790 1819 818 Edd.
1834 789 1980 817 ss'ower.
1995 792 2023 817 et
2038 788 2125 816 Prie.

321 840 576 871 typothetarum,
604 839 634 862 ut
660 835 790 869 opinor,
815 842 934 863 errore.
970 836 1017 863 De
1041 833 1291 863 commutatione
1315 835 1484 869 utriusque
1511 835 1602 862 vot-is
1633 834 1675 862 rs.
1695 835 1778 862 Cort.
1798 835 1839 862 ad
1857 834 2049 862 Luca11.v1.
2067 834 2123 861 21.

320 880 411 918 quud
421 889 476 915 pro
490 880 549 917 que·
560 888 596 908 π.
635 878 780 916 laciniis,
807 886 891 913 quae
906 887 970 908 vox
984 882 1046 907 hur.
1062 887 1124 908 nou
1139 880 1288 915 quadrat,
1304 880 1433 908 videtur
1447 881 1484 907 tte
1497 880 1577 908 Oud.
1591 880 1754 907 sententia
1768 879 1918 907 confecta
1931 886 1951 907 a
1965 879 2124 907 Beroaido

319 934 360 954 ex
379 931 526 960 corrupto
546 924 696 959 lacinus,
723 929 754 953 ut
775 929 822 952 est
844 925 876 953 in
895 926 954 953 Ed.
976 925 1101 953 vicent.
1128 925 1191 952 Sed
1210 931 1322 953 omnes
1342 929 1418 953 vett.
1439 927 1508 953 edit.
1530 929 1657 959 praeter
1674 926 1758 953 lunt.
1778 926 1807 953 ’2.
1835 926 1914 952 haee
1940 925 2124 958 corruptela

319 971 500 1006 occupavit.
528 968 676 997 Lacunis
689 970 818 999 omnino
833 970 919 998 deest
935 977 954 998 a
969 972 1006 999 D.
1053 968 1170 997 educti
1181 970 1215 998 11¹.
1236 972 1260 998 l.
1275 971 1357 998 Elin.
1373 971 1477 999 Svrtv.
1492 971 1611 999 Florid.

319 1075 358 1108 et
384 1069 563 1108 eunmlus
588 1071 642 1107 ita
665 1070 763 1107 inter
792 1082 887 1107 sese
919 1068 1115 1115 differant,
1153 1073 1193 1108 ut

318 1126 384 1165 ille
403 1127 455 1164 sit
474 1127 694 1177 quicunque
714 1126 828 1164 collis
847 1127 933 1164 sire
955 1130 1089 1165 natura
1107 1127 1193 1165 sive

320 1187 403 1223 arte
433 1183 601 1222 humana
631 1186 786 1221 erectus
818 1197 944 1235 neque
970 1182 1050 1222 ullo
1076 1183 1193 1222 modo

318 1239 589 1291 disparaiiilis,
631 1240 695 1278 hic
738 1252 829 1278 vero
866 1253 1030 1279 acervus
1068 1253 1193 1278 rerum

318 1296 615 1349 dissipatarum,
653 1309 754 1347 quae
784 1300 932 1335 temere
964 1296 1195 1341 exaltantur.

318 1354 368 1392 de
383 1366 459 1404 quo
475 1352 696 1392 discrimine
709 1354 784 1392 iam
798 1355 1017 1392 accuratius
1029 1355 1196 1405 exposui

318 1410 369 1449 ad
394 1410 491 1448 Met.
518 1409 563 1450 li.
595 1424 633 1461 p.
664 1414 774 1455 142..
807 1411 983 1450 tumulus
1006 1410 1082 1449 hoc
1107 1410 1195 1448 loco

318 1468 546 1506 necessario
578 1467 793 1517 requiritur.
832 1465 954 1505 Codd.
979 1468 1195 1505 auctoritati

317 1523 394 1562 hac
418 1524 454 1561 in
480 1536 522 1561 re
548 1538 622 1562 non
649 1524 701 1562 ita
724 1523 886 1562 multum
912 1528 1047 1576 potest
1070 1524 1196 1568 tribui.

319 1580 443 1632 quod,
470 1580 779 1631 quotiescunque
797 1580 1022 1619 alterutrum
1045 1580 1194 1630 legitur,

318 1642 524 1688 utrumque
549 1636 704 1689 variat]

378 1698 486 1733 certe
518 1694 583 1733 vel
611 1694 702 1733 illic
732 1695 949 1733 inveniam
982 1695 1086 1733 ritae
1106 1707 1194 1746 pes-

318 1751 440 1790 simae
449 1753 580 1803 finem.
606 1749 663 1788 lta
677 1763 725 1788 ex
739 1750 852 1789 codd.
867 1750 1068 1789 deterioris
1081 1755 1197 1790 notae

320 1807 553 1857 conscripsi,
579 1807 767 1846 rationem
792 1811 954 1846 secutus
975 1811 1195 1846 contextum

320 1864 552 1903 coniecturis
574 1877 648 1902 non
664 1863 906 1910 immutandi,
933 1866 1084 1915 siquae
1098 1878 1198 1903 sana

319 1920 436 1959 lectio
456 1919 493 1958 in
507 1920 609 1959 Mss.
625 1924 828 1972 appareat.
854 1920 934 1959 Sed
950 1921 1197 1959 nihilominus

319 1978 422 2016 hunc
435 1975 562 2015 locum
576 1981 797 2028 corruptum
812 1990 907 2016 esse
920 1977 1047 2016 iudico
1057 2010 1066 2024 ,
1094 1978 1198 2029 quod

319 2035 416 2073 mira
441 2037 505 2072 est
529 2035 759 2086 optimorum
787 2034 900 2073 codd.
922 2034 1197 2087 discrepantia,

321 2091 384 2142 qui
423 2103 561 2129 omnes
585 2092 739 2130 ‘lm-itae
759 2092 960 2143 pessimae
994 2092 1196 2142 praebent.

320 2148 605 2186 Diversissimo
636 2147 755 2185 modo
780 2148 848 2186 viri
873 2147 975 2186 docti
995 2147 1086 2186 huic
1113 2148 1198 2185 loco

321 2204 469 2242 mederi
505 2204 729 2242 studebant.
788 2202 978 2244 Pricaeus
1015 2205 1200 2243 coniecit:

322 2263 534 2300 itwentara
557 2262 770 2313 pessimum
785 2263 905 2313 finem
924 2261 987 2300 vel
1012 2263 1201 2314 peritura

317 2320 495 2371 pessimo
517 2320 608 2370 fine.
647 2316 815 2368 Propius
840 2318 947 2356 illam
972 2319 1200 2369 scripturam

322 2375 508 2413 divinavit
523 2373 572 2412 ls.
588 2372 752 2413 Pontan.
769 2374 884 2414 Anal.
902 2374 946 2414 li.
964 2380 1026 2415 15.
1053 2376 1203 2414 invitae

324 2433 429 2470 vitae
456 2444 707 2482 perpessura
736 2432 871 2483 finem.
904 2433 938 2469 in
971 2445 1047 2483 qua
1074 2444 1204 2470 emen-

325 2488 481 2526 datione
507 2487 547 2525 id
571 2490 718 2525 tantum
740 2488 1106 2538 reprehendendum
1127 2493 1202 2534 est,

325 2544 431 2596 quod
455 2545 584 2583 invita
612 2545 693 2583 vila
723 2543 827 2582 nullo
848 2545 964 2583 modo
985 2545 1204 2596 significare

326 2604 461 2652 potest
496 2600 632 2645 vitam,
670 2613 786 2651 quam
826 2600 914 2651 quis
945 2602 1087 2640 invitus
1112 2603 1203 2652 agit.

324 2658 426 2697 Hinc
438 2656 542 2696 Oud.
557 2658 744 2706 coniecit,
774 2672 1008 2709 quamquam
1023 2659 1205 2697 emenda-

326 2716 509 2753 tioninon
535 2715 696 2753 multum
723 2714 911 2760 tribuens,
937 2716 1207 2754 inrisam-itae

325 2773 518 2824 positura
527 2773 658 2824 finem.
679 2770 743 2810 De
755 2785 910 2823 ponere
927 2773 1044 2810 eiiam
1059 2771 1208 2810 confert

329 2828 545 2867 comment.
560 2828 611 2866 ad
620 2827 774 2866 Comei.
785 2826 1113 2879 Nepot.Pausan.
1128 2833 1207 2869 c.5.

329 2886 360 2935 ξ.
376 2889 412 2925 5.
440 2884 601 2936 [quibus
626 2885 729 2923 adde
754 2884 887 2923 Burni.
903 2884 951 2923 ad
967 2883 1144 2936 Propert.
1159 2884 1206 2924 ll.

331 2945 395 2981 20.
423 2946 488 2981 57.
514 2941 565 2980 ad
590 2941 751 2980 Anthol.
782 2940 870 2979 Lat.
898 2940 944 2981 T.
970 2940 1016 2979 H.
1048 2956 1085 2993 p.
1115 2945 1208 2983 125.

330 2997 387 3035 lta
411 2997 548 3036 dicitur
573 2999 783 3050 deponere
802 2999 923 3037 vitam
947 2998 996 3037 cf.
1009 2997 1208 3038 Heinrich.

332 3054 381 3092 ad
388 3053 558 3094 Iuvenal.
568 3053 630 3094 111.
642 3059 706 3097 56.
718 3055 983 3106 p.130.,cuius
997 3054 1208 3095 editionem

331 3110 381 3148 ab
407 3114 520 3149 sexto
547 3111 638 3149 inde
663 3111 761 3151 libro
780 3111 817 3149 in
837 3125 965 3150 meum
983 3124 1099 3150 usum
1120 3126 1208 3151 con-

332 3170 483 3205 vertere
512 3171 700 3218 poteram.
751 3167 835 3206 Sed
872 3181 1078 3221 perperam
1114 3173 1208 3220 puto

1251 1070 1509 1120 corruptelam
1526 1070 1597 1107 loci
1614 1070 1649 1107 in
1667 1084 1759 1107 voce
1769 1070 1967 1120 pessimae
1981 1069 2126 1119 quaeri,

1252 1127 1412 1179 priinnm
1439 1126 1544 1177 quod
1570 1127 1784 1164 terminatio
1810 1140 1858 1164 ae
1884 1125 1989 1163 nullo
2009 1124 2125 1163 modo

1253 1182 1438 1234 explicari
1464 1187 1626 1235 posset.
1657 1184 1690 1220 si
1718 1183 1823 1234 prius
1845 1183 2038 1234 positura
2063 1181 2126 1218 vel

1253 1240 1357 1280 aliud
1373 1241 1464 1291 quid
1478 1241 1661 1292 scripturn
1678 1240 1835 1284 suisset,
1859 1239 1947 1277 (lein
1963 1240 2005 1277 in
2018 1252 2127 1290 prae-

1254 1297 1417 1349 positio.
1444 1310 1545 1347 quae
1569 1297 1656 1334 sine
1681 1296 1759 1335 ullo
1779 1310 1900 1334 sensu
1921 1296 2005 1334 voci
2026 1299 2130 1335 vilae

1255 1354 1476 1405 praeligitur
1513 1353 1631 1403 idque
1669 1353 1871 1391 seiunctim
1904 1354 1938 1390 in
1971 1352 2128 1405 optimis

1255 1410 1388 1455 codd,
1419 1411 1667 1461 apertissime
1700 1411 1811 1448 :iobis
1843 1410 2002 1454 indicat,
2038 1408 2129 1447 hinc

1256 1467 1343 1505 loco
1358 1467 1551 1505 medelam
1568 1480 1661 1504 esse
1677 1466 1948 1505 adhibendam.
1973 1466 2130 1505 lnvt‘sae

1256 1524 1359 1575 quod
1374 1523 1477 1562 Oud.
1505 1524 1685 1569 coniecit,
1712 1536 1948 1574 qtiainquam
1973 1526 2129 1561 senten-

1253 1581 1329 1619 tiae
1344 1581 1444 1618 bene
1458 1581 1650 1618 convenit.
1661 1580 1785 1618 miuus
1795 1585 1921 1618 tamen
1935 1580 2132 1632 probatur,

1255 1637 1372 1688 quod.
1386 1638 1418 1675 si
1434 1637 2132 1689 ponamus,proptereasdemlitteras

1255 1693 1488 1733 vocabulum
1517 1708 1610 1731 esse
1626 1695 1833 1732 omissum.
1861 1695 1913 1732 ita
1926 1697 2132 1744 utrumque

1256 1752 1435 1790 aberrare
1462 1765 1536 1789 non
1563 1751 1693 1789 debet.
1720 1750 2027 1801 Equidemhauc
2041 1764 2132 1802 qua·

1259 1808 1490 1859 lemeunque
1517 1809 1774 1846 coniecturam
1799 1822 1991 1860 propono:
2025 1812 2134 1848 certe

1259 1865 1321 1904 rel
1343 1864 1432 1903 illic.-
1452 1865 1645 1905 habitura
1668 1866 1772 1903 vilae
1788 1866 1986 1916 pessimae
2001 1866 2134 1917 finem.

1258 1922 1279 1960 i.
1307 1935 1341 1958 e.
1380 1925 1549 1959 montem
1589 1921 1780 1959 declivem
1826 1921 1935 1973 petiit
1972 1920 2134 1972 Psyche

1258 1991 1359 2029 qnae
1374 1977 1521 2016 habere
1537 1978 1655 2015 vellet
1671 1979 1771 2016 ritae
1786 1978 1909 2016 linem.
1931 1976 2134 2030 corruptio

1258 2033 1441 2073 facillime
1468 2036 1521 2073 ita
1544 2034 1623 2072 lieri
1650 2035 1793 2085 potuit,
1824 2035 1930 2086 quod
1955 2036 1989 2073 in
2016 2035 2130 2073 codd.

1258 2091 1408 2130 habere
1444 2105 1513 2143 per
1551 2091 1820 2142 compendium
1852 2092 2031 2130 scribitur
2067 2092 2137 2139 lt‘5

1261 2153 1353 2187 lara
1378 2161 1470 2186 vero
1495 2149 1761 2186 terminatione
1787 2162 1862 2186 non
1883 2149 1936 2187 ita
1953 2148 2139 2188 abhorret

1260 2219 1283 2243 a
1314 2209 1437 2244 tractu
1469 2205 1679 2244 litterarum
1713 2207 1791 2244 rita
1826 2205 1886 2243 vel
1914 2206 2002 2245 vile.
2050 2205 2138 2245 Nec

1261 2265 1408 2301 remota
1428 2262 1578 2300 videtur
1594 2275 1688 2300 esse
1702 2262 1943 2300 emendatio:
1970 2262 2136 2310 datura,

1261 2318 1324 2356 vel
1346 2324 1457 2358 certa
1480 2319 1542 2357 vel
1559 2320 1649 2358 illic
1662 2319 1811 2358 habere
1826 2320 2138 2371 vituepessae'mae

1258 2377 1377 2428 finem
1393 2374 1459 2427 [ex
1474 2376 1706 2427 compendio
1721 2376 1746 2414 Ιι
1756 2382 1782 2422 ⁹,
1797 2375 1902 2426 quod
1916 2376 1952 2414 in
1967 2377 2008 2414 ἱη
2024 2375 2139 2415 facile

1263 2432 1463 2484 depravari
1490 2432 1644 2484 potuit]
1673 2432 1838 2471 Meliora
1863 2433 2036 2471 invenire
2061 2447 2136 2471 non

1264 2493 1449 2541 poteram.
1466 2488 1644 2527 Ceterum
1659 2490 1851 2535 ἰητρηίνο,
1862 2489 1966 2540 quod
1979 2488 2140 2540 vulgata

1264 2546 1377 2585 lectio
1403 2546 1584 2597 praebet,
1615 2558 1683 2596 pro
1710 2547 1944 2598 acquirere,
1976 2546 2137 2593 habere,

1264 2601 1459 2641 nonnullis
1479 2602 1673 2653 exemplis
1688 2602 1858 2641 Gronov.
1873 2602 2034 2641 Diatrib.
2052 2602 2096 2640 T.
2112 2602 2138 2641 1.

1263 2673 1303 2711 p.
1329 2663 1396 2700 83.
1421 2660 1550 2711 ibique
1578 2658 1754 2697 Handius
1787 2664 1997 2712 exponunt.
2047 2658 2137 2698 Edi-

1265 2721 1324 2755 tor
1338 2716 1536 2767 Goetting.
1562 2715 1801 2754 emendavit:
1828 2721 1941 2755 certa
1966 2715 2030 2755 vel
2050 2716 2139 2756 illic

1267 2774 1444 2812 invenire
1476 2773 1537 2811 vel
1563 2773 1667 2811 inire
1693 2773 1795 2811 vitae.
1816 2786 1861 2824 p.
1883 2772 1942 2825 f.]

1322 2830 1528 2869 horridos.
1591 2828 1748 2881 [Undae
1785 2828 1903 2866 sontis
1939 2829 2141 2869 horridae

1266 2887 1526 2933 nominantur,
1566 2887 1655 2937 quia
1679 2885 1786 2936 nigro
1810 2890 1901 2923 sunt
1924 2885 2075 2932 colore,
2101 2889 2140 2924 et

1266 2943 1319 2981 ita
1343 2943 1542 2982 horrorem
1568 2943 1723 2983 adeunti
1748 2942 1920 2981 iniicinut
1961 2942 2010 2982 cf.
2036 2942 2139 2982 Cort.

1263 2999 1315 3038 ad
1339 2999 1487 3039 Lucan.
1512 2998 1577 3039 Ill.
1603 2996 1718 3051 411]

1323 3055 1438 3096 editi.
1479 3057 1646 3102 Educa,
1663 3055 1767 3106 quod
1782 3068 1804 3092 e
1818 3055 1903 3094 cod.
1923 3055 2090 3095 Florent.
2104 3060 2138 3097 1.

1266 3113 1451 3164 praetulit
1485 3111 1606 3158 Etm„
1647 3112 1908 3163 sequentibus
1944 3113 1994 3152 de
2029 3126 2141 3151 more

1269 3169 1464 3208 Scriverio
1490 3173 1530 3208 et
1554 3168 1731 3214 Florido‚
1762 3182 2008 3220 nequaquam
2035 3169 2138 3208 Oud.
