2155 3590
579 123 769 166 LIBER
798 123 827 164 1.

886 119 1015 161 CAP.
1045 116 1135 157 XV.
1165 111 1274 153 XVI.
1785 101 1838 142 51

30 260 194 310 prorsus
225 243 465 285 esurientem
495 239 572 280 mei
603 236 872 293 prospexisse.
933 234 995 274 Ac
1024 225 1264 272 recordabar
1288 221 1466 277 profecto
1497 217 1641 257 bonam
1665 213 1838 256 Meroen

31 309 112 345 ειιοιι
135 299 406 344 miserlcordia
430 296 564 350 iugulo
589 308 677 335 meo
702 304 924 348 pepercisse
950 288 1017 330 sed
1042 283 1211 328 saevitia
1234 277 1344 321 cruci
1369 289 1431 318 me
1455 285 1702 316 reservasse.

585 439 1028 492 CAPUT
1121 431 1282 483 XVI.

144 584 190 625 In
215 582 433 624 cubiculum
460 580 590 632 itaque
615 589 819 625 reversus,
848 575 894 613 de
921 583 1066 626 genere
1091 563 1346 608 tumultuario
1372 559 1510 601 mortis
1538 556 1546 613 l
1573 570 1634 596 me

293 638 371 679 Sed
398 651 484 677 cum
511 634 660 674 nullum
685 632 790 672 aliud
816 630 935 670 telum
961 625 1208 667 mortiferum
1234 619 1413 661 Fortuna
1445 629 1561 669 quam
1594 612 1720 653 solum
1746 609 1840 649 mihi

909 681 1135 738 grabatule,
1163 679 1323 731 inquam
1347 674 1478 714 animo
1504 684 1591 711 meo
1617 666 1838 716 carissime,

32 642 231 684 berabam.

32 697 279 754 grabatulum
305 693 643 735 subministraret:
671 686 753 728 Iam
782 687 879 736 iam⁷

32 755 97 809 qui
121 767 272 794 mecum
299 758 357 791 tot
381 761 591 790 aerumnas
617 743 856 791 exanclasti.
886 740 1067 781 conscius
1093 744 1133 777 et
1157 734 1307 775 arbiter
1331 744 1430 785 quae
1457 735 1571 768 nocte
1591 731 1704 780 gesta
1728 729 1837 764 suut.

31 825 144 865 quem
171 809 296 850 solum
321 807 361 847 in
386 819 473 846 meo
499 810 613 844 reatu
637 808 778 842 testem
802 796 1055 839 innocentiae
1081 793 1205 834 citare
1230 802 1412 844 possum,
1439 793 1481 826 tu
1500 783 1595 824 mihi
1615 782 1663 821 ad
1684 778 1841 821 Inl'cros

26 865 235 908 <festinanti
260 863 516 905 subministra
541 860 659 900 telum
686 857 875 898 salutare.

939 852 992 893 Et

1023 865 1110 891 cum
1142 848 1246 889 dicto
1275 845 1412 887 restim
1444 855 1519 895 qua
1551 846 1639 880 erat
1662 837 1842 877 intextus

30 922 245 978 aggredior
268 920 471 975 expedire,
499 931 545 957 ao
571 915 696 969 tigillo
728 913 830 967 quod
861 912 1061 952 fenestrae
1093 905 1290 946 subditum
1320 900 1558 941 altrinsecus
1597 892 1843 950 prominebat

25 981 176 1022 iniecta
207 985 323 1032 atque
355 975 487 1016 obdita
518 979 629 1029 parte
661 969 824 1011 funiculi
856 974 896 1008 et
927 966 1052 1006 altera
1083 960 1250 1003 firmiter
1273 959 1315 999 iu
1342 957 1485 997 nodum
1513 959 1650 993 coacta
1675 961 1843 990 ascenso

32 1075 245 1103 exurientem
264 1074 300 1101 L.
315 1072 352 1100 D.
367 1079 403 1099 π.
452 1076 502 1096 me
510 1074 625 1105 prosp.
639 1067 673 1094 F.
690 1067 719 1093 1.
734 1067 765 1093 3.
780 1065 816 1092 G.
831 1064 867 1091 P.
882 1063 921 1090 D.
936 1062 971 1089 L.
988 1060 1022 1087 0.
1039 1059 1060 1087 s.
1077 1065 1113 1085 π.
1128 1056 1204 1085 Cod.
1219 1056 1306 1083 Pelr.
1332 1054 1366 1080 ln
1381 1054 1454 1080 cett.
1470 1052 1517 1078 est
1529 1071 1537 1081 ,
1557 1046 1630 1074 mei.
1678 1053 1700 1072 α
1713 1040 1845 1072 record.

30 1123 69 1150 1).
89 1128 111 1149 a
135 1128 175 1149 m.
196 1127 224 1153 p.
286 1116 452 1145 Moeroem
472 1116 509 1142 D.
525 1111 673 1141 ulmeam
686 1112 721 1139 Ο.

779 1108 869 1135 mira
887 1114 942 1141 pro
962 1099 1199 1132 misericordia
1212 1102 1248 1128 P.
1262 1106 1302 1127 ex
1317 1096 1506 1131 compendio
1519 1092 1599 1120 ηιῖη.

1653 1088 1847 1128 pepercisse

32 1168 145 1195 exulat
159 1167 199 1193 ab
213 1165 247 1192 0.
262 1164 300 1191 D.
315 1170 336 1190 a
348 1170 388 1190 m.
403 1169 432 1195 p.
480 1164 638 1186 servasse
652 1158 686 1185 B.
704 1164 733 1190 p.
749 1158 779 1183 et
794 1154 864 1182 edd.
878 1155 954 1180 ven.
968 1153 1034 1178 ειιιῐ.
1050 1149 1140 1177 colv.

123 1207 313 1238 cuniculum
325 1208 439 1236 Vener.
456 1207 486 1233 ἱ).

536 1199 843 1231 ιιιυιιιῖίιιι·ι”αεΡ.ἱη
857 1195 1126 1229 excerptisfflm„
1142 1191 1225 1224 quod
1239 1192 1373 1217 secutus
1387 1190 1434 1215 est
1450 1185 1554 1213 Sci-iv.
1578 1181 1846 1211 lnc011.1³utscn.

25 1257 152 1292 degitur
171 1251 376 1282 tumultuari
394 1256 426 1279 ut
446 1251 480 1278 in
500 1251 535 1278 G.
555 1249 594 1276 D.
609 1247 630 1275 f.
678 1241 858 1273 arandis-tv·
868 1243 905 1269 L.
923 1241 1005 1269 unde
1020 1240 1110 1267 Colv.
1124 1236 1273 1265 emendat
1292 1230 1491 1260 arhansista·
1508 1234 1535 1257 et
1551 1229 1631 1256 Oud.
1652 1223 1846 1259 enudas-ti,

27 1308 116 1336 ,quae
129 1301 328 1336 glossemata
340 1299 426 1325 sunt.
475 1290 676 1321 exano-lasci
692 1291 728 1319 F.
749 1291 779 1317 3.
799 1289 836 1316 Β.
852 1288 886 1315 Ρ.
908 1288 944 1314 G.
960 1285 981 1313 f.
1003 1292 1031 1318 n.

1047 1283 1117 1311 edd.
1131 1284 1208 1309 vett.
1222 1276 1425 1314 aranglasn·
1436 1278 1471 1304 Ο.
1486 1272 1664 1302 exue-lasci
1674 1273 1712 1299 1).
1727 1278 1747 1299 a
1762 1278 1790 1304 p.
1804 1277 1845 1297 m.

28 1344 246 1375 innocentiae
265 1344 299 1371 in
316 1344 356 1371 D.
376 1349 439 1369 non
458 1343 507 1368 est
526 1338 591 1366 nisi
612 1344 632 1365 a
651 1344 691 1364 m.
710 1343 736 1363 s.
758 1334 791 1361 in
811 1339 912 1366 marg.
963 1332 998 1357 lu
1019 1336 1122 1361 usque
1141 1327 1183 1354 ad
1201 1323 1361 1352 salutare
1380 1323 1481 1350 verba
1494 1322 1612 1348 absunt
1628 1318 1660 1345 in
1675 1318 1713 1344 D.
1728 1323 1801 1344 am.
1817 1322 1845 1348 p.

27 1389 196 1421 ,sestinati
211 1390 325 1418 venei.
346 1389 375 1414 2.
395 1383 522 1413 restim
540 1385 579 1412 1).
601 1380 718 1409 restim
738 1386 808 1416 qua
826 1379 903 1404 erat
924 1376 953 1403 is
976 1376 1088 1402 lenens
1108 1373 1199 1400 Colv.
1219 1369 1367 1398 emendat
1389 1370 1417 1395 et
1432 1365 1537 1393 Scriv.
1552 1364 1585 1391 in
1600 1362 1756 1391 Anecdot.
1773 1368 1800 1394 p.
1815 1362 1846 1386 ὃ.

28 1438 177 1465 intextus
189 1436 228 1463 D.
241 1442 279 1463 π.
327 1434 487 1468 expetere
502 1436 557 1464 pro
570 1424 730 1463 ‹ez-pedire
743 1426 780 1452 R.
797 1423 817 1451 f.
858 1421 1024 1460 fenestra
1038 1420 1116 1447 Bas.
1134 1418 1161 1445 l.
1176 1419 1204 1444 et
1222 1414 1326 1443 Coliu.
1375 1410 1549 1439 aleaseeus
1563 1410 1599 1436 L.

34 1483 119 1511 unde
131 1481 228 1510 edidit
242 1481 326 1508 Elm.
340 1477 425 1506 Prie.
440 1479 469 1504 et
484 1473 604 1503 Florid.
618 1469 753 1499 obde'cm
766 1472 815 1497 est
829 1468 862 1496 in
876 1468 913 1495 F.
928 1468 959 1494 3.
980 1462 1100 1492 οὑίΙιία
1120 1471 1151 1497 p.

1648 1404 1794 1433 abduc-ea
1807 1405 1846 1433 B.

1209 1468 1232 1488 a
1250 1458 1368 1486 latera
1388 1464 1444 1491 pro
1466 1453 1581 1482 altera
1600 1453 1637 1482 F.
1655 1454 1682 1481 1.
1741 1452 1848 1478 aur-ea

29 1535 92 1563 ¹pro
106 1528 230 1554 coactu
243 1525 278 1553 P.
294 1524 379 1551 unde
398 1522 477 1550 Oud.
492 1518 632 1547 coniecit
646 1518 729 1544 acea
743 1517 796 1544 vel
810 1516 917 1540 ancta
931 1520 957 1540 s.
972 1511 1109 1538 artata.

28 1604 126 1657 .lipsi
162 1614 332 1655 pronom.
364 1611 520 1651 person.
552 1596 586 1633 in
627 1592 911 1632 constructione

37 1662 130 1700 Ace.
163 1673 196 1698 c.
228 1657 293 1696 inf.
318 1655 552 1706 saepissime
579 1651 704 1690 obvia.
742 1647 825 1686 Sed
848 1646 911 1684 hic

38 1716 131 1756 nihil
162 1719 280 1754 muto.
322 1713 499 1751 Alterum
525 1722 583 1747 mc
606 1721 675 1759 pro
700 1706 776 1744 mei
806 1702 909 1741 oud.

39 1775 88 1813 ab
113 1774 158 1811 iis
184 1774 370 1810 mutatum
396 1780 488 1806 esse
509 1768 631 1817 putat,
658 1764 722 1813 qui
742 1775 800 1800 me
820 1763 911 1811 posi·

37 1830 196 1870 memini
220 1826 443 1867 necessario
475 1822 620 1862 adesse
652 1820 797 1858 debere
833 1829 911 1854 cre-

38 1887 226 1925 diderunt.
254 1884 309 1936 [A
334 1881 497 1921 Graecis
523 1890 680 1930 quoque
704 1875 824 1913 verba
847 1872 911 1910 ‹le-

38 1943 170 1981 -siderii
194 1954 279 1980 cum
305 1940 420 1991 geuit.
440 1938 643 1987 iunguntur
661 1932 735 1971 sed
755 1943 914 1969 accusa-

42 2001 159 2038 tivum
195 1999 316 2037 rarius
347 1994 585 2034 adsciscunt.
622 1989 680 2028 lta
710 1987 815 2039 apud
839 1985 915 2024 La-

36 2058 141 2095 ·tinos
168 2053 415 2094 accusativus
441 2050 570 2087 verbis
595 2045 789 2085 esuriendi
809 2046 847 2080 et
866 2042 916 2079 si-

42 2112 160 2152 tiendi
180 2111 342 2155 additur,
361 2111 402 2146 ut
420 2107 482 2145 hic
501 2119 560 2144 me
578 2118 610 2143 c.
629 2102 783 2154 optimis
804 2098 918 2138 codd.

42 2170 206 2208 retinere
232 2181 305 2205 non
331 2162 531 2214 dubitem]

103 2224 204 2264 CAr.
217 2222 325 2262 XVI.
341 2219 585 2261 eoecmclasti.
598 2217 749 2256 Omnes
759 2212 872 2253 codd.
883 2215 921 2249 et

48 2282 135 2322 edd.
168 2284 261 2319 vett.
292 2277 536 2318 consentiunt
560 2276 596 2313 in
621 2273 696 2312 hac
721 2272 921 2321 scriptura,

49 2351 150 2391 quae
158 2338 206 2377 ab
215 2336 316 2375 Oud.
326 2334 433 2373 nulla
447 2344 591 2371 caussa
605 2329 737 2369 addita
749 2326 924 2365 reiicitur.

43 2397 158 2435 ·V0ss
173 2395 209 2432 in
217 2392 388 2444 Etym.s.
403 2404 436 2428 v,
452 2387 667 2428 escantlare
680 2397 760 2423 rem
774 2384 826 2422 ita
839 2381 925 2419 diri-

50 2466 155 2492 mere
178 2450 336 2495 studuit,
360 2451 402 2486 ut
426 2445 572 2498 duplex
592 2442 826 2495 proponeret
844 2451 926 2476 ver-

51 2511 155 2555 bum,
180 2519 339 2558 quorum
366 2504 529 2543 alterum
554 2496 779 2540 exanclare
809 2495 923 2547 sigui-

54 2567 183 2605 noaret
195 2564 436 2605 ministrare,
452 2559 615 2598 alterum
629 2555 809 2595 antlare:
829 2552 925 2590 Itan·

48 2623 147 2668 rire,
163 2620 396 2663 exhaurire,
417 2628 532 2667 quem
545 2616 705 2652 secutus
725 2613 787 2648 cst
799 2607 927 2646 Doed.

55 2680 91 2717 iu
112 2677 208 2729 Syn.
224 2675 335 2714 Toni.
349 2673 419 2712 Vl.
440 2686 475 2724 p.
494 2674 585 2711 115.
606 2667 798 2721 Equidem
811 2665 928 2714 scrip-

54 2739 175 2782 turam
200 2732 424 2773 eoeanclare
443 2726 698 2780 probaverim,
712 2736 785 2761 non
801 2721 930 2771 solum

52 2791 131 2836 hic,
145 2790 219 2829 sed
231 2791 267 2827 in
284 2788 370 2828 aliis
379 2797 534 2838 quoque
544 2781 657 2822 codd.
666 2780 822 2832 optimis
829 2790 930 2816 sem-

54 2860 128 2899 per
140 2848 390 2885 reservatam.
416 2841 597 2882 A‘nclare
612 2839 713 2877 enim
726 2837 774 2875 ab
789 2833 933 2874 ἀντλεῖν

58 2902 343 2951 deducendum,
355 2904 397 2939 ut
409 2898 568 2949 saepius
585 2896 624 2934 fit
637 2896 784 2933 mutata
795 2891 935 2934 littera,

60 2961 211 2999 retinuit
235 2958 404 2997 latinitas
430 2956 479 2995 ab
504 2954 630 3004 iisque
656 2955 719 2989 est
746 2950 933 2987 mutatum

63 3017 126 3067 qui
139 3015 312 3055 formam
337 3014 386 3052 ad
407 3012 590 3062 originem
608 3010 718 3047 erant
729 3003 936 3049 reducturi3

65 3073 113 3111 cs.
137 3072 221 3111 lntt.
253 3071 301 3110 ad
320 3068 429 3108 Fest.
456 3082 494 3120 p.
515 3070 609 3107 314.
633 3063 812 3102 Lindem.
831 3057 938 3100 Mos.

65 3129 113 3168 ad
141 3128 215 3166 Cic.
236 3126 438 3166 Tuscum.
465 3127 529 3164 49.
560 3136 598 3173 p.
623 3117 834 3169 1108sq.11.
851 3121 938 3167 84».

972 1590 1066 1628 460.
1099 1583 1333 1624 Emonam-0
1360 1579 1497 1631 prohat
1512 1574 1701 1626 Stephani.
1729 1573 1764 1610 in
1781 1569 1851 1609 Ca-

970 1645 1086 1694 sugg.
1101 1641 1150 1680 ad
1165 1639 1243 1677 Cic.
1259 1637 1377 1676 Tusc.
1392 1636 1440 1675 cf.
1455 1631 1602 1673 Moser.
1613 1629 1645 1669 Τ
1650 1643 1723 1668 om.
1736 1627 1796 1666 ssl.
1814 1640 1850 1678 p.

972 1704 1054 1741 370
1078 1711 1138 1748 sq.
1171 1696 1303 1734 Burm.
1328 1691 1489 1733 Antliol.
1517 1689 1563 1728 11.
1595 1703 1630 1740 p.
1658 1690 1753 1727 460.
1785 1698 1851 1722 m·-

972 1756 1142 1796 anclare
1167 1754 1282 1791 etiam
1311 1751 1448 1802 probat
1472 1746 1624 1785 l'lacid.
1651 1742 1786 1781 Gloss.
1814 1754 1849 1791 p.

972 1827 1010 1864 p.
1025 1816 1118 1852 458.
1143 1807 1237 1849 Mai.
1257 1805 1483 1846 exanclare
1508 1801 1730 1841 exhaurire
1755 1801 1793 1836 et
1814 1810 1852 1847 p.

973 1873 1067 1911 460.
1099 1865 1324 1907 emmer-lare
1357 1862 1419 1901 uhi
1454 1858 1662 1911 legendum
1695 1859 1757 1893 est
1783 1867 1851 1893 ea·-

973 1927 1154 1965 am'mare
1202 1921 1312 1974 [cod.
1355 1914 1613 1965 examinare]
1662 1912 1721 1950 vel
1767 1910 1851 1949 mi-

973 1979 1148 2032 mutire]

1032 2042 1149 2076 reatu
1175 2035 1214 2087 [i.
1235 2048 1270 2073 e.
1295 2037 1401 2071 statu
1420 2031 1485 2069 rei.
1517 2028 1604 2067 Hoc
1623 2023 1855 2065 vocabulum

975 2098 1079 2134 teste
1087 2089 1324 2139 Quintwll.
1340 2093 1378 2129 3.
1388 2092 1452 2129 34.
1468 2087 1631 2139 primum
1645 2079 1855 2122 aMessala

980 2149 1149 2201 Augusti
1180 2147 1420 2198 temporibus
1450 2144 1676 2192 usurpatum
1711 2139 1746 2176 in
1779 2149 1856 2175 om-

980 2221 1051 2247 ues
1077 2205 1219 2245 deinde
1243 2204 1453 2255 scriptores
1479 2200 1571 2238 abiit
1595 2198 1680 2235 eius
1706 2195 1791 2234 aevi
1819 2197 1857 2230 et

981 2266 1030 2304 ab
1052 2262 1221 2315 Apuleio
1246 2260 1406 2310 saepius
1433 2257 1598 2310 ponitur:
1623 2250 1721 2292 Met.
1736 2249 1797 2289 ln.
1818 2263 1858 2301 p.

986 2325 1078 2362 184.
1103 2318 1187 2357 Vll.
1221 2331 1258 2369 p.
1286 2319 1378 2356 460.
1423 2313 1530 2351 {dem
1562 2311 1763 2349 restituere
1794 2319 1857 2343 vo-

985 2378 1119 2418 luerim
1145 2375 1237 2414 Tae.
1265 2372 1366 2412 Anu.
1384 2371 1419 2410 ἸΙ.
1452 2373 1518 2409 44.
1570 2366 1858 2407 centurionum

984 2430 1143 2474 reatum
1162 2432 1258 2484 eyit,
1278 2433 1319 2468 ut
1333 2442 1393 2480 ap.
1408 2427 1492 2465 Liv.
1508 2423 1670 2467 XXIV„
1687 2426 1751 2462 25.
1775 2420 1806 2472 ᾧ.
1824 2423 1859 2458 1.

982 2493 1016 2531 is
1046 2496 1241 2542 tanquam
1265 2499 1354 2525 reos
1379 2487 1533 2538 asseret.
1577 2481 1732 2520 Rectus
1756 2475 1861 2527 apud

984 2547 1197 2600 Apuleium
1228 2547 1268 2582 et
1300 2544 1425 2593 ipsam
1462 2538 1651 2589 siguificat
1686 2534 1861 2585 speciem

987 2608 1186 2644 externam
1223 2601 1275 2638 rei
1300 2597 1342 2637 'et
1367 2597 1558 2650 habitum:
1595 2592 1642 2631 cs.
1668 2588 1765 2630 Met.
1791 2587 1862 2627 IX.

988 2676 1026 2714 p.
1053 2659 1165 2712 650]

1044 2714 1260 2766 i·estt'111.[cl'.
1276 2711 1402 2751 Doed.
1417 2710 1515 2760 Syn.
1529 2706 1640 2745 Tom.
1656 2704 1705 2742 V.
1725 2716 1762 2754 p.
1779 2699 1861 2753 315]

1047 2773 1190 2813 obdita
1221 2769 1301 2822 [est
1331 2767 1523 2817 adligata,
1555 2761 1780 2806 constricta3
1815 2756 1863 2796 cs.

991 2830 1086 2870 Met.
1100 2827 1164 2867 111.
1178 2841 1216 2880 p.
1233 2823 1408 2868 206.1X.
1429 2836 1466 2873 p.
1484 2822 1576 2860 699.
1607 2817 1718 2856 Haec
1735 2818 1865 2854 tamen

991 2884 1172 2925 vocabuli
1197 2881 1423 2934 significatio
1445 2877 1546 2928 quod
1567 2876 1688 2913 sciam
1708 2871 1867 2923 Apulcii

993 2947 1055 2982 est
1067 2942 1233 2994 propria.
1250 2948 1481 2989 quamquam
1496 2933 1719 2971 contii-mata
1732 2928 1867 2966 Gloss.

993 2999 1148 3039 Philox.
1169 3011 1205 3048 p.
1221 3000 1285 3036 45.
1313 2992 1427 3032 obdit
1454 2988 1671 3039 conz'mzyv’t
1697 2984 1867 3034 abiton]

1054 3059 1202 3095 com-m
1227 3051 1306 3104 [Ex
1331 3050 1521 3099 scriptura
1545 3044 1589 3083 P.
1616 3047 1737 3083 mrem
1765 3041 1870 3077 ond.

998 3111 1178 3152 emendat
1238 3111 1362 3148 ancta
1422 3103 1482 3141 vel
1531 3105 1683 3190 aytpta.
1764 3095 1870 3134 'Nihil

1565 3172 1580 3198 ι

1638 569 1724 595 cum
1745 551 1838 594 deli-
1866 560 1906 592 53
