2155 3590
658 139 846 180 LIBER
875 140 952 183 lv.
1009 139 1137 183 CAP.
1164 137 1353 179 XXVII.

1824 139 1904 190 2281

125 255 235 297 dibus
265 254 477 308 fugientem
507 253 661 294 alienis.
711 251 841 306 thue
874 253 1043 294 clamore
1073 253 1220 308 percito
1251 253 1447 295 formosae
1477 260 1629 307 raptum
1653 252 1792 299 uxoris
1818 268 1907 295 con-

124 324 291 365 querens
316 310 444 364 populi
464 308 470 366 Ι
491 316 659 350 testatur
683 309 889 360 auxilium,
917 310 1070 363 quidam
1096 310 1142 350 de
1165 307 1383 350 latronibus
1407 309 1651 362 importunae
1670 310 1907 364 persecutio·
1933 313 2030 359 [155]

124 369 185 408 nis
209 366 478 420 indignatione
501 372 722 420 permotuS‚
750 379 850 405 saxo
876 366 1015 420 grandi
1039 380 1108 420 pro
1134 365 1293 420 pedibus
1323 372 1481 419 arrepto
1511 366 1701 406 misellum
1726 366 1907 407 iuvenem

123 423 305 464 maritum
339 436 467 462 meum
501 435 727 476 percussum
770 421 983 462 interemit.
1043 422 1153 463 Talis
1195 422 1400 476 adspectus
1436 422 1643 462 atrocitate
1678 423 1905 476 perterrita,

123 494 260 523 somno
292 479 448 518 funesto
478 491 626 532 pavens
656 491 827 518 excussa
859 492 959 518 sum.
1008 478 1122 519 Tunc
1151 479 1304 519 fletibus
1335 479 1420 518 eius
1450 478 1702 532 adsuspirans
1728 492 1825 519 anus
1851 479 1908 519 sic

122 535 274 590 incipit:
299 533 413 574 Bono
439 535 569 574 animo
594 541 701 584 esto,
730 534 781 573 mi
807 535 964 585 herilis,
992 549 1064 575 nec
1089 535 1201 576 vanis
1226 535 1466 578 somniorum
1492 534 1687 588 figmentis
1713 542 1904 576 terreare.

121 591 226 633 Nam
250 597 408 645 praeter
431 591 529 645 quod
557 591 718 632 diurnae
738 589 746 646 Ι
767 591 908 644 quietis
933 591 1124 645 imagines
1149 592 1272 632 falsae
1296 590 1569 646 perhibentur,
1597 598 1676 633 tum
1702 591 1819 636 etiam
1839 605 1908 637 no·
1932 593 1999 629 298

124 655 285 690 cturnae
315 647 491 687 visiones
522 647 743 687 contrarios
775 654 940 688 eventus
972 661 1250 702 nonnunquam
1281 647 1549 702 pronuntiant.
1600 645 1780 701 Denique
1816 647 1909 689 flere

123 712 161 746 et
189 704 376 759 vapulare
407 711 447 744 et
476 717 754 757 nonnunquam
786 703 956 758 iugulari
985 704 1181 744 lucrosum
1212 706 1516 759 prosperumque
1546 711 1777 757 proventum
1810 718 1909 744 nun-

121 761 241 802 tiant:
270 767 408 801 contra
431 760 561 801 ridere
586 768 625 800 et
647 760 804 800 mellitis
830 760 1006 801 dulciolis
1030 768 1207 801 ventrem
1233 761 1416 815 saginare
1440 760 1504 801 vel
1527 760 1567 800 in
1585 760 1823 814 voluptatem
1843 774 1910 801 ve—

122 911 238 940 alz‘evi’
252 914 288 941 G.
303 914 333 941 1.
347 919 368 941 a
381 921 409 947 p.
423 920 465 941 m.
507 912 643 948 partito
662 910 810 939 clamare
828 909 857 940 δ.
879 920 908 946 p.
957 912 1157 949 conquirens
1175 912 1289 942 Venet.
1302 914 1334 942 2.
1352 914 1435 942 Iunt.
1458 914 1486 941 1.
1531 910 1763 949 praepedibns.
1791 914 1910 943 Incert.

123 959 191 987 cod.
207 961 287 987 teste
299 959 378 986 Oud.
398 955 600 994 propedibus
615 965 678 985 uno
693 961 802 986 tenore
815 957 1033 992 conscriptum
1045 958 1159 986 Venet.
1172 959 1204 987 2.
1219 959 1345 986 4.1unt.
1362 958 1390 986 1.
1404 959 1480 987 Ald.
1525 960 1666 994 arrepto
1681 960 1717 991 G.
1734 959 1762 986 1.
1775 959 1807 987 2.
1820 959 1859 987 D.
1874 959 1911 987 B.

123 1005 299 1039 arreptum
313 1004 349 1032 P.
374 1002 513 1039 abrepto
526 1003 562 1032 F.
579 1004 646 1031 1.3.
661 999 689 1030 δ.
704 1004 742 1031 R.
757 1003 827 1031 edd.
840 1005 916 1031 vett.
947 1001 1077 1030 abiecto
1091 1010 1128 1032 π.
1176 1005 1211 1030 et
1222 1001 1276 1030 vel
1285 1010 1341 1037 pro
1357 1001 1437 1030 talis
1457 1011 1486 1037 p.
1512 997 1674 1040 (fortasse
1693 1003 1849 1038 scriptum
1871 1001 1911 1032 tl·

123 1049 144 1077 i.
159 1057 186 1077 e.
203 1046 299 1084 talis,
326 1049 409 1082 quod
428 1048 528 1076 facile
548 1048 737 1076 commutari
754 1051 893 1081 poterat,
920 1055 1017 1081 quum
1037 1046 1090 1075 cel
1106 1048 1139 1076 in
1158 1049 1247 1076 codd.
1265 1051 1390 1076 notetur
1410 1048 1597 1082 compendio
1610 1043 1668 1084 Γ).
1717 1048 1913 1084 proterrita

123 1096 159 1123 G.
175 1095 206 1122 2.
245 1092 410 1133 semestra
423 1095 537 1121 Venet.
552 1095 582 1121 1.
629 1091 867 1131 sonennfacies
880 1091 1050 1129 idparens
1065 1100 1100 1120 π.
1138 1089 1301 1129 flectibus
1313 1093 1384 1120 eius
1399 1094 1435 1121 G.
1452 1095 1480 1121 1.
1496 1090 1640 1129 βείῐέτιε
1659 1094 1772 1122 Venet.
1786 1095 1816 1122 4.
1863 1101 1913 1120 me

124 1137 241 1166 herilis
255 1139 276 1167 f.
301 1138 349 1166 mi
364 1136 516 1166 hercules
528 1139 578 1166 ed.
593 1146 639 1172 pr.
654 1138 780 1166 VIcent.
794 1139 908 1166 Venet.
922 1140 953 1166 2.
967 1144 1066 1173 marg.
1081 1139 1159 1166 Bas.
1176 1139 1203 1166 1.
1230 1145 1279 1164 me
1291 1135 1443 1165 hercules
1455 1140 1538 1166 lunt.
1554 1140 1583 1166 1.
1597 1139 1709 1167 Venet.
1721 1141 1749 1168 4.
1764 1142 1793 1168 et
1807 1139 1913 1168 Paris.

124 1191 197 1211 mea
210 1181 327 1210 herilis
338 1185 415 1212 Ald.
428 1185 506 1212 Bas.
524 1184 551 1211 1.
565 1184 601 1211 B.
630 1182 796 1210 terrearis
809 1184 845 1211 G.
864 1184 891 1210 1.
907 1184 940 1211 0.
965 1180 1099 1209 divinae
1112 1191 1168 1217 pro
1182 1181 1324 1210 diurnae
1337 1185 1372 1211 G.
1385 1185 1411 1212 1.
1421 1184 1455 1212 0.
1470 1190 1490 1212 a
1503 1191 1542 1211 m.
1555 1190 1585 1217 p.
1599 1181 1781 1211 diuturnae
1789 1185 1912 1213 G.2.D.

125 1229 314 1256 tunc-etiam
323 1229 392 1257 F.3.
402 1230 438 1257 G.
447 1230 476 1256 1.
486 1225 601 1256 2.D.‹5.
614 1226 897 1264 Verbaadem'que
906 1242 943 1247 -—
955 1227 1117 1254 nuntiant
1129 1229 1243 1257 desunt
1252 1228 1284 1256 in
1295 1227 1315 1256 f.
1341 1235 1577 1264 nonnunquam
1592 1230 1674 1256 delet
1683 1230 1768 1258 v.D.
1777 1230 1817 1257 ad
1825 1236 1913 1258 oram

123 1275 171 1303 ed.
187 1275 276 1303 Colv.
289 1274 430 1308 itemque
443 1272 636 1301 Salmasius.
678 1272 910 1308 pronuntiant
921 1273 954 1300 in
969 1273 1116 1302 omnibus
1130 1281 1210 1306 quos
1224 1280 1282 1308 ego
1297 1272 1419 1301 contuli
1431 1273 1526 1301 libris
1540 1277 1569 1302 et
1583 1274 1652 1301 edd.
1665 1277 1743 1302 vett.
1758 1274 1915 1308 reperitur

122 1323 250 1354 praeter
267 1321 303 1348 G.
320 1320 348 1348 1.
359 1340 366 1354 ‚
392 1318 446 1352 qui
461 1317 713 1354 praenuntiant
730 1317 819 1351 legit.
864 1320 1064 1352 proventum
1083 1319 1193 1346 exulat
1213 1319 1298 1345 male
1311 1325 1331 1345 a
1343 1319 1380 1346 R.
1395 1320 1425 1345 et
1438 1319 1598 1346 Boxliorn.
1613 1320 1652 1346 ad
1667 1320 1754 1347 Suet.
1767 1321 1828 1347 Iul.
1841 1326 1868 1348 c.
1884 1320 1916 1348 7.

123 1364 253 1392 coniicit
265 1355 506 1400 ‘proventurum
531 1362 572 1391 cf.
581 1364 621 1391 ad
630 1363 668 1391 V.
684 1363 797 1397 p.326.
846 1363 1230 1391 cr1ncracz·rcaVenet.2.
1256 1360 1429 1396 m'derepro
1438 1361 1789 1399 rv'derevicentmarg.
1800 1365 1915 1394 Bas.1.

121 1407 234 1437 redire
241 1408 432 1445 G.2.D.{ap.
442 1416 482 1438 m.
506 1405 590 1434 idem
604 1405 632 1436 δ.
658 1410 692 1434 et
701 1406 846 1434 mellitus
860 1405 1050 1436 dalciolied.
1064 1409 1264 1443 pr.Venet.2.
1277 1409 1360 1436 Iunt.
1372 1408 1482 1438 1.Ald.
1507 1406 1723 1445 mellica'isque
1737 1406 1915 1439 dulea'nlv'B.

123 1456 157 1482 et
169 1453 319 1482 mellilae'e's
331 1452 470 1482 dulc-ioli
482 1462 510 1488 p.
524 1453 651 1481 Vicent.
686 1452 720 1480 in
739 1454 822 1487 quod
841 1456 915 1481 ante
935 1451 1060 1489 volupt.
1081 1453 1114 1481 in
1128 1454 1164 1481 G.
1182 1455 1208 1481 1.
1223 1454 1252 1481 ⁴2.
1269 1454 1382 1482 deesse
1396 1453 1471 1481 dicit
1485 1454 1580 1491 0ud.‚
1607 1453 1652 1481 ibi
1666 1457 1776 1490 aperte
1789 1454 1915 1490 legitur,

125 1602 208 1627 son.
234 1587 285 1626 de
308 1587 380 1626 ritu
404 1585 523 1637 Nupt.
557 1585 578 1624 Ι.
605 1599 636 1624 c.
668 1598 705 1636 p.
735 1589 852 1625 1027.
880 1590 918 1624 et
947 1585 991 1624 F.

130 1645 250 1686 1031.
278 1642 337 1696 C.]

184 1713 328 1752 alienis
339 1711 525 1765 pedibus.
575 1708 817 1762 [Bourdelot.
844 1710 894 1748 ad
918 1709 992 1748 Pe-

126 1774 220 1808 tron.
247 1783 278 1807 c.
293 1772 357 1809 89.
384 1781 422 1819 p.
438 1771 532 1809 562.
556 1767 621 1806 ubi
646 1767 805 1817 legitur:
830 1768 992 1819 spirata

128 1826 263 1866 alieno
287 1830 410 1870 metu,
442 1827 640 1876 comparat
670 1822 894 1863 Cassiodor.
925 1823 992 1861 Vl.

128 1895 189 1934 ep.
199 1885 263 1923 29.
274 1886 313 1920 et
324 1881 427 1920 hunc
441 1880 581 1926 locum,
591 1884 633 1917 ut
646 1879 885 1919 demonstret
898 1880 992 1919 alfe-

128 1952 203 1978 nus
215 1938 277 1977 hic
290 1952 358 1990 pro
372 1937 540 1988 genitivo
555 1937 681 1975 alieni
699 1936 869 1988 positum
888 1949 991 1975 esse.

127 1993 229 2033 Fere
249 1994 351 2033 idem
376 1993 468 2031 dicit
492 1991 592 2030 Plin.
606 1992 654 2031 H.
669 1991 718 2030 N.
738 1991 887 2031 XXIX.
906 1998 941 2032 1.
956 1997 992 2032 8.

130 2051 275 2091 alienis
294 2050 473 2103 pedibus
497 2048 746 2088 ambulamus
771 2048 882 2101 cett.]

184 2119 238 2156 mi
274 2118 428 2157 llert'lis.
475 2115 671 2155 Stewech.
708 2115 903 2168 vulgatam
937 2129 998 2154 me

130 2174 314 2214 hercules
344 2187 392 2211 eo
424 2174 577 2212 nomine
602 2172 775 2218 damnat,
813 2172 915 2223 quod
940 2172 995 2210 se-

129 2231 258 2269 minae
293 2244 367 2268 non
405 2229 609 2268 iuraverint
652 2242 721 2280 per
756 2229 994 2273 Herculem,

130 2301 154 2325 a
195 2287 303 2326 cuius
345 2287 468 2326 sacris
510 2284 694 2324 mulieres
731 2285 995 2329 abstinuerint,

130 2347 233 2382 teste
265 2341 368 2382 Gell.
400 2340 468 2380 XI.
501 2345 556 2384 6.,
587 2341 637 2379 ‹le
669 2357 744 2393 quo
770 2345 895 2379 tamen
921 2341 995 2378 iam

131 2403 259 2439 actum
273 2403 335 2437 est
347 2399 398 2437 ad
411 2397 508 2436 Met.
523 2396 568 2435 Il.
583 2410 622 2449 p.
639 2402 728 2438 154.
756 2397 838 2436 Sed
853 2398 996 2448 optima

132 2459 193 2494 est
223 2455 339 2494 lectio
370 2455 424 2493 ηιί
448 2454 606 2499 herilis,
638 2458 678 2492 ut
702 2456 756 2493 mi
780 2453 920 2492 dictum
945 2455 997 2492 sit

131 2526 181 2550 ex
203 2526 313 2550 more
335 2510 494 2563 Apuleii
517 2524 586 2562 pro
611 2525 698 2550 mea
735 2509 809 2563 [cf.
835 2510 996 2549 Taubm.

130 2569 181 2608 ad
215 2567 342 2608 Plaut.
378 2566 585 2606 Menaech.
621 2566 688 2605 IV.
715 2570 751 2608 2.
777 2571 841 2609 62.
878 2564 996 2618 Apul.

129 2623 227 2668 Met.
238 2622 306 2663 IV.
319 2639 357 2677 p.
373 2627 466 2665 292.
480 2625 532 2666 mi
543 2636 707 2675 parens.
735 2622 838 2662 VIII.
852 2636 887 2674 p.
903 2626 997 2665 530.

130 2683 185 2722 mi
208 2683 363 2721 conium
388 2680 435 2719 V.
451 2694 488 2732 p.
503 2683 596 2720 351.
621 2681 675 2718 mi
688 2692 809 2718 soror
833 2679 880 2719 cf.
895 2693 995 2731 quae

130 2737 256 2777 kusins
280 2737 454 2789 disputat
477 2736 597 2775 Voss.
624 2736 674 2774 de
698 2735 944 2788 Analogdv.
959 2740 995 2778 8.

133 2792 242 2835 Tom.
267 2792 312 2832 11.
337 2808 375 2847 p.
403 2796 483 2836 936
507 2805 567 2843 sq.
604 2791 738 2832 Eckst.
771 2793 834 2843 qui
865 2793 900 2831 in
931 2792 996 2832 ad·

132 2852 249 2893 notat.
274 2850 407 2901 plures
420 2851 555 2902 interp.
571 2852 775 2887 enumerat.
801 2848 930 2892 Burni.
946 2849 997 2887 ad

131 2902 286 2945 Petron.
313 2920 345 2945 c.
374 2909 467 2947 116.
490 2920 528 2958 p.
545 2905 656 2958 697]
681 2904 768 2944 'Nec
790 2905 996 2944 minusim-

135 2961 334 3012 probanda
356 2967 418 3002 est
431 2959 628 3001 Stewech.
653 2962 873 3000 coniectura
891 2961 998 3001 bono

137 3018 269 3058 animo
292 3033 350 3066 es,
376 3019 479 3071 quod
499 3018 580 3057 fere
599 3018 996 3069 semperiuterpretes

136 3073 292 3125 Apuleii
305 3075 514 3114 emendare
526 3074 671 3120 volunt,
681 3074 745 3112 ubi
754 3080 837 3114 esto
846 3073 995 3126 legitur.

136 3125 231 3169 Met.
245 3129 289 3170 II.
313 3145 352 3184 p.
375 3136 464 3173 114.
490 3132 591 3170 idem
619 3131 766 3182 legItur.

1106 1588 1208 1640 flere
1220 1591 1258 1625 et
1271 1586 1488 1638 vapulare.
1523 1585 1611 1624 Non
1632 1587 1762 1637 inepta
1781 1590 1842 1624 est
1854 1600 1917 1624 ve-

1051 1647 1174 1681 terum
1206 1643 1353 1694 opinio,
1392 1644 1581 1681 contraria
1611 1656 1634 1680 e
1664 1643 1825 1681 somnus
1851 1643 1916 1681 ho-

1050 1700 1217 1738 minibus
1249 1699 1443 1750 portendi,
1482 1703 1522 1738 ut
1553 1699 1700 1738 laetitia
1729 1698 1918 1745 dolorem,

1052 1756 1230 1807 quicquid
1263 1757 1404 1794 bonum
1435 1756 1579 1794 malum
1610 1756 1761 1795 indicet.
1818 1755 1917 1795 Elm.

1051 1816 1248 1864 comparat
1277 1811 1464 1851 Artemid.
1495 1812 1540 1850 II.
1572 1827 1603 1851 c.
1644 1817 1705 1853 15.
1743 1809 1918 1865 δακρύειν

1051 1870 1115 1907 καὶ
1151 1867 1364 1908 ὀδυνᾶσθαι
1399 1871 1462 1908 καὶ
1504 1870 1564 1907 ἐπὶ
1596 1872 1712 1920 νεκρῷ
1758 1871 1822 1907 καὶ
1859 1870 1918 1908 ἐπὶ

1052 1920 1156 1974 ἄλλῳ
1182 1927 1250 1964 τινὶ
1280 1927 1343 1963 καὶ
1374 1923 1468 1965 αὐτὸ
1499 1923 1542 1964 τὸ
1569 1928 1776 1965 λυπεῖσθαι
1799 1922 1918 1983 χάραν

1051 1984 1116 2020 ἐπί
1133 1997 1203 2021 τινι
1227 1983 1291 2020 καὶ
1304 1980 1438 2033 ἡδονὴν
1458 1983 1517 2020 ἐπὶ
1536 1978 1812 2034 κατορθώματι
1830 1997 1919 2034 προ-

1055 2036 1210 2090 αγορεὺς
1234 2037 1364 2088 ὀρθῶς
1387 2040 1450 2077 καὶ
1475 2036 1573 2077 κατὰ
1597 2036 1718 2090 λόγον.
1767 2038 1916 2077 Auson.

1055 2093 1220 2145 Ephem.
1250 2094 1300 2132 de
1331 2095 1461 2133 Somn.
1497 2107 1535 2146 p.
1563 2099 1627 2135 61.
1665 2094 1726 2133 ed.
1758 2094 1918 2133 Mannh.

1056 2151 1161 2190 Sunt
1189 2156 1229 2189 et
1259 2152 1331 2205 qui
1357 2153 1475 2205 fletus
1505 2156 1542 2205 el
1570 2152 1732 2203 yaudIa
1756 2157 1919 2191 contro-

1055 2220 1174 2246 versa
1215 2207 1470 2247 Coniectent:
1513 2210 1716 2261 varioque
1751 2209 1922 2247 trahant

1055 2268 1197 2302 eventa
1210 2265 1356 2303 relatu.
1376 2264 1487 2303 Auct.
1498 2263 1674 2310 Queroli:
1692 2265 1812 2303 Talia
1826 2278 1919 2316 eqo-

1052 2324 1131 2358 met
1159 2321 1281 2359 eliam
1311 2322 1527 2373 manifesto
1558 2321 1666 2359 malo
1698 2335 1818 2373 quam
1849 2326 1919 2359 tua

1053 2377 1216 2415 sommia.
1268 2377 1404 2417 Funus
1433 2379 1491 2416 ad,
1523 2377 1719 2416 laetitiam
1749 2382 1919 2431 spectat,

1055 2433 1250 2472 lacrimae
1279 2434 1337 2472 ad
1366 2435 1490 2472 risum
1516 2435 1728 2485 pertinent
1752 2438 1790 2472 et
1812 2445 1920 2471 mor-

1055 2493 1167 2528 tuum
1196 2503 1269 2528 nos
1295 2490 1547 2542 ferebamus.-
1583 2491 1835 2542 manifestum
1865 2494 1924 2528 est

1053 2546 1264 2597 yauclz‘um.
1291 2545 1357 2598 [cf.
1385 2545 1484 2584 cort.
1510 2546 1559 2584 ad
1584 2545 1729 2583 Lucan.
1755 2544 1839 2584 vll.
1855 2549 1920 2585 21.

1054 2600 1118 2639 De
1142 2602 1375 2640 somniorum
1400 2603 1564 2641 veritate
1594 2606 1632 2640 et
1662 2602 1922 2640 inconstantia

1055 2657 1104 2696 cf.
1132 2656 1208 2697 Cic.
1234 2657 1360 2698 Aead.
1386 2657 1428 2697 II.
1462 2664 1511 2699 15
1538 2671 1624 2710 sqq.
1656 2658 1786 2709 ibique
1810 2657 1918 2711 lutt]

1110 2737 1318 2777 dulciolis.
1368 2737 1544 2790 [Dulcia
1574 2741 1665 2775 sunt
1696 2750 1841 2788 genera
1863 2736 1919 2788 pi-

1053 2794 1159 2832 storii
1185 2794 1315 2844 operis
1340 2808 1363 2833 a
1388 2806 1532 2845 sapore
1551 2794 1664 2839 (licta,
1688 2793 1795 2845 quod
1814 2791 1919 2835 melli

1053 2850 1339 2889 condiebantur.
1366 2850 1413 2888 cf.
1440 2849 1572 2888 Gloss.
1589 2849 1657 2888 Gr.
1670 2848 1758 2894 Lat.
1773 2851 1918 2902 p.417.

1055 2903 1332 2959 γλυκεοπράτης
1362 2907 1594 2945 dulciarius
1628 2903 1920 2960 γλυκεοπράτιον

1056 2962 1305 3002 clulclart'um.
1319 2966 1399 3013 etp.
1411 2965 1502 3004 580.
1517 2959 1815 3016 πλακουντόφως
1823 2963 1918 3016 pla-

1055 3020 1265 3057 centam'us
1296 3019 1539 3058 dulciarius.
1570 3017 1661 3058 Isid.
1694 3018 1800 3071 Orig.
1826 3018 1918 3059 XX.

1054 3079 1090 3115 2.
1119 3078 1183 3115 18.
1208 3074 1341 3113 Barth.
1366 3074 1534 3114 Advers.
1554 3074 1724 3113 XXXV.
1754 3080 1816 3116 14.
1840 3075 1918 3114 Bu-

1054 3130 1154 3182 leng.
1192 3131 1241 3169 dc
1279 3130 1437 3170 Convit'.
1462 3130 1505 3169 II.
1544 3145 1574 3170 c.
1602 3135 1665 3173 39.
1703 3133 1738 3170 in
1777 3131 1916 3171 Graev.
