2155 3590
674 156 862 197 LIBER
891 158 942 198 ΙΙ.
1002 158 1129 198 CAP.
1153 156 1229 199 XI.
1790 160 1868 204 101

71 268 174 308 istud
198 267 312 308 hodie
337 269 540 309 sorbamus
566 283 695 320 omne,
724 271 823 323 quod
849 271 960 311 nobis
987 271 1208 326 restinguat
1232 272 1390 325 pudoris
1415 272 1614 326 ignaviam
1640 282 1679 315 et
1699 275 1866 315 alacrem

71 324 249 378 vigorem
295 324 466 365 libidinis
508 325 686 365 incutiat.

71 380 171 432 sola,
204 387 247 421 ut
275 381 315 420 in
348 388 460 421 noete
490 382 672 435 pervigili
704 389 742 422 et
768 382 853 423 oleo
878 384 1037 424 lucerna
1065 391 1104 424 et
1126 384 1219 424 vino
1245 384 1349 424 calix
1377 385 1560 425 abundet.
1622 385 1738 427 Diem
1764 394 1867 427 cete-

69 451 156 477 rum
180 437 339 477 lavaero
365 451 411 478 ac
435 438 522 478 dein
550 451 695 478 coenae
722 439 909 479 dedimus.
971 440 1075 480 Nam
1100 439 1263 481 Milonis
1288 441 1380 480 boni
1406 441 1732 482 concinnaticiam
1760 458 1867 483 men-

69 493 194 533 sulam
230 500 392 547 rogatus
424 494 702 545 accubueram,
738 510 852 548 quam
884 504 971 549 pote
998 504 1103 537 tutus
1135 497 1182 537 ab
1208 497 1347 537 uxoris
1384 497 1468 537 eius
1500 498 1706 552 adspectu,
1741 498 1867 554 Byrr-

69 549 218 590 haenae
254 550 489 590 monitorum
527 565 697 601 memor;
737 558 777 591 et.
812 553 970 605 perinde
1008 553 1048 592 in
1085 555 1168 594 eius
1203 554 1342 594 faciem
1376 554 1508 594 oculos
1544 568 1653 595 meos
1686 570 1730 595 ac
1762 556 1795 595 si
1826 556 1867 596 in

67 605 279 646 Avernum.
305 606 431 647 lacum
462 607 677 647 formidans
710 608 943 648 deiecerant.
1007 608 1086 650 Sed
1117 610 1272 650 assidue
1303 610 1519 664 respiciens
1545 611 1867 664 praeministran-

67 669 145 702 tem
175 660 352 703 Fotidem
384 663 478 702 inibi
511 664 722 704 recreabar
754 665 894 714 animi,
935 680 1019 705 cum
1053 680 1142 706 ecce
1172 667 1249 706 iam
1279 680 1445 720 vespera
1475 667 1677 707 lucernam
1708 668 1865 708 intuens

66 756 169 785 istum
188 758 224 785 G.
243 759 265 786 l.
285 764 305 786 a
323 765 364 786 m.
384 765 413 791 p.
460 755 557 785 hodie
575 757 662 786 sarh.
682 759 717 786 F.
738 760 768 787 3.
784 761 819 788 G.
838 761 864 787 l.
880 761 908 787 ¹2.
924 761 959 788 P.
975 762 1012 788 D.
1033 769 1061 795 p.
1087 763 1124 789 In
1143 762 1260 790 ceteris
1280 763 1370 790 codd.
1391 765 1419 790 et
1440 763 1510 791 edd.
1525 767 1603 791 vett.
1651 761 1738 790 surb.
1758 760 1866 791 hodie.

66 800 242 830 sorbamus
260 803 296 831 F.
311 804 341 831 3.
357 804 391 831 G.
410 805 437 831 1.
451 805 482 831 2.
497 804 531 831 B.
547 803 585 832 D.
603 812 631 837 p.
661 805 698 831 In
718 808 791 833 cett.
811 804 1016 832 sorbeamus.
1065 806 1124 843 qui
1139 805 1233 834 nobis
1246 808 1295 835 ed.
1308 811 1385 835 velt.
1400 811 1528 842 praeter
1540 809 1654 836 Vener.
1670 810 1699 836 4.
1715 812 1743 836 et
1759 809 1866 837 Paris.

63 846 257 885 restringat
269 849 304 876 G.
323 850 349 876 l.
363 848 398 876 P.
413 849 448 877 Ο.
462 846 490 876 δ.
506 847 720 885 restringuat
732 851 767 877 G.
783 851 812 878 ⁸2.
828 850 868 877 cf.
884 849 938 878 Dr.
954 852 992 878 ad
1007 852 1147 879 Lix·.1X.
1166 853 1214 880 13.
1262 860 1363 886 supra
1376 860 1406 887 p.
1424 854 1495 881 111.
1544 851 1696 880 alacrem
1709 852 1802 880 nobis
1816 853 1866 880 ri-

61 900 175 930 gorem
188 894 227 921 D.
276 900 388 920 acrem
403 893 547 920 virorem
562 903 594 927 φ.
642 893 785 923 incutiat
799 903 827 929 p.
841 896 955 924 Vener.
970 897 999 923 2.
1013 897 1142 925 Vicent.
1191 894 1239 924 Ac
1252 896 1336 924 enim
1351 899 1386 925 G.
1406 900 1430 925 1.
1451 896 1537 925 haec
1549 897 1635 925 enim
1653 899 1690 927 F.
1705 900 1734 926 3.
1749 900 1786 927 B.
1806 899 1867 927 Vi-

64 941 148 967 cent.
167 939 284 967 Venet.
305 940 334 967 2.
352 940 378 966 4.
400 940 506 967 Paris.
520 941 596 967 Bas.
616 941 641 968 l.
667 937 863 967 sae'llzarclu'a
886 942 924 968 D.
939 939 1119 977 sytarchia
1134 943 1169 970 G.
1184 944 1214 970 ¹2.
1229 940 1385 970 siriacha
1399 945 1434 971 G.
1452 945 1478 971 l.
1493 950 1513 972 a
1525 951 1566 972 m.
1581 951 1608 972 s.
1628 941 1829 979 scytarchm
1844 944 1864 973 f.

63 981 253 1011 siriarclaeia
265 991 302 1012 π.
349 983 484 1020 navigio
498 986 534 1012 B.
549 988 578 1013 el
593 985 662 1012 edd.
672 988 748 1013 velt.
764 989 890 1019 praeter
900 987 984 1014 111111.
995 988 1024 1014 ’1.
1039 988 1151 1015 etAld.
1176 989 1214 1016 In
1227 989 1342 1016 Vener.
1357 990 1386 1015 ‘2-
1400 992 1447 1017 est
1462 989 1596 1026 nat-ign.
1644 991 1683 1016 nt
1695 989 1772 1016 vino
1785 990 1865 1018 ΑΜ.

62 1031 146 1057 Iuni.
156 1030 184 1058 1.
195 1030 225 1057 2.
261 1027 430 1057 habundet
445 1031 480 1058 G.
494 1031 519 1057 l.
529 1031 558 1058 ⁰2.
573 1028 784 1058 abbtcndetD.
822 1028 949 1057 demum
964 1034 1110 1058 ceterum
1124 1040 1224 1068 marg.
1238 1034 1275 1061 I..
1289 1031 1372 1059 dt‘em
1389 1036 1495 1061 totum
1508 1036 1544 1063 L.
1560 1036 1773 1071 ceteramque
1787 1036 1822 1063 G.
1832 1036 1863 1063 2.

63 1075 100 1103 Β.
114 1075 152 1103 D.
167 1075 202 1102 P.
223 1073 277 1110 (ἓ)
308 1077 455 1101 ceterum
468 1074 605 1112 inquam
620 1076 656 1103 P.
676 1077 771 1103 habet
793 1076 826 1103 in
848 1077 1009 1109 excerptis
1029 1077 1188 1105 Putscliii.
1215 1085 1257 1104 ac
1271 1076 1348 1109 affl.
1363 1078 1384 1106 s.
1400 1076 1428 1107 ὃ.
1443 1087 1485 1106 ac
1499 1077 1625 1107 demum
1640 1080 1678 1107 D.
1693 1087 1735 1106 at·
1748 1078 1865 1106 deinde

64 1122 100 1148 G.
118 1119 145 1147 1.
161 1121 191 1147 2.
206 1127 248 1146 ae
262 1117 381 1147 dehinc
393 1128 503 1148 omnes
517 1121 586 1149 edd.
600 1123 678 1148 veit.
693 1123 820 1153 praeter
830 1121 914 1148 Iunt.
930 1122 959 1148 2.
975 1121 1086 1149 dehac
1101 1124 1351 1152 commutatione
1371 1124 1413 1151 ef.
1427 1125 1510 1152 Cort.
1526 1126 1566 1153 ad
1581 1127 1660 1153 Sall.
1678 1125 1746 1153 Cat.
1760 1126 1817 1153 ΠΙ.
1830 1127 1863 1153 2.

62 1166 170 1193 Burm.
185 1166 226 1193 ad
239 1165 334 1199 Pron.
347 1167 402 1193 111.
417 1167 446 1193 8.
465 1166 515 1193 15.
563 1163 641 1192 Iam
655 1163 792 1192 le'lom's
812 1166 959 1193 emendat
980 1168 1141 1194 stewech.
1191 1168 1460 1195 concinnaticam
1477 1171 1512 1197 Ι..
1528 1171 1563 1198 P.
1584 1169 1864 1197 concinatiticam

63 1211 99 1237 G.
125 1211 155 1237 2.
188 1209 469 1237 concinantr'tz'am
502 1212 537 1238 G.
565 1211 593 1238 1.
619 1209 867 1237 contumaciam
894 1209 914 1237 f.
934 1211 972 1238 R.
1021 1209 1224 1238 adcuberam
1250 1214 1285 1241 G.
1310 1215 1337 1241 1.
1357 1216 1387 1241 2.
1408 1214 1565 1241 cubermn
1585 1217 1620 1243 0.
1645 1214 1806 1242 accubant
1826 1217 1863 1244 P.

62 1262 163 1291 quam
177 1257 304 1291 utpote
316 1256 355 1283 D.
402 1255 619 1282 munitionum
633 1255 666 1283 0.
715 1256 749 1280 et
762 1258 837 1282 ante
850 1253 990 1290 perinde
1010 1256 1097 1284 deest
1116 1257 1154 1284 D.
1202 1258 1236 1284 in
1257 1260 1347 1286 abest
1363 1266 1383 1286 a
1394 1261 1476 1287 lunt.
1493 1262 1522 1287 2.
1570 1260 1604 1286 in
1618 1259 1710 1287 latus
1724 1268 1864 1288 curcum

60 1301 97 1328 P.
119 1300 151 1327 in
172 1300 335 1334 excerptis
354 1301 432 1328 Oud.
452 1302 510 1328 sed
529 1300 563 1327 in
577 1299 727 1328 Putschii
744 1299 778 1325 v'n
793 1306 941 1326 cnrmnm
957 1298 1067 1327 lacum
1089 1302 1172 1334 qnod
1186 1303 1402 1331 verisimilius
1423 1305 1551 1332 videtur
1570 1313 1644 1333 esse
1664 1313 1761 1339 quum
1781 1308 1816 1334 G.
1830 1308 1862 1334 2.

59 1345 94 1371 ὄπ
109 1352 256 1372 curmum
271 1343 378 1371 latum
392 1347 518 1373 lrabeat.
544 1344 579 1371 in
592 1342 640 1371 ad
650 1352 749 1371 unum
763 1342 900 1371 laturus
914 1346 950 1372 G.
966 1346 994 1373 1.
1010 1346 1123 1373 ultima
1138 1354 1205 1374 vox
1218 1351 1265 1375 est
1281 1356 1299 1376 a
1313 1356 1353 1376 m.
1368 1357 1394 1376 s.
1420 1347 1527 1376 latum
1544 1350 1577 1377 1⁴⁴.
1592 1351 1622 1378 3.
1636 1351 1674 1378 D.
1701 1350 1863 1388 reformi-

60 1388 145 1417 dans
162 1391 198 1418 L.
210 1388 410 1427 formidinis
429 1391 463 1418 Ο.
482 1391 520 1418 R.
542 1392 576 1418 G.
594 1391 621 1418 1,
637 1389 658 1418 f.
707 1387 870 1416 deiectam
885 1391 919 1417 G.
938 1391 966 1417 1.
1013 1390 1059 1417 ibi
1069 1392 1108 1419 D.
1122 1398 1142 1420 a
1154 1399 1195 1420 m.
1211 1400 1238 1426 p.
1260 1391 1472 1422 iniln'Vene-l.
1486 1396 1516 1422 ⁸2.
1537 1394 1763 1423 recreabatur
1782 1398 1817 1423 G.
1836 1398 1863 1424 1.

59 1434 171 1462 unn'nm
190 1436 226 1463 F.
249 1436 276 1463 1.
297 1436 333 1463 G.
355 1437 383 1463 1.
404 1437 434 1463 2.
454 1436 490 1463 P.
511 1436 546 1464 Ο.
565 1436 603 1463 D.
624 1436 660 1463 R.
681 1434 702 1463 f.
723 1431 751 1462 δ.
770 1442 808 1462 π.
856 1443 928 1462 cum
947 1438 1034 1463 esset
1055 1437 1090 1464 G.
1106 1438 1136 1464 2.
1150 1441 1178 1465 01
1195 1438 1229 1465 P.
1250 1438 1282 1466 in
1304 1439 1467 1473 excerptis
1481 1440 1641 1468 Putschii.
1688 1441 1862 1476 vesperae'p.

729 326 733 380 1
766 325 851 367 Hac
895 328 997 367 enim
1040 328 1227 368 sitarchia
1263 328 1463 381 navigium
1504 328 1676 370 Veneris
1719 331 1870 385 indiget
1896 337 1958 369 116

59 1509 211 1550 Erasm.
242 1511 370 1562 Adag.
396 1526 434 1563 p.
460 1515 552 1552 458.
579 1512 664 1550 sine
690 1510 866 1550 Baccho
892 1515 931 1549 et

64 1568 208 1607 Cerere
229 1569 364 1620 friyet
389 1568 530 1608 Venus.
559 1567 646 1606 Ter.
672 1567 770 1606 Eun.
798 1566 864 1604 IV.
891 1571 927 1606 5.

61 1628 96 1665 6.
136 1623 214 1663 Cic.
250 1624 300 1662 de
335 1623 425 1663 Nat.
462 1625 511 1663 D.
549 1623 593 1662 II.
621 1627 687 1665 23.
718 1623 853 1662 Munk.
880 1624 930 1661 ad

60 1679 172 1732 Fulg.
199 1679 368 1731 Mythol.
400 1680 446 1719 II.
474 1695 510 1732 p.
538 1684 630 1722 669.
664 1680 772 1719 Stav.
799 1678 927 1718 Plaut.

65 1737 194 1776 casin.
215 1733 285 1775 IV.
313 1741 349 1777 3.
369 1742 407 1778 4.
428 1751 516 1789 sqq.
543 1736 734 1788 Porphyr.
761 1736 809 1774 ad
836 1735 927 1774 Hor.

59 1793 182 1846 Epist.
215 1792 242 1832 1.
277 1798 339 1834 15.
372 1798 437 1834 21.
468 1793 629 1833 Anthol.
662 1793 751 1832 Lat.
783 1792 869 1831 Lib.
896 1792 923 1831 l.

59 1864 172 1889 earm.
193 1853 258 1890 23.
279 1864 316 1902 p.
336 1854 398 1891 13.
426 1851 555 1902 ibique
570 1850 699 1889 Burni.
714 1849 834 1888 Plura
859 1849 925 1887 da-

57 1907 112 1945 bit
143 1906 341 1945 d’Arnaud
373 1907 422 1945 de
451 1906 540 1946 Diis
565 1910 768 1959 παρέδροις
800 1920 830 1943 0.
862 1909 923 1946 19.

58 1964 94 2001 in
139 1961 275 2001 Polen.
321 1963 442 2003 Thes.
487 1963 625 2015 Suppl.
666 1963 712 2001 ΙΙ.
756 1977 792 2014 p.
833 1966 925 2003 793.

57 2018 219 2071 Rupert.
244 2020 292 2058 ad
318 2019 451 2059 Iuven.
481 2021 562 2059 Sat.
589 2019 658 2059 IV.
686 2024 776 2060 137.
802 2018 926 2057 Orell.

56 2076 107 2116 ad
131 2076 274 2114 Arnob.
299 2075 383 2115 Vll.
411 2081 477 2118 30.
505 2076 615 2115 Toni.
637 2075 680 2114 II.
707 2089 743 2126 p.
771 2079 863 2116 432.
890 2079 929 2113 et

56 2133 110 2170 ita
132 2131 228 2170 Min.
253 2131 339 2171 Fel.
367 2147 398 2171 c.
429 2137 491 2174 10.
516 2147 553 2184 p.
580 2137 644 2172 54.
672 2131 812 2170 Lindn.
839 2132 928 2170 dicit

64 2190 241 2228 incestae
291 2189 474 2228 libidinis
521 2190 728 2228 ebrietatis
770 2189 929 2227 exarsit

56 2245 121 2283 ubi
148 2243 372 2294 legendum:
400 2245 640 2297 ebrietatis]

113 2301 333 2341 sorbamus.
379 2301 465 2353 [De
490 2302 563 2340 hac
589 2302 709 2340 forma
735 2300 782 2339 cf.
808 2299 924 2338 Prob.

57 2371 119 2410 ap.
144 2356 266 2396 Prisc.
291 2356 360 2397 IX.
385 2372 416 2396 0.
440 2363 501 2400 10.
528 2372 565 2409 p.
587 2362 679 2398 470.
703 2356 840 2395 Krehl.
863 2355 925 2393 Ti-

55 2413 148 2453 bull.
169 2412 236 2452 IV.
266 2419 299 2454 1.
323 2418 407 2459 72..
433 2416 496 2453 ubi
521 2414 694 2453 Broukh.
720 2411 839 2452 Plura
863 2426 924 2450 ex-

56 2471 188 2522 posuit
212 2471 261 2509 (10
285 2470 361 2510 hac
391 2472 703 2523 coniugationuni
735 2473 926 2522 permuta-

56 2527 161 2566 tione
178 2526 299 2565 Voss.
326 2527 376 2565 (10
400 2528 516 2566 Anal.
532 2526 595 2566 111.
613 2532 676 2568 25.
690 2541 726 2578 p.
742 2530 822 2566 872
838 2539 924 2577 sqq.

56 2583 120 2622 ubi
144 2582 280 2622 Eckst.
308 2583 407 2623 Cort.
434 2584 484 2623 ad
509 2583 657 2622 Lucan.
683 2582 749 2621 Vl.
777 2585 887 2638 690]

116 2641 297 2693 vigorem
322 2641 506 2680 libidinis
531 2642 714 2680 incutiat.
748 2638 848 2680 Elm.
874 2642 924 2680 de

55 2697 247 2735 sententia
272 2701 470 2748 comparat
491 2697 672 2735 Ambros.
698 2696 748 2734 de
772 2694 923 2736 Poenit.

57 2766 88 2791 c.
109 2756 170 2794 16.
193 2755 382 2805 pasce'tnr
402 2753 533 2792 libido
554 2754 757 2798 conviviis,
790 2756 923 2793 nntri-

56 2813 124 2848 ίαν
154 2809 336 2855 deliciis,
374 2811 464 2848 vino
497 2811 759 2855 accenditur,
797 2810 922 2850 ebrie-

58 2869 140 2904 tate
166 2867 412 2919 flammatur.
461 2866 568 2905 Aret.
597 2864 717 2918 Capp.
745 2867 795 2904 de
820 2871 922 2907 aeut.

57 2921 176 2960 morb.
203 2926 319 2961 curat.
354 2923 424 2961 sol.
454 2926 543 2964 163.
570 2923 715 2961 Arnob.
741 2922 827 2961 Vll.
854 2923 921 2964 30.

55 2978 121 3016 ubi
151 2978 240 3016 vide
270 2977 392 3018 Orell.
425 2980 514 3019 Val.
541 2978 648 3018 Max.
675 2978 701 3017 1.
731 2983 764 3019 1.
798 2980 919 3032 Vigo-

57 3047 138 3072 rem
163 3035 266 3085 quod
286 3036 445 3087 Seiopp.
466 3036 570 3075 male
589 3036 624 3073 in
649 3037 822 3075 virorem
846 3049 926 3075 mu-

57 3090 163 3137 tavit,
177 3089 275 3130 Prie.
291 3092 391 3129 bene
404 3094 566 3131 retinnit.
586 3091 688 3131 Nam
701 3093 736 3129 in
753 3106 792 3129 re
811 3106 926 3131 vene·

59 3159 124 3185 rea
137 3145 233 3186 haec
249 3161 325 3187 vox
341 3164 413 3187 non
429 3164 510 3188 raro
525 3150 713 3187 invenitur
726 3148 775 3188 cf.
787 3163 823 3200 p.
837 3153 928 3190 129.

1045 1513 1253 1552 sitarchia.
1305 1513 1392 1566 [De
1434 1516 1544 1553 vocis
1581 1517 1863 1566 significatione

989 1582 1105 1619 quam
1131 1574 1261 1607 contra
1279 1569 1369 1609 Isid.
1385 1571 1492 1622 Orig.
1508 1569 1610 1610 XX.
1626 1576 1662 1612 9.
1679 1576 1714 1613 6.
1730 1573 1780 1610 (10
1795 1588 1862 1611 an-

988 1639 1097 1664 nona
1129 1630 1167 1664 et
1194 1632 1301 1678 pota
1327 1628 1501 1681 ciboque
1535 1643 1671 1667 omnes
1704 1629 1784 1667 sere
1810 1631 1861 1667 111-

987 1686 1178 1733 terpretes
1205 1688 1420 1735 exponunt,
1458 1684 1505 1722 cs.
1534 1684 1657 1724 Crnm.
1695 1686 1745 1724 ad
1780 1684 1859 1725 Iuv.

988 1738 1123 1777 Schol.
1146 1753 1181 1790 p.
1203 1744 1302 1781 467:
1330 1741 1406 1780 Est
1429 1742 1531 1780 euim
1553 1756 1695 1781 saccas
1710 1743 1772 1781 vel
1784 1757 1861 1794 po-

985 1797 1064 1834 tins
1110 1798 1230 1842 cista„
1276 1798 1317 1835 in
1354 1812 1437 1849 qua
1474 1799 1712 1838 condantur
1747 1800 1861 1839 itine-

983 1854 1040 1890 τῖε
1061 1866 1205 1892 caussa
1226 1855 1384 1892 nautici
1397 1856 1649 1906 potissimum
1670 1856 1774 1894 carii
1791 1870 1860 1908 ye-

985 1910 1094 1946 nere‘s
1120 1910 1202 1947 cibi
1222 1915 1443 1962 potusque.
1504 1909 1560 1949 lta
1586 1912 1621 1949 in
1643 1911 1729 1950 loco
1751 1925 1862 1962 spur-

986 1965 1148 2003 cissimo
1187 1967 1287 2004 bene
1326 1967 1453 2004 omnia
1487 1968 1561 2005 sibi
1588 1969 1857 2021 respondent]

1045 2023 1265 2073 navigium.
1315 2021 1396 2074 [lta
1427 2025 1539 2062 navis
1576 2025 1611 2062 in
1649 2025 1860 2063 obscoenis

988 2078 1150 2128 ponitur.
1179 2078 1226 2116 el'.
1255 2079 1387 2130 Sciop.
1416 2080 1530 2118 Geni.
1556 2079 1645 2119 Par.
1678 2080 1706 2118 1.
1735 2095 1768 2119 c.
1794 2085 1859 2121 28.

988 2133 1149 2172 Taubm.
1183 2135 1232 2173 ad
1264 2133 1391 2173 Plaut.
1425 2136 1527 2174 Rud.
1560 2136 1606 2176 ΙΙ.
1644 2141 1680 2176 3.
1720 2141 1784 2177 24.
1822 2141 1861 2176 et

986 2188 1192 2229 Menaech.
1213 2190 1303 2231 ll.3.
1320 2197 1384 2232 51.
1412 2192 1523 2244 Lips.
1547 2192 1674 2244 Epist.
1695 2193 1858 2241 Quaest.

1043 2303 1133 2342 oleo
1159 2305 1338 2344 lucerna.
1373 2305 1454 2358 [De
1479 2304 1662 2345 lucernae
1686 2307 1735 2345 ad
1760 2307 1859 2345 haec

984 2372 1103 2410 opera
1136 2365 1318 2399 nocturna
1350 2376 1423 2400 usu
1455 2362 1501 2400 ef.
1535 2362 1665 2402 Burni.
1698 2363 1746 2401 ad
1778 2365 1858 2402 An-

985 2415 1080 2455 thol.
1113 2415 1200 2456 Lat.
1228 2416 1338 2456 Tum.
1366 2418 1391 2457 1.
1419 2433 1455 2470 p.
1483 2420 1600 2472 684]

1045 2473 1152 2511 boni.
1193 2472 1361 2525 [ironice
1387 2475 1530 2513 dietum
1558 2480 1630 2515 est.
1659 2476 1859 2527 Significat

984 2529 1085 2566 enim
1107 2530 1286 2575 divitem.
1309 2531 1481 2577 lautum,
1502 2533 1784 2583 splendidam:
1810 2533 1858 2572 cf.

986 2584 1174 2624 Schmidt.
1195 2587 1245 2624 ad
1265 2587 1357 2626 Hor.
1373 2587 1498 2638 Epist.
1515 2588 1542 2626 1.
1565 2593 1622 2628 14.
1639 2592 1674 2628 3.
1698 2594 1736 2627 et
1757 2602 1858 2639 quos

984 2643 1127 2681 excitat
1147 2642 1248 2694 Rup.
1272 2644 1321 2682 ad
1342 2643 1471 2682 iuven.
1488 2645 1538 2683 V.
1565 2648 1653 2685 109.
1681 2650 1757 2684 not.
1773 2645 1856 2698 35]

1071 2699 1145 2737 ‘'am
1185 2700 1366 2739 Illilmn's.
1422 2700 1530 2739 Male
1561 2701 1742 2739 emendat
1773 2702 1859 2740 Ste-

983 2755 1104 2794 wech.
1131 2757 1210 2794 iam
1237 2757 1426 2802 Milonis,
1457 2770 1573 2807 quum
1606 2772 1699 2796 nam
1723 2760 1857 2796 transi-

980 2812 1072 2849 ttoni
1092 2813 1295 2857 inserviat,
1320 2817 1362 2850 ut
1387 2815 1465 2851 iam
1492 2813 1691 2864 particula.
1719 2814 1792 2866 [ef.
1808 2815 1859 2853 de

981 2870 1060 2907 iam
1081 2873 1119 2906 et
1138 2883 1232 2907 nam.
1245 2869 1388 2921 NVagn.
1405 2868 1567 2915 Quaest.
1583 2870 1691 2921 Yirg.
1705 2870 1856 2910 XXIV.

981 2927 1017 2964 9.
1044 2925 1179 2963 Creuz.
1206 2926 1256 2964 ad
1282 2924 1359 2964 fic.
1386 2925 1435 2963 de
1456 2925 1503 2963 N.
1526 2926 1574 2964 I).
1596 2925 1624 2964 1.
1650 2931 1710 2967 12.
1731 2941 1767 2979 p.
1791 2932 1855 2967 53.

986 2979 1070 3020 lntt.
1102 2982 1154 3020 ad
1185 2981 1261 3019 Cic.
1295 2982 1344 3019 ‹le
1376 2980 1500 3033 Legg.
1528 2981 1572 3020 11.
1610 2982 1730 3022 Hand.
1765 2983 1858 3022 Τ111·-

985 3037 1073 3076 seli.
1099 3037 1162 3076 111.
1188 3051 1225 3089 p.
1255 3038 1368 3090 147.]

1045 3095 1154 3133 inibi.
1211 3094 1385 3146 [statim.
1418 3094 1533 3133 illico
1563 3094 1628 3134 1110
1653 3097 1856 3147 signifieat.

988 3150 1035 3190 cf.
1052 3150 1155 3189 Geli.
1171 3150 1196 3189 l.
1215 3154 1250 3191 3.
1271 3150 1400 3190 Hand.
1416 3151 1586 3191 Turseli.
1600 3149 1664 3191 III.
1688 3167 1724 3203 p.
1741 3155 1855 3206 3821]
