2155 3590
725 107 754 146 C
779 108 814 146 A
840 107 872 146 P
899 107 935 146 U
961 107 993 146 T
1074 106 1148 145 III.
1725 119 1837 145 mxv

43 224 136 262 tinet
167 222 264 261 haec
295 222 452 261 collatio
482 222 607 260 varias
639 221 827 261 lectiones
857 221 907 260 ad
936 220 1049 259 Libb.
1082 220 1131 258 de
1161 219 1302 270 Dogm.
1329 219 1431 259 Plat.
1457 219 1502 264 I.‚
1527 219 1573 258 II.
1605 224 1643 258 et
1673 219 1723 258 de
1747 219 1836 257 Deo

44 281 153 318 Socr.
213 279 286 317 Est
315 280 446 330 itaque
476 277 610 330 procul
641 279 755 317 dubio
787 278 874 317 MS.
902 282 1020 319 6286.
1046 279 1081 315 10
1110 276 1208 316 Bibl.
1234 276 1334 328 Reg.
1365 275 1490 315 Paris.
1523 275 1617 314 Cod.
1647 277 1836 314 membra-

42 349 203 380 naceus,
236 336 324 373 olim
357 335 539 379 puteani,
573 337 635 386 qni
667 335 775 375 XIV.
807 349 912 374 saec.
944 338 1126 372 exaratus
1150 333 1313 372 videtur.
1351 333 1426 371 vid.
1459 332 1583 372 Catal.
1608 332 1709 371 Bibl.
1736 332 1835 382 Reg.

40 391 91 430 X.
119 392 184 429 IV.
217 406 252 444 p.
279 396 370 432 224.
438 391 615 430 Continet
645 393 761 430 etiam
793 393 993 430 Hermetis
1025 392 1273 443 Trismeyisti
1303 389 1472 429 Librum
1503 390 1561 428 od
1591 389 1835 441 Asclepiwn,

40 449 195 500 aliaque
219 449 266 486 ab
292 449 461 499 Apuleio
487 462 560 486 non
586 449 770 500 profecta.

154 506 222 556 22)
254 505 342 543 MS.
374 504 733 544 THUANEUS.
771 507 971 543 continens
1002 504 1158 543 Librum
1189 503 1238 541 de
1264 503 1351 541 Deo
1378 502 1487 540 Socr.
1520 515 1604 540 cum
1637 507 1660 543 2
1691 501 1836 540 ultimis

39 561 280 599 floridorum
317 561 559 611 fragmentis,
598 568 637 600 et
668 566 776 612 parte
806 561 911 600 Libri
945 561 971 601 I.
1009 561 1058 599 de
1092 561 1227 611 Dogm.
1260 559 1359 598 Plat.
1422 559 1481 597 De
1519 559 1592 597 boc
1621 559 1710 598 MS.
1748 559 1836 596 vide

40 618 223 657 Notitiam
250 617 372 656 MSS.
398 619 433 655 in
461 618 584 656 fronte
609 617 655 656 L.
681 619 731 656 de
757 618 844 656 Deo
871 619 979 656 Socr.

151 678 218 719 23)
258 672 344 712 MS.
373 673 843 714 HARLEME-NSIS
877 675 1210 713 membranaceus.
1237 675 1271 711 in
1302 673 1404 711 Bibl.
1437 672 1685 711 Harlemensi
1709 686 1770 710 no.
1797 676 1835 713 8.

40 730 159 770 Catal.
184 745 222 783 p.
252 735 340 770 141.
373 731 458 768 sine
484 731 690 776 columnis,
718 719 837 769 1110115
868 731 1074 770 initialibus
1106 716 1306 782 eleganter
1338 730 1550 775 deauratis
1577 742 1677 780 quae
1706 733 1834 767 tamen

39 792 128 825 ante
147 786 447 826 Hermetis'lris
429 789 574 838 megis
556 789 603 826 11
618 788 825 838 Dialocrum
851 793 890 826 et
902 788 990 826 Lib.
1017 788 1066 826 de
1082 787 1221 838 Dogm
1236 786 1413 825 Platonis
1439 790 1626 824 exsectae
1651 790 1758 831 sunt,
1784 786 1836 825 ita

39 849 79 883 01
97 848 187 883 ante
202 844 288 882 Lib.
304 845 352 882 de
369 844 454 882 1)οο
471 845 745 883 Socr.tantu1n
771 847 918 895 integra
942 845 1019 882 sint
1044 829 1189 882 relicta.
1222 843 1469 883 Continentur
1488 843 1562 880 boc
1588 841 1681 880 0.οἀ
1709 842 1834 881 Lucii

41 900 205 952 Apuleii
237 901 486 953 Philosophi
516 899 724 941 Platonici
757 902 968 953 »isclepius
1003 915 1071 941 seu
1108 902 1232 940 Liber
1271 902 1468 939 Her-metis
1501 900 1750 951 Trismeyisti
1786 899 1837 937 de

37 958 200 997 Satura
233 957 432 999 Deorwm
471 957 573 995 101115
605 957 728 1001 XIII..
766 959 888 1010 primo
922 957 1015 996 10110
1047 958 1220 996 mutilato
1253 961 1411 1008 propter
1448 963 1647 994 exsectam
1691 955 1837 993 literam

36 1014 229 1052 initialem.
290 1014 375 1053 Pol.
407 1013 510 1052 XIII.
546 1015 682 1066 legitur
714 1015 864 1066 Apulei
894 1015 1182 1053 illudam-ensis
1213 1011 1396 1052 Platonis
1430 1013 1628 1064 discipuli
1663 1012 1714 1051 de
1745 1011 1837 1050 Deo

38 1071 222 1110 Socratis
247 1071 373 1110 Liber
399 1073 560 1123 incipit,
587 1077 626 1109 et
650 1076 729 1109 tum
756 1071 820 1109 sol.
847 1084 932 1121 seq.
966 1071 1091 1109 Liber
1119 1071 1286 1121 Apuleia·
1311 1071 1362 1108 cle
1392 1070 1478 1108 Deo
1505 1070 1705 1114 Socratis,
1733 1068 1836 1106 foliis

37 1126 123 1168 1Χ.;
160 1126 337 1179 Apulm'i
366 1125 657 1167 Παιῖαιινοιιείε
688 1125 872 1166 Platonis
909 1127 1105 1178 discipuli
1143 1128 1194 1165 de
1226 1127 1402 1165 Platone
1438 1132 1474 1165 et
1510 1128 1594 1166 eins
1633 1125 1837 1179 Doymate

38 1182 181 1230 Liber,
208 1184 311 1222 soliis
338 1184 390 1220 X·
382 1185 538 1235 ‚primo
566 1184 659 1222 solio
686 1183 877 1224 mutilato.
904 1188 945 1221 ut
968 1185 1002 1221 in
1030 1184 1232 1234 plincipio:
1265 1188 1478 1233 sequuntur
1505 1184 1706 1221 Hermetis
1732 1183 1837 1222 Tris-

35 1242 194 1292 meqisti
229 1238 500 1280 Poemmzder.
538 1244 577 1278 et
613 1240 689 1279 alia
726 1240 915 1291 opuscula
955 1244 1056 1277 octo.
1118 1239 1200 1277 Sed
1234 1238 1480 1277 Poemander
1510 1243 1548 1276 et
1580 1244 1666 1277 octo
1697 1238 1837 1289 reliqui

36 1297 156 1335 libelli
182 1297 258 1335 alia
284 1310 395 1334 manu
423 1298 553 1349 scripti
579 1302 686 1342 sunt,
711 1310 757 1335 ac
782 1300 862 1334 tres
882 1296 1101 1348 Apuleiani.
1150 1295 1189 1333 In
1217 1296 1325 1334 calce
1351 1296 1495 1333 codicis
1520 1295 1716 1347 adscripta
1740 1296 1838 1334 baec

37 1354 231 1405 leguntur:
258 1354 383 1392 Hunc
409 1354 554 1394 librum
581 1354 834 1406 compararit
849 1353 1045 1404 Raphuel
1069 1353 1207 1391 (licina
1235 1354 1490 1391 miseratione
1506 1353 1740 1403 Episcopus
1755 1353 1837 1391 Ro-

36 1412 173 1456 sensis‚
210 1409 357 1449 Abbas
395 1411 454 1449 St.
487 1411 685 1456 Bmonis,
724 1416 761 1449 et
794 1411 937 1462 quoad
965 1410 1105 1461 potuit
1134 1410 1323 1448 correxit
1352 1423 1460 1448 anno
1496 1409 1574 1447 Dn.
1609 1412 1731 1453 1485,
1772 1409 1838 1447 elie

39 1468 99 1508 14.
114 1464 275 1506 Martii.
301 1467 549 1512 Membrana,
577 1467 665 1505 licet
691 1481 764 1505 non
790 1471 1019 1518 pervetusta
1044 1465 1218 1504 videatur
1243 1466 1447 1517 scriptura,
1473 1470 1600 1504 tamen
1621 1478 1670 1502 ex
1691 1465 1838 1516 optimo

35 1524 246 1574 exemplari
281 1524 477 1575 descripta
507 1529 585 1569 est,
617 1528 655 1562 et
686 1525 809 1562 bonas
837 1523 1023 1562 lectiones
1049 1522 1277 1574 plerumque
1302 1526 1441 1561 tuetur.
1501 1521 1597 1560 Eius
1629 1520 1837 1573 descriptio

34 1581 195 1620 debetur
220 1580 456 1619 Humanitati
482 1580 708 1619 Doctissimi
736 1580 812 1618 Viri
839 1582 914 1620 Ab.
941 1581 991 1618 de
1016 1580 1143 1618 Vries.

149 1637 220 1689 24)
252 1637 376 1675 MSS.
404 1636 724 1675 CUlACIAM
755 1642 855 1682 tres,
886 1652 909 1676 a
933 1637 1112 1675 Mercero
1144 1636 1303 1675 adhibiti
1335 1636 1385 1675 ad
1409 1636 1497 1674 Lib.
1531 1636 1580 1674 de
1611 1635 1700 1674 Deo
1727 1635 1839 1674 Socr.

34 1693 177 1733 Eorum
204 1707 317 1732 unum
343 1707 437 1732 esse
463 1696 632 1746 optimae
659 1699 790 1739 notae,
816 1694 932 1732 alium
958 1694 1075 1745 paulo
1096 1694 1348 1741 recentiorem
1369 1693 1502 1744 priori,
1528 1692 1601 1731 sed
1623 1706 1671 1730 ex
1694 1692 1838 1744 optimo

33 1751 243 1802 exemplari
276 1751 528 1802 descriptum,
560 1752 710 1789 tertium
742 1751 861 1789 multo
887 1752 1140 1789 recentiorem
1168 1755 1207 1788 et
1232 1751 1357 1788 minus
1382 1749 1646 1796 emendatum,
1676 1753 1840 1788 testatur

33 1808 245 1847 1110100105.

148 1868 218 1913 25)
250 1864 337 1902 1118.
364 1863 572 1910 FABRI,
603 1866 692 1902 item
724 1878 747 1902 a
778 1864 956 1903 Mercero
989 1865 1184 1903 adbibitus
1216 1865 1265 1903 ad
1297 1863 1383 1902 Lib.
1417 1863 1466 1901 de
1498 1863 1585 1901 Deo
1613 1863 1722 1902 Socr.
1753 1862 1839 1909 sed,

35 1926 77 1960 ut
101 1922 153 1960 ait
177 1921 399 1965 1110100105,
425 1921 544 1958 010110
571 1922 737 1959 deterior
763 1921 991 1960 Cuiacianis.

149 1982 218 2027 26)
251 1977 371 2016 MSS.
396 1976 623 2017 BECICH
635 1977 715 2016 EM
727 1977 752 2016 I.
801 1978 899 2016 Mar.
919 1978 1144 2016 Becichemi
1160 1977 1365 2029 Opuscula
1385 1977 1508 2022 varia,
1523 1991 1555 2016 a.
1574 1981 1680 2018 1504
1700 1976 1840 2014 eadem

35 2036 205 2073 auctiora
224 2048 257 2072 a.
288 2038 393 2074 1506
408 2034 546 2072 eadem
566 2035 689 2086 ipsius
710 2034 933 2073 Becichemi
959 2049 1071 2074 manu
1099 2034 1306 2073 emendata
1333 2038 1368 2071 et
1388 2033 1553 2072 adaucta
1579 2032 1703 2072 Paris.
1734 2036 1839 2074 1519

37 2095 295 2129 memorantur
325 2090 360 2127 in
393 2089 514 2129 Catal.
546 2090 748 2129 Librorum
778 2090 827 2129 N.
860 2091 1022 2130 Heinsii.
1081 2091 1154 2129 Hic
1185 2092 1296 2141 igitur
1325 2090 1587 2128 Becichemus
1619 2090 1840 2142 complures

35 2147 193 2198 Apuleii
220 2147 341 2185 MSS.
373 2146 561 2185 babuisse
589 2147 751 2186 videtur.
785 2147 831 2185 01.
860 2147 968 2186 0011.
1000 2148 1047 2186 ad
1077 2148 1237 2186 Metam.
1265 2146 1366 2186 Oud.
1401 2146 1473 2185 Ed.
1506 2161 1544 2198 p.
1570 2151 1605 2187 8.
1669 2146 1839 2185 Citantur

36 2204 135 2241 enim
156 2204 204 2242 ab
226 2217 273 2240 eo
294 2202 418 2242 MSS.
437 2201 683 2255 Maripetri,
712 2205 916 2247 Flaminii,
944 2205 1158 2244 Baduarii
1186 2205 1403 2249 Beationi,
1428 2202 1605 2251 Mureti,
1637 2204 1840 2249 Ciontam',

34 2260 231 2311 aliusque,
259 2273 372 2309 quem
399 2273 510 2297 suum
537 2264 661 2299 vocat.
684 2260 749 2298 vid
774 2260 996 2299 Becichem.
1026 2260 1123 2313 Epp.
1156 2265 1227 2307 58,
1254 2264 1323 2306 65,
1352 2265 1398 2301 71
1430 2266 1468 2299 01
1494 2265 1558 2301 72.

148 2320 219 2365 27)
250 2316 342 2355 MS.
373 2315 752 2363 BREMENSIS,
790 2319 898 2356 cuius
929 2319 1056 2356 varias
1095 2318 1282 2356 lectiones
1318 2318 1366 2356 ad
1398 2316 1488 2356 Lib.
1527 2318 1577 2355 de
1609 2317 1697 2355 Deo
1730 2317 1840 2356 8001.

35 2374 126 2412 citat
149 2372 329 2411 Elmenb.
356 2374 420 2424 qui
446 2373 547 2411 idem
573 2373 669 2411 liber
691 2373 841 2412 videtur
866 2388 949 2412 cum
975 2374 1062 2413 MS.
1082 2374 1316 2419 Boumanni,
1343 2387 1457 2426 quem
1484 2374 1644 2413 contulit
1668 2374 1840 2412 Linden-

34 2431 142 2481 brog.
203 2430 292 2468 Alia
318 2429 366 2468 de
392 2429 466 2468 hoc
493 2429 587 2469 Cod.
614 2431 827 2481 comperire
852 2445 925 2469 non
952 2433 1071 2482 potui.

151 2491 220 2536 28)
252 2485 342 2524 MS.
368 2485 712 2525 LElDENSIS.
775 2487 841 2526 Sic
872 2491 1030 2526 vocatur
1064 2488 1149 2526 MS.
1182 2487 1267 2526 Lib.
1302 2487 1350 2525 de
1381 2487 1468 2526 Deo
1502 2487 1693 2533 Socratis,
1725 2500 1839 2538 quem

35 2543 196 2582 contulit
220 2543 534 2592 Lindenbrogius
564 2557 623 2582 an.
653 2547 772 2584 1595.
834 2543 893 2582 Ex
923 2543 997 2582 boc
1023 2543 1116 2582 Cod.
1142 2545 1268 2583 varias
1297 2544 1485 2583 lectiones
1518 2545 1608 2582 citat
1633 2544 1747 2582 etiam
1774 2543 1840 2592 El-

34 2599 165 2639 menh.
195 2601 268 2639 sub
299 2599 409 2638 titulo
438 2600 639 2652 Excerpt.
668 2601 816 2640 Baiae.
877 2600 1017 2651 Neque
1042 2602 1092 2640 de
1118 2601 1191 2639 boc
1218 2600 1312 2639 Cod.
1340 2601 1547 2652 quidquam
1582 2600 1685 2639 aliud
1711 2600 1839 2648 didici,

35 2670 162 2708 neque
185 2657 249 2695 ubi
275 2660 469 2702 servetur,
495 2657 662 2695 invenire
688 2657 806 2708 potui.
867 2656 1046 2696 Ceterum
1072 2659 1193 2710 probe
1219 2659 1266 2696 ab
1293 2672 1339 2696 eo
1366 2658 1662 2708 distinguendus

149 2717 219 2764 29)
251 2713 340 2753 1118.
370 2711 706 2751 LEIDENSIS
737 2714 852 2759 alter,
883 2715 946 2765 qui
977 2714 1173 2765 hodieque
1204 2716 1239 2752 in
1266 2714 1513 2753 Bibliotheca
1544 2714 1730 2752 Leidensi
1761 2728 1839 2752 ser-

36 2774 162 2817 vatur,
194 2784 253 2808 00.
280 2774 345 2810 25.
377 2774 416 2807 01
441 2770 475 2807 10
503 2783 579 2820 quo
605 2769 716 2807 solus
741 2770 860 2808 Liber
883 2772 965 2822 περὶ.
991 2774 1179 2823 ἑρμηνείας
1205 2775 1352 2811 exstat:
1382 2775 1423 2808 ut
1453 2770 1557 2809 solet
1582 2770 1739 2809 libellus
1765 2773 1839 2809 iste

36 2827 70 2865 in
97 2826 221 2865 MSS.
247 2831 453 2877 separatus
479 2839 573 2863 esse
599 2841 620 2864 a
644 2827 804 2878 reliquis
829 2827 985 2879 Apuleii
1011 2829 1208 2879 operibus.
1258 2827 1393 2866 Codex
1418 2833 1480 2866 est
1505 2829 1839 2874 membranaceus,

37 2884 204 2934 optimae
239 2888 372 2929 notae,
409 2884 443 2920 in
481 2882 574 2920 folio
612 2883 817 2934 quadrato,
859 2885 944 2922 sine
981 2884 1188 2930 columnis,
1233 2886 1432 2922 continens
1472 2884 1761 2935 Expositionis
1795 2885 1839 2923 in

35 2937 327 2979 Periermenios
364 2939 594 2979 Aristotelis
631 2943 936 2980 commentarios
972 2941 1160 2987 Boethii,
1199 2947 1238 2981 et
1265 2940 1445 2993 Apuleia*
1483 2941 1630 2981 librum
1666 2943 1749 2994 περὶ
1787 2944 1839 2993 ἐρ·

33 3011 194 3047 μηνειας.

149 3056 220 3099 30)
251 3050 340 3091 Μ8.
365 3052 600 3098 NANSH,
626 3066 647 3091 a
674 3051 809 3092 Colvio
836 3054 974 3093 citatus
1000 3054 1049 3093 ad
1069 3054 1154 3092 Lib.
1176 3052 1256 3105 περὶ
1277 3053 1483 3105 ἑρμηνείας,
1510 3055 1574 3105 qui
1600 3054 1732 3093 scribit
1752 3067 1838 3092 eum

36 3109 135 3148 satis
160 3113 350 3155 veterem,
376 3114 415 3147 at
440 3123 513 3148 non
541 3123 589 3147 ex
616 3111 715 3148 omni
741 3115 850 3162 parte
876 3111 1234 3150 emendatissimum
1260 3123 1365 3150 esse.
