2155 3590
660 139 847 180 LIBER
877 137 976 178 Vll.

1037 138 1165 178 CAP.
1196 135 1293 175 XII.
1793 132 1873 175 565

631 344 1072 392 CAPUT
1175 341 1317 389 XII.

184 467 289 508 Dum
318 466 397 507 ista
426 465 670 520 sycophanta
700 478 776 517 ego
805 478 955 505 mecum
986 463 1161 504 maxima
1191 477 1277 503 cum
1307 460 1580 514 indignatione
1611 459 1785 512 disputo,
1826 460 1872 498 de

72 524 204 565 verbis
224 537 360 565 eorum
387 522 617 576 quibusdam
638 520 786 571 dubiis,
814 521 883 561 sed
902 519 1180 560 non'obscuris
1201 516 1382 573 prudenti
1407 516 1519 556 asino
1545 529 1764 568 cognosco,
1793 529 1872 554 uon

70 579 265 621 Haemum
295 580 404 620 illum
432 578 669 633 praedonem
699 578 916 628 famosum,
950 577 1019 617 sed
1043 575 1312 630 Tlepolemum
1344 586 1530 628 sponsum
1554 571 1706 626 puellae
1730 571 1868 625 ipsius.

158 705 371 747 sychofanta
382 708 421 735 D.
436 707 472 735 G.
488 708 518 735 1.
532 704 573 741 (a
584 714 625 735 m.
640 713 666 735 s.
680 705 714 734 in
728 707 878 734 contextu
889 727 897 741 ,
923 706 981 733 sed
995 704 1071 739 quid
1084 711 1105 733 a
1118 703 1222 739 prima
1233 710 1332 732 manu
1345 701 1501 736 scriptum
1514 699 1628 736 fuerit,
1654 706 1720 727 non
1738 698 1871 733 liquet.)

67 751 308 791 sychophanta
315 754 392 781 G.2.
419 750 658 788 syncoplcanta
666 751 792 779 Vicent.
818 758 890 777 cnm
904 749 1059 777 maae‘ima
1070 747 1304 787 indignatione
1311 745 1339 776 δ.
1350 755 1379 782 p.
1394 747 1416 775 f.
1441 744 1636 782 dignatione
1649 745 1698 772 ed.
1711 744 1871 777 Beroald.,

67 799 222 834 quomodo
234 798 384 826 variatur
396 798 472 825 etin
486 799 573 825 Suet.
588 797 681 825 Caes.
697 804 724 824 c.
738 797 768 823 4.

67 845 104 873 P.
118 845 156 872 D.
171 844 206 871 Ο.
219 844 258 872 R.
275 843 296 870 f.
309 839 338 871 δ.
352 845 397 871 Μ.
410 841 443 879 β.
467 844 505 870 In
519 839 766 877 cett.prudenti
777 840 885 869 asino.
932 839 1182 879 nonfamosum
1195 844 1225 872 p.

818 793 953 832 quidam
968 792 1074 822 dube't's
1088 796 1128 823 D.

1176 793 1308 821 nbc-nris
1322 794 1358 821 G.
1376 793 1405 821 1.
1448 789 1598 827 prudens
1610 789 1729 817 asinus
1743 790 1779 816 G.
1795 790 1825 816 1.
1840 789 1870 815 2.

1275 835 1495 874 thepolemnm
1510 837 1546 864 G.
1562 837 1591 864 1.
1605 836 1635 863 2.
1648 835 1687 863 D.
1714 830 1869 869 Alepole·

65 896 154 916 ntum
167 896 197 922 p.
237 885 446 924 Tepolemum
462 887 482 915 f.
497 884 527 914 δ.
565 884 777 923 Lepolemum
790 887 828 915 B.
842 886 911 914 edd.
926 888 1003 914 vett.
1017 887 1146 920 praeter
1163 885 1246 913 Iunt.
1260 885 1292 912 2.
1306 883 1397 913 Colv.
1421 883 1461 910 In
1473 884 1546 910 cett.
1565 883 1613 909 est
1636 877 1868 916 Tlepolemum

63 932 158 961 illius
171 931 317 970 puellae.
366 930 460 960 Bono
475 933 511 960 G.
528 933 556 961 1.

62 1037 144 1078 tull.
159 1039 211 1077 de
221 1038 349 1079 Pallio
363 1045 402 1079 et
415 1040 583 1080 Martial.
592 1039 794 1091 EpinglI.
806 1044 870 1081 16.
879 1061 934 1068 -—

62 1094 228 1134 Tertull.
257 1110 288 1135 c.
321 1101 358 1137 3.
388 1111 425 1148 p.
461 1101 550 1137 114.
581 1096 671 1147 Rig.
732 1097 828 1135 Hoc
857 1097 935 1134 soli

64 1152 368 1192 Chamaeleonti
392 1154 544 1198 datum,
569 1157 616 1192 ut
637 1152 763 1204 vulyo
790 1153 936 1191 dicunt

60 1208 121 1246 de
146 1210 285 1247 corio
309 1223 394 1249 suo
421 1210 609 1254 ludere,
634 1208 699 1245 ubi
725 1207 773 1246 cf.
787 1206 932 1257 Rigalt.

57 1263 271 1302 Martialis:
298 1265 450 1304 Ebrius
464 1277 521 1310 es,
547 1278 622 1302 nec
646 1264 748 1302 enim
770 1266 934 1316 faceres

56 1320 106 1358 id
139 1320 299 1360 sobrius
336 1334 533 1372 unquam,
570 1325 616 1359 ut
643 1320 764 1358 celles
793 1319 935 1358 corio

57 1376 244 1422 ludere,
274 1376 420 1422 Cer-clm
447 1381 538 1415 tuo.
586 1375 688 1414 Inter
711 1375 932 1426 proverbia-

49 1430 118 1470 ·les
148 1431 335 1470 formulas
366 1446 388 1470 e
413 1433 520 1471 libris
547 1431 774 1470 Tertulliani
800 1444 931 1469 excer-

52 1492 145 1539 ptas
182 1488 243 1527 ed.
274 1489 364 1539 Rig.
395 1488 473 1526 hoc
501 1488 751 1540 proverbium
781 1487 836 1525 ita
865 1500 930 1524 ex-

53 1542 234 1595 plicatur:
264 1545 302 1583 A
323 1544 629 1584 Chamacleonte
652 1547 833 1589 tractum,
865 1543 930 1593 qui

52 1604 135 1639 toto
171 1614 334 1652 corpore
367 1601 494 1639 reddit
524 1601 693 1640 colorem
724 1613 931 1651 quemcun-

53 1669 131 1707 que
154 1658 370 1709 proximum
388 1658 579 1708 adtigerit,
604 1661 759 1709 praeter
775 1657 931 1695 rubrum

53 1717 172 1764 atque
196 1714 337 1752 album.
398 1713 534 1764 Itaque
559 1714 737 1765 adagium
763 1712 870 1751 valet
895 1714 931 1750 in

51 1769 249 1808 hominem
273 1770 542 1822 versipellem,
575 1771 860 1808 inconstantem
886 1783 932 1807 ac

50 1838 121 1876 pro
145 1829 320 1877 tempore
344 1827 380 1865 in
407 1840 559 1865 omnem
584 1826 757 1865 habitum
782 1839 829 1863 se
849 1838 931 1862 ver-

49 1885 206 1921 tentem.
267 1882 337 1921 Cui
366 1884 509 1921 simile:
552 1882 722 1921 Protaeo
765 1882 926 1920 mutabi-

51 1938 134 1977 lior.
205 1938 353 1977 Melius
395 1940 564 1990 explicat
605 1938 759 1977 Erasm.
795 1937 925 1988 Adag.

49 2007 86 2045 p.
108 1999 203 2034 418.
227 1995 291 2033 ed.
315 1995 438 2034 Basil.
468 1999 588 2035 1551.
614 1994 663 2032 de
688 1995 747 2039 iis,
774 1994 838 2044 qui
862 2007 925 2031 se-

49 2050 178 2088 curius
207 2055 343 2102 agunt,
375 2051 448 2089 sed
479 2051 606 2089 alieno
631 2048 822 2102 periculo;
860 2051 924 2100 qui

50 2109 223 2144 nostrum
254 2107 382 2145 locum
413 2108 530 2145 etiam
557 2108 716 2152 excitat,
746 2120 815 2158 pro
841 2119 924 2145 non

49 2176 222 2208 rursum,
247 2177 331 2201 mm
355 2177 496 2203 rursus
520 2163 672 2214 legens.
733 2162 817 2201 Sed
840 2175 926 2214 per-

47 2231 182 2269 peram
201 2218 325 2257 addit:
356 2219 493 2258 Verba
511 2223 602 2257 sunt
615 2219 727 2265 asini,
752 2218 927 2269 puellam

46 2276 287 2321 accusantis,
326 2276 389 2325 qui
422 2289 508 2314 cum
538 2277 644 2327 prius
676 2275 781 2313 illius
812 2274 928 2325 culpa

47 2330 190 2369 suisset
203 2332 238 2369 in
248 2331 455 2370 discrimen
468 2332 659 2370 adductus
668 2331 703 2369 in
714 2331 818 2382 fuga,
827 2344 928 2369 nunc

47 2387 176 2425 denuo
203 2389 432 2435 committat,
462 2392 504 2426 ut
528 2389 580 2426 sit
602 2401 753 2426 rursum
778 2387 926 2438 fugien-

46 2443 157 2489 dum,
194 2444 311 2495 idque
348 2457 422 2483 suo
458 2445 707 2496 potissimum
737 2443 924 2494 periculo.

44 2498 194 2538 Melius
219 2500 376 2550 quidem
401 2501 493 2539 mihi
518 2501 654 2539 videor
672 2502 723 2538 ita
743 2501 925 2551 interpre-

46 2555 134 2593 tari:
173 2555 318 2594 Puella
347 2557 398 2595 de
429 2557 528 2596 asini
566 2557 671 2594 corio
710 2555 806 2594 ludit
836 2556 859 2594 i.
889 2569 924 2594 e.

43 2612 95 2650 de
121 2613 199 2651 vita
222 2613 363 2659 aliena,
390 2614 481 2664 quia
506 2627 624 2664 quum
650 2612 822 2651 latrones
839 2626 925 2664 per-

44 2668 280 2715 sensissent,
308 2671 395 2720 quis
417 2669 484 2708 ille
504 2672 617 2707 esset
637 2668 748 2715 latro,
774 2672 813 2706 et
833 2681 925 2719 quo-

43 2724 160 2762 modo
185 2725 321 2776 puella
345 2727 380 2764 ei
404 2740 451 2764 se
476 2726 697 2778 praeberet,
721 2725 853 2763 statim
875 2723 927 2762 ad

43 2780 246 2831 pristinam
269 2787 433 2820 mortem
458 2783 699 2827 recurrisset,
724 2785 766 2819 ut
790 2782 825 2819 in
851 2781 926 2819 asi-

45 2848 135 2874 num
171 2838 258 2877 viva
293 2839 523 2877 insueretur.
585 2837 687 2876 Hinc
723 2838 838 2888 igitur
874 2837 925 2875 de

43 2891 143 2929 asini
168 2894 283 2932 etiam
307 2896 386 2934 vita
412 2895 522 2940 ludit,
548 2895 613 2945 qui
638 2907 726 2932 cum
748 2907 796 2931 ea
812 2894 924 2931 morti

43 2947 196 2987 dandus
221 2949 390 3004 suisset]

104 3002 192 3043 Car.
215 3003 303 3046 Xn.
342 3008 611 3062 sycophanta.
674 3006 781 3058 [Hoc
813 3019 926 3046 voca·

44 3058 189 3106 bulum,
215 3068 399 3112 quantum
414 3065 511 3109 scio,
537 3064 641 3115 apud
657 3063 830 3101 comicos
845 3066 926 3101 tan-

44 3117 243 3156 tummodo
268 3124 408 3169 poetas
433 3122 467 3159 in
494 3134 567 3159 usu
593 3123 668 3160 cst.
692 3119 798 3158 unde
818 3118 923 3169 Apu-

994 1038 1094 1077 leius
1114 1042 1153 1076 et
1165 1037 1401 1076 Prudentius
1420 1037 1724 1087 depromserunt.
1775 1033 1870 1072 Sae-

993 1097 1080 1147 pius
1110 1095 1299 1133 invenitur
1327 1093 1432 1145 apud
1460 1091 1663 1137 Plautum,
1695 1092 1753 1139 (ut
1777 1090 1870 1128 Am-

991 1151 1087 1203 phit.
1113 1150 1141 1189 1.
1168 1155 1204 1190 3.
1231 1154 1268 1190 8.
1328 1150 1461 1188 Nimis
1497 1149 1565 1187 hic
1600 1148 1726 1186 scitus
1756 1159 1869 1199 syco-

988 1208 1163 1260 phanta.
1190 1205 1381 1244 Curc.1V.
1411 1209 1446 1244 1.
1473 1208 1510 1244 2.
1536 1203 1643 1241 Men.
1668 1201 1714 1241 Π.
1743 1207 1777 1242 1.
1804 1205 1868 1242 35.

993 1263 1095 1302 Trin.
1121 1262 1188 1300 IV.
1216 1266 1252 1301 2.
1275 1263 1366 1301 116.
1393 1259 1515 1298 Poen.
1540 1259 1570 1298 l.
1597 1264 1633 1299 2.
1657 1262 1780 1308 165),
1806 1258 1870 1307 qui

992 1320 1136 1369 ubique
1160 1318 1444 1368 significatione
1462 1316 1627 1354 hominis
1649 1313 1870 1366 versipellis

992 1379 1033 1413 et
1057 1375 1156 1413 satis
1180 1374 1346 1418 versuti,
1378 1371 1536 1410 fallacis
1560 1375 1742 1422 usurpat,
1766 1369 1870 1408 unde

991 1435 1134 1473 errant,
1173 1430 1237 1480 qui
1275 1430 1469 1467 hominem
1504 1428 1650 1478 ubique
1686 1439 1781 1464 esse
1817 1427 1869 1463 di-

991 1491 1097 1533 cunt,
1130 1488 1194 1537 qui
1226 1486 1275 1523 ad
1305 1484 1577 1537 decipiendum
1609 1483 1779 1534 aliquem
1804 1482 1871 1520 ali-

989 1545 1099 1583 cuius
1130 1555 1338 1594 personam
1362 1542 1545 1586 imitatur,
1577 1539 1682 1590 quod
1708 1552 1757 1577 ex
1781 1537 1868 1576 loco

989 1603 1137 1639 tantum
1163 1599 1271 1638 Mon.
1297 1598 1345 1636 V.
1374 1601 1410 1638 9.
1438 1601 1502 1638 28.
1534 1596 1689 1648 probari
1718 1598 1869 1647 potest:

990 1657 1067 1696 Ille
1091 1656 1210 1694 homo
1230 1660 1302 1695 aut
1319 1655 1576 1708 sycophanta
1596 1657 1669 1691 aut
1689 1652 1869 1698 qeminns

990 1718 1047 1752 est
1079 1715 1216 1764 fralet·
1252 1718 1353 1751 tuus.
1414 1710 1522 1749 Nam
1559 1722 1639 1761 eyo
1672 1708 1870 1747 hominem

991 1770 1144 1808 homini
1178 1768 1411 1807 similiorem
1444 1779 1653 1817 qumquam
1689 1764 1776 1802 vicli
1811 1763 1870 1802 al-

990 1831 1118 1864 terum
1137 1824 1185 1863 cf.
1202 1824 1357 1862 Terent.
1371 1822 1494 1861 Andr.
1509 1821 1576 1859 IV.
1592 1825 1629 1860 5.
1644 1824 1711 1861 20.
1725 1819 1867 1858 Heaut.

986 1880 1091 1919 Prol.
1124 1885 1190 1921 38.
1248 1879 1459 1928 Nunquam
1490 1891 1585 1914 vero
1618 1889 1750 1914 eorum
1782 1889 1867 1913 sen-

984 1938 1144 1976 tentiam
1175 1936 1288 1987 sequi
1319 1948 1503 1986 possum,
1536 1934 1600 1984 qui
1626 1932 1868 1971 adulatorem

983 1998 1024 2032 et
1049 1993 1193 2031 callide
1217 1992 1483 2030 blandientem
1508 1988 1724 2040 explicant,
1751 2000 1868 2039 quum

982 2063 1140 2100 semper
1158 2050 1326 2087 astutiae
1343 2048 1543 2085 notionem
1561 2046 1674 2083 unice
1691 2046 1868 2089 retineat,

983 2119 1087 2157 quae
1107 2105 1238 2143 verbis
1258 2104 1368 2143 alteri
1386 2102 1630 2154 persuadere
1644 2101 1865 2139 omnimodo

984 2165 1129 2215 potest.
1190 2160 1248 2199 Ita
1277 2160 1550 2214 sycophantia
1577 2162 1616 2196 et
1640 2157 1865 2211 ,eycoyilemv

987 2220 1069 2258 lari
1089 2217 1193 2270 apud
1207 2216 1391 2256 Plautum
1412 2216 1631 2268 fallaciam
1652 2218 1691 2251 et
1713 2213 1867 2265 fallere

983 2275 1130 2326 ubique
1153 2274 1333 2312 indicant.
1381 2272 1501 2323 Apud
1526 2270 1737 2321 Apuleium
1774 2270 1866 2307 uati-

985 2345 1074 2369 vam
1106 2343 1219 2369 suam
1262 2330 1338 2367 vim
1380 2330 1520 2366 retinet
1562 2326 1864 2370 calumniatoris,

986 2387 1052 2438 qui
1082 2388 1275 2425 insontem
1306 2385 1410 2423 salso
1443 2384 1600 2423 crimine
1632 2382 1776 2423 desert,
1816 2380 1864 2419 cf.

983 2443 1094 2482 Fest.
1120 2457 1153 2482 s.
1170 2457 1202 2481 v.
1229 2455 1265 2494 p.
1285 2446 1375 2482 142.
1401 2454 1438 2492 p.
1454 2444 1562 2486 243..
1589 2440 1654 2490 qni
1680 2438 1865 2487 originem

983 2500 1100 2539 huius
1135 2500 1246 2538 vocis
1282 2498 1476 2549 indigitat,
1514 2500 1554 2535 et
1583 2495 1670 2534 lntt.
1703 2495 1752 2533 ad
1777 2494 1813 2531 h.
1841 2491 1863 2529 l.

983 2569 1023 2608 p.
1050 2559 1145 2597 672.
1169 2555 1350 2594 Lindem.
1409 2554 1485 2592 Hic
1513 2553 1615 2591 enim
1646 2551 1781 2589 asinus
1812 2550 1866 2586 ita

984 2613 1217 2656 nominatur,
1262 2612 1352 2662 quia
1386 2611 1496 2662 prius
1541 2607 1721 2647 lenocinii
1757 2604 1864 2657 puel-

985 2667 1062 2707 lam
1092 2667 1402 2712 insimulaverat,
1440 2679 1557 2716 quam
1586 2667 1733 2716 postea
1761 2663 1864 2700 inno-

985 2729 1139 2763 centem
1164 2738 1258 2763 esse
1284 2722 1458 2774 invenit]

1042 2781 1331 2833 Tlepolemum.
1381 2779 1513 2830 [Hanc
1537 2776 1700 2816 nominis
1726 2774 1865 2812 sorma-

983 2838 1126 2876 tionem
1153 2837 1297 2886 ubique
1316 2835 1519 2879 vindicavi,
1545 2846 1662 2885 quum
1686 2830 1866 2883 plerique

984 2893 1099 2931 codd.
1137 2894 1173 2931 in
1211 2891 1520 2944 Thepolemum,
1563 2889 1666 2927 unde
1703 2886 1865 2925 Colvius

986 2949 1301 3001 Theopolemum
1337 2947 1548 2986 fabricatus
1587 2949 1667 2990 est,
1711 2944 1866 2982 abeant.

986 3005 1076 3044 Hoc
1088 3019 1230 3044 nomen
1245 3005 1408 3055 saepius
1423 3003 1614 3041 invenitur
1627 3000 1731 3053 apud
1747 2999 1866 3038 Grae-

985 3075 1075 3108 cos,
1106 3065 1149 3099 ut
1179 3060 1283 3112 apud
1314 3059 1527 3098 Homerum
1558 3057 1659 3096 filius
1684 3055 1866 3095 Herculis

985 3131 1035 3156 ex
1072 3116 1281 3169 Astyocha
1322 3118 1374 3155 ita
1410 3115 1646 3161 nominatur,
1685 3114 1867 3166 princeps
