2155 3590
672 144 857 186 LIBER
887 145 938 188 V.
996 143 1124 189 CAP.
1154 143 1228 185 VI.

1764 145 1842 188 321

628 338 1068 389 CAPUT
1162 338 1265 388 VI.

166 470 252 513 Nec
277 485 407 521 mora,
437 485 522 511 cum
548 470 661 525 paulo
687 472 876 512 maturius
902 473 1042 513 lectum
1067 472 1232 513 maritus
1257 470 1475 520 accubans,
1509 484 1672 524 eamque
1703 472 1840 512 etiam-

57 542 158 569 nunc
183 528 462 582 lacrymantem
489 527 716 581 complexus
741 527 798 567 sic
823 529 1066 582 expostulat:
1099 528 1274 569 Haecine
1305 527 1398 567 mihi
1429 526 1662 582 pollicebare
1686 526 1841 583 Psyche

56 585 166 625 mea?
189 583 290 638 Quid
305 584 380 624 iam
405 585 449 624 de
472 591 508 624 te
534 591 621 624 tuus
647 584 809 625 maritus
835 587 1047 639 exspecto?
1071 585 1161 639 quid
1176 586 1313 640 spero?
1336 582 1391 625 Et
1403 584 1536 638 perdia
1550 590 1754 639 etpernox
1767 597 1839 625 nee

141 711 342 740 accumbans
367 714 401 741 G.
418 715 447 741 ἱ).
460 714 497 742 D.

52 757 155 785 eriam
168 759 250 786 Iuni.
266 760 294 786 Ι.
309 760 337 786 2.

552 712 747 741 accumbens
773 715 807 741 G.
827 715 853 741 1.
874 714 908 741 0.
930 714 965 741 Ρ.
991 711 1037 749 (22)
1086 721 1192 751 eaque
1216 721 1303 741 nuuc
1328 713 1429 741 etiam
1455 713 1540 742 Ala..

385 756 524 785 haecine
538 759 573 787 F.
586 760 616 788 3.
632 759 667 787 G.
687 761 711 786 Ι.
726 760 755 786 2¹.
771 759 807 786 D.
833 756 991 785 haeccine
1005 759 1135 792 plurimi
1149 760 1239 788 codd.
1253 767 1324 788 cum
1338 758 1504 787 nonnullis
1518 758 1586 787 edd.
1601 761 1678 787 vett.
1709 756 1840 786 ln'ccino

1589 720 1728 750 eamque
1752 721 1840 741 nune

52 801 87 832 F.
103 803 130 831 1.
145 803 257 832 Venet.
273 805 301 831 ⁶2.
318 805 348 831 4.
363 805 443 832 lunt.
463 805 487 831 Ι.
503 804 574 832 Par.
619 801 805 839 pollicebar
818 801 846 831 δ’.
882 801 1080 839 ροΙΙίοίὸανε
1095 812 1123 838 p.
1166 801 1324 840 psychem
1346 804 1440 832 solito
1454 811 1560 832 errore
1579 804 1613 832 G.
1629 805 1659 831 2.
1674 804 1712 831 D.
1760 802 1840 840 quid

51 853 146 882 spero
160 850 250 876 abest
267 848 298 876 in
313 849 347 876 P.
363 852 442 877 teste
456 849 619 877 Putsfflio.
651 846 787 886 pflfidtt
801 851 832 875 el
842 855 977 884 pernox·
991 849 1025 877 F.
1038 850 1105 877 ’1.3.
1120 851 1155 877 G.
1168 851 1194 878 1.
1206 850 1235 877 2.
1249 850 1286 877 Ι).
1301 850 1336 878 Ρ.
1351 850 1385 878 0.
1400 856 1505 884 ap.m.
1516 849 1547 878 P.
1559 844 1588 876 ὃ.
1603 856 1632 883 p.
1647 852 1676 877 et
1688 849 1838 878 omnibus

50 893 119 920 edd.
138 897 214 921 vett.
235 897 361 927 praeter
378 895 460 922 lunt.
483 895 526 924 1..
553 900 636 928 quae
655 901 726 922 cum
746 894 780 922 0.
795 901 814 921 a
828 902 867 922 m.
882 901 908 922 s.
923 897 954 922 et
968 895 1003 922 R.
1023 896 1119 923 habet
1133 892 1266 930 perdia.
1289 894 1398 924 Etiam
1411 895 1447 923 P.
1467 895 1560 923 habet
1581 897 1662 923 teste
1683 893 1837 924 Putscnio

43 934 175 974 perdia.
199 939 236 967 In
250 938 271 966 s.
286 939 428 967 noaldus
442 939 594 973 dicitlegi
604 936 755 977 perfida,
780 939 858 968 oud.
868 936 1029 975 perfidia.

106 1046 266 1087 (ἸΑΡᾸῚ.
291 1048 505 1093 occubans.
532 1047 647 1094 Quod
668 1050 702 1086 in
718 1048 910 1087 nonnullis

47 1102 159 1142 codd.
192 1103 328 1154 legitur
358 1105 609 1149 accumbe-ns,
641 1104 742 1142 Oud.
778 1117 825 1142 ea
862 1105 910 1142 de

47 1172 188 1197 caussa
197 1160 327 1204 reiicit,
337 1161 438 1211 quod
451 1161 618 1199 iacuisse
627 1162 753 1199 statim
766 1161 799 1197 in
811 1160 909 1199 lecto

48 1214 270 1266 Cupidinem
286 1230 307 1252 e
321 1229 431 1266 seqq.
447 1220 649 1266 appareat,
675 1217 909 1256 accumbere

46 1284 136 1309 vero
151 1272 279 1324 potius
295 1273 360 1310 ille
374 1273 530 1318 dicatur,
541 1273 603 1323 qui
619 1273 718 1310 lecto
731 1272 908 1323 spondae

45 1328 364 1380 super-incumbat.
397 1327 603 1366 Praeterea
626 1328 832 1367 nonnullos
855 1328 905 1365 lo-

45 1397 112 1422 cos
126 1384 247 1430 affert,
257 1384 320 1422 ubi
334 1385 570 1424 accumbere
584 1385 684 1438 apud
696 1384 905 1435 Apuleium

46 1441 192 1492 legitur.
239 1439 339 1492 [Sed
364 1440 518 1478 difficile
543 1445 605 1478 est
635 1454 678 1478 ea
713 1441 762 1478 de
786 1454 826 1479 re
853 1442 903 1478 iu-

44 1497 190 1536 dicium.
238 1495 395 1535 Plurimi
421 1497 519 1535 enim
545 1497 768 1540 discrimen,
800 1497 902 1548 quod

42 1554 137 1593 inter
151 1557 349 1605 utrumque
363 1553 591 1591 vocabulum
608 1554 825 1599 intercedit,
851 1553 903 1591 ita

44 1613 256 1662 exponunt,
287 1613 328 1648 ut
352 1610 587 1649 accumbere
612 1611 828 1661 incipientis
855 1610 905 1648 sit

43 1666 260 1711 accubare,
284 1665 355 1704 sed
381 1670 422 1704 ut
446 1667 604 1717 saepius
625 1680 670 1704 ea
691 1666 905 1704 differentia

43 1735 65 1762 a
89 1722 337 1776 scriptoribus
362 1723 590 1774 negligatur.
627 1723 726 1761 Rem
749 1727 838 1774 puto
855 1736 904 1760 ex

40 1776 141 1819 MSS.
161 1783 305 1818 tantum
326 1779 522 1817 diiudicari
538 1781 753 1818 accuratius
768 1793 901 1830 posse,

42 1848 139 1887 quos
164 1835 304 1886 ubique
339 1840 498 1874 secutus
529 1849 624 1874 sum.
675 1835 795 1874 Ortus
820 1837 902 1873 sine

41 1891 157 1930 dubio
189 1896 250 1930 est
281 1905 383 1930 error
413 1905 461 1931 ex
486 1893 695 1944 negligenti
721 1892 784 1930 illa
811 1892 901 1930 scri-

40 1951 150 2000 ptura
186 1949 444 1993 accumbans,
487 1961 587 1999 quae
629 1951 663 1987 in
708 1949 901 1986 nonnullis

40 2003 149 2045 codd.
174 2005 376 2050 invenitur,
402 2018 592 2056 quaeque,
619 2018 733 2055 quum
761 2004 902 2043 nullam

40 2062 270 2100 sententiam
295 2062 515 2112 praeberet,
540 2075 563 2099 a
589 2061 751 2099 librariis
777 2061 812 2098 in
838 2076 903 2100 ac-

41 2117 223 2157 cumbens
247 2121 478 2155 commutata
503 2116 598 2169 est.]

95 2173 276 2212 bacche.
311 2171 438 2224 [Hanc
463 2173 776 2225 orthographiam
803 2187 901 2211 sem-

38 2241 110 2282 per
132 2229 317 2281 religiose
340 2230 509 2276 servavi,
536 2231 679 2280 quippe
705 2243 805 2282 quae
830 2244 902 2268 non

39 2285 166 2324 solum
191 2287 225 2324 in
252 2285 324 2324 hoc
336 2285 526 2324 vocabulo
548 2287 596 2324 ab
611 2287 764 2338 optimis
781 2285 903 2325 Codd.

39 2342 181 2393 ubique
211 2342 433 2387 retineatur,
465 2342 536 2380 sed
568 2343 603 2380 in
636 2342 721 2380 aliis
748 2355 903 2393 quoque

40 2398 215 2436 eiusdem
241 2399 514 2436 terminationis
540 2398 902 2437 deriVatisinvenia·

38 2459 117 2502 tur,
140 2459 183 2493 ut
205 2455 329 2494 sicine
353 2454 402 2495 ef.
426 2454 521 2493 Met.
548 2453 609 2494 ΙΙΙ.
636 2468 672 2506 p.
700 2455 814 2508 2¹16]

90 2511 244 2564 perdia
275 2516 313 2550 et
336 2525 516 2564 pernox.
564 2510 681 2563 [Mira
715 2513 815 2550 haec
841 2515 901 2550 est

39 2568 265 2620 optimorum
291 2567 463 2606 codicum
494 2568 709 2606 constantia
736 2568 901 2621 perfida

40 2621 266 2676 legentium,
304 2638 403 2675 quae
440 2624 634 2674 quomodo
671 2624 900 2675 explicanda

40 2679 100 2725 sit,
121 2681 192 2720 nisi
217 2694 286 2733 per
311 2680 488 2719 vocabuli
513 2680 769 2726 insolentiam,
793 2679 895 2719 intel·

41 2733 157 2788 ligere
185 2750 343 2788 nequeo.
377 2737 528 2789 Aperte*
546 2738 645 2776 enim
670 2738 898 2776 sententiam

40 2790 114 2832 loci
125 2794 276 2847 perdia
289 2793 473 2844 flagitare,
488 2807 599 2832 nemo
614 2797 693 2840 est,
715 2793 777 2845 qui
793 2793 899 2831 dubi·

40 2850 107 2895 tet,
131 2853 172 2888 ut
193 2849 294 2888 hanc
319 2850 430 2888 unius
446 2854 627 2901 quantum
647 2850 728 2888 scio
753 2849 897 2888 codicis

41 2905 345 2945 emendationem
354 2907 389 2944 in
398 2910 544 2945 textum
553 2907 632 2944 iure
645 2919 732 2945 meo
740 2919 898 2957 recepe-

39 2961 119 3000 rim.
145 2961 313 3014 Saepius
328 2964 426 3001 enim
446 2967 647 3014 utrumque
667 2963 901 3014 coniungunt

40 3020 211 3064 veteres,
236 3022 278 3057 ut
299 3020 353 3057 rei
371 3021 664 3071 perpetuitatem
681 3019 899 3070 designent.

41 3072 90 3112 cf,
114 3072 214 3114 Gon.
240 3073 283 3113 Π.
313 3081 345 3116 1.
378 3075 600 3126 Symmach.
632 3073 759 3126 Epist.
783 3073 808 3113 Ῑ.
835 3079 898 3116 53.

42 3127 85 3168 Π.
112 3133 174 3170 47.
224 3130 271 3171 cf.
296 3130 425 3184 Kopp.
457 3133 507 3171 ad
538 3132 651 3171 Mart.
680 3130 829 3184 Capell.
855 3131 898 3172 H.

970 1049 1000 1098 ᾗ.
1036 1052 1124 1089 124.
1157 1061 1193 1099 p.
1229 1053 1316 1089 173.
1355 1048 1490 1089 Gloss,
1523 1048 1635 1088 Vulc.
1673 1062 1709 1100 p.
1744 1052 1836 1091 108.

967 1105 1138 1156 perdius
1162 1108 1398 1157 πανημέριος.
1449 1105 1615 1156 Saepius
1636 1106 1670 1144 in
1685 1118 1759 1144 usu
1773 1111 1837 1145 est

971 1160 1197 1198 vocabulum
1210 1175 1385 1212 pernox.
1417 1161 1463 1199 cf.
1487 1162 1579 1200 Met.
1599 1161 1666 1200 IX.
1689 1167 1834 1212 p.600.

968 1215 1151 1255 Fronton.
1180 1216 1299 1267 Epist.
1327 1217 1374 1256 ad
1395 1217 1485 1256 Ver.
1515 1217 1539 1255 l.
1566 1232 1602 1269 p.
1621 1222 1710 1258 184.
1734 1232 1832 1257 som·

969 1286 1041 1311 nus
1065 1286 1243 1324 pernox.
1276 1272 1358 1311 lntt.
1390 1274 1436 1311 ad
1465 1274 1568 1325 Virg.
1597 1273 1741 1325 Georg.
1767 1273 1834 1316 ΙΙΙ.

966 1332 1076 1375 230.,
1114 1330 1178 1367 ubi
1217 1328 1330 1366 valde
1367 1328 1585 1381 disceptant
1622 1329 1703 1368 lntt.
1736 1333 1832 1370 inter

963 1386 1174 1435 scripturas
1202 1387 1357 1436 perm'x
1386 1390 1425 1424 et
1449 1400 1633 1438 pernox,
1673 1399 1830 1437 quarum

963 1441 1064 1492 prior
1093 1454 1115 1478 a
1147 1441 1320 1491 plurimis
1351 1443 1584 1494 optimisque
1615 1443 1727 1481 codd.
1752 1457 1831 1481 ser·

964 1501 1081 1536 vatur.
1130 1495 1375 1549 Quamquam
1400 1498 1474 1537 hoc
1498 1499 1731 1538 monendum
1757 1504 1830 1546 est,

956 1555 1112 1605 pernix
1143 1558 1181 1592 et
1209 1568 1377 1606 pernox·
1408 1555 1442 1593 in
1469 1555 1569 1593 Mss.
1596 1556 1831 1607 saepissime

963 1610 1161 1657 conlundig
1211 1611 1257 1649 οἷ’.
1286 1610 1371 1649 val.
1398 1610 1458 1650 Fl.
1484 1610 1546 1650 ΙΙΙ.
1577 1616 1667 1653 117.
1714 1613 1769 1651 At
1794 1614 1831 1652 in

964 1666 1049 1705 loco
1087 1666 1237 1718 Virgilii
1274 1667 1479 1706 lectionem
1521 1670 1677 1720 pernix
1718 1669 1830 1708 unice

963 1724 1094 1773 probo,
1122 1724 1224 1773 quod
1251 1724 1429 1762 insolenti
1455 1725 1621 1762 dictione
1647 1739 1696 1763 ex
1719 1727 1829 1765 vocis

963 1784 1091 1830 etymo
1126 1793 1193 1830 pro
1221 1782 1444 1832 pernitcns,
1480 1795 1739 1833 perseverans
1775 1782 1829 1821 di-

962 1840 1061 1873 ctum
1077 1849 1169 1873 esse
1184 1836 1284 1875 volo.
1311 1837 1485 1876 Pei-nox
1506 1839 1605 1875 enim
1621 1842 1829 1889 propterea

963 1906 1035 1930 non
1062 1892 1208 1943 placet,
1236 1893 1339 1942 quod
1358 1894 1447 1930 victi
1472 1894 1584 1932 bovis
1609 1894 1724 1932 vitam
1751 1909 1826 1934 non

962 1949 1060 1986 bene
1092 1948 1270 1987 declarat.
1320 1948 1390 1987 lile
1426 1951 1523 1988 enim
1562 1964 1635 1988 non
1667 1955 1766 1989 errat
1789 1951 1826 1990 in

960 2004 1138 2055 pascuis,
1174 2005 1245 2043 sed
1282 2019 1438 2057 semper
1473 2008 1570 2044 iacet
1605 2007 1703 2045 inter
1733 2007 1827 2048 dura

961 2074 1076 2106 saxa,
1115 2074 1240 2112 neque
1276 2062 1401 2100 solum
1432 2076 1579 2114 pernox
1610 2063 1682 2101 sed
1711 2065 1826 2102 etiam

962 2116 1120 2167 perdius
1130 2147 1138 2161 ,
1152 2117 1277 2156 donec
1290 2118 1494 2157 collectum
1509 2124 1570 2157 est
1584 2120 1696 2158 robur
1708 2121 1826 2159 vires-

963 2185 1037 2224 que
1069 2174 1224 2212 resecta.
1272 2174 1425 2213 Deinde
1450 2177 1608 2228 pernix
1639 2180 1678 2214 et
1706 2177 1824 2224 iacet,

962 2242 1062 2280 quae
1087 2230 1306 2281 Wagner-us
1331 2231 1404 2270 sibi
1436 2232 1592 2271 obstare
1618 2234 1823 2280 contendit,

962 2289 1000 2323 et
1030 2285 1213 2325 Doederl.
1247 2288 1340 2339 Syn.
1375 2287 1417 2326 Π.
1449 2301 1485 2340 p.
1516 2294 1605 2330 128.
1638 2289 1824 2329 contradi-

962 2343 1124 2381 ctionem
1157 2344 1191 2381 in
1223 2344 1373 2383 adiecto
1404 2346 1591 2392 nominat,
1625 2350 1728 2386 recte
1759 2360 1824 2386 ex-

962 2399 1093 2450 plicari
1124 2413 1244 2450 posse
1275 2401 1465 2449 videntur,
1497 2403 1530 2441 si
1559 2405 1715 2455 pernice
1740 2417 1823 2455 per-

959 2460 1202 2494 severantem
1228 2458 1262 2495 in
1289 2458 1345 2497 ira
1369 2459 1507 2497 bovem
1533 2459 1734 2510 significet,
1759 2461 1824 2512 qui

959 2511 1063 2550 nullo
1095 2513 1208 2552 modo
1240 2526 1263 2552 a
1288 2516 1487 2565 proposito
1514 2520 1647 2567 potest
1672 2516 1823 2557 deduci.

958 2569 1129 2608 Pernosc
1161 2582 1249 2608 vero
1280 2570 1315 2609 id
1348 2571 1534 2610 denotare
1570 2586 1644 2611 non
1681 2577 1823 2624 potest,

958 2631 998 2663 ut
1021 2626 1129 2664 multi
1148 2626 1367 2675 voluerunt3
1393 2628 1696 2668 cfjwernsdsfff.
1712 2628 1822 2670 Poet.

957 2681 1051 2720 Min.
1068 2681 1174 2720 '1'.V.
1191 2681 1288 2723 P.‘2.
1315 2697 1350 2735 p.
1373 2688 1506 2726 1080..
1534 2686 1596 2736 qui
1622 2689 1823 2735 praeterea

958 2738 992 2776 in
1021 2738 1104 2777 loco
1119 2739 1257 2777 Avieni
1282 2739 1462 2792 descript.
1478 2740 1572 2780 Orb.
1598 2744 1689 2783 946.
1717 2755 1822 2793 egre-

956 2795 1018 2845 gie
1044 2796 1193 2834 erravit.
1242 2795 1295 2834 lbi
1327 2797 1427 2834 enim
1458 2798 1659 2837 retinenda
1683 2803 1745 2838 est
1769 2797 1821 2838 le·

957 2852 1030 2889 ctio
1056 2855 1095 2890 et
1113 2853 1269 2904 pernt‘x
1294 2852 1521 2892 Dav-alcum
1543 2867 1673 2906 fyens,
1707 2867 1824 2906 quam

956 2906 1020 2946 ille
1057 2908 1091 2946 in
1131 2921 1297 2961 pernox
1339 2909 1536 2955 emendat,
1587 2909 1822 2963 intelligens,

958 2968 1111 3014 gentem
1143 2977 1228 3002 eam
1259 2965 1459 3004 assiduam
1491 2978 1583 3004 esse
1615 2967 1650 3005 in
1683 2967 1822 3019 ligneis

957 3019 1134 3059 domibus
1161 3025 1374 3071 noctesque
1399 3022 1434 3060 in
1461 3022 1507 3060 iis
1533 3023 1688 3075 exigere
1706 3024 1823 3063 adeo-

960 3089 1035 3127 que
1065 3077 1246 3115 habitare.
1297 3076 1394 3124 Quis
1430 3091 1596 3130 unquam
1633 3079 1707 3120 hoc
1736 3095 1822 3134 pro-

960 3133 1128 3173 baverit?
1171 3133 1345 3174 Βαναία·
1370 3135 1470 3173 enim
1496 3135 1678 3192 Mossyni
1701 3139 1821 3177 nomi·

1509 3203 1561 3246 21
