2221 3667
249 173 331 216 574
503 172 551 212 L.
580 170 803 211 APULElI
833 168 1237 211 MADAURENSIS
1266 167 1814 210 METAMORPHOSEON

247 285 456 348 imprecer,
484 296 583 337 quae
612 297 674 325 me
705 283 893 324 formavit
912 296 990 322 non
1015 293 1169 331 canem,
1195 279 1265 320 sed
1289 279 1466 330 asinum,
1493 281 1633 335 quippe
1657 295 1744 321 cum
1768 282 1943 322 viderem
1967 282 2047 322 lar-

248 340 434 393 gissimae
471 353 618 380 coenae
656 340 832 393 reliquiis
869 337 1097 391 rapinisque
1133 350 1252 377 canes
1283 350 1420 377 omnes
1452 311 1652 377 inescatos
1689 344 1805 390 atque
1836 338 2043 378 distentos.

245 397 347 437 Post
377 403 531 437 noctem
561 397 652 436 unic
656 411 717 436 im
749 403 788 435 et
816 394 1038 435 rudimenta
1061 392 1234 433 Veneris
1264 406 1406 433 recens
1430 400 1549 447 nupta
1577 392 1726 446 gratias
1751 407 1922 433 summas
1947 395 2048 448 apud

247 466 340 493 suos
366 460 551 506 parentes
577 466 622 493 ac
647 452 829 492 maritum
855 450 949 489 mihi
974 449 1201 489 meminisse
1226 463 1306 489 non
1332 449 1500 500 destitit,
1529 450 1655 502 quoad
1681 463 1853 489 summos
1878 450 1934 490 illi
1960 464 2050 503 pro-

245 509 450 550 mitterent
474 509 646 549 honores
672 506 843 548 habituri
868 505 978 545 mihi.
1019 503 1261 546 Convocatis
1288 505 1503 560 denique²³
1482 519 1580 545 ‹rr‘u
1583 505 1733 546 loribus
1759 505 1894 546 amicis
1920 506 2050 546 eonsi-

246 565 341 605 lium
367 566 504 617 datur,
532 580 607 619 quo
633 563 874 618 potissimum
903 562 1007 602 facto
1033 561 1149 615 digne
1174 575 1468 603 remunerarer.
1480 538 1720 602 ”Placuerat
1743 562 1833 612 uni,
1862 561 1965 602 domi
1990 575 2052 602 me

158 628 222 661 473
248 622 476 663 conclusum
513 629 551 662 et
588 621 756 661 otiosum
793 618 941 659 hordeo
977 594 1096 658 lecton
1102 617 1108 673 Ι
1128 618 1296 672 fabaque
1332 626 1373 659 et
1400 618 1506 660 vicia
1537 618 1729 672 saginari.
1780 617 1858 660 Sed
1884 617 2055 659 obtinuit

246 751 416 789 r’rt1precor
427 751 553 780 Vieent.
568 750 682 778 Venet.
695 749 727 777 2.
742 748 818 777 Ald.
831 749 916 776 Iunt.
932 748 962 776 1.
975 749 1007 775 2.
1032 745 1201 783 improcer
1214 749 1250 775 G.
1267 749 1296 776 1.
1335 747 1510 785 formarit
1524 747 1560 775 B.
1597 745 1825 784 largissimum
1840 749 1877 775 G.
1892 750 1920 777 1.
1935 754 1956 776 a
1968 755 2009 776 m.
2024 755 2054 781 p.

248 796 441 834 largissime
454 804 527 824 am.
543 804 570 822 s.
596 792 810 831 largissima,
835 793 919 827 quod
933 792 967 820 in
981 793 1017 820 G.
1031 793 1063 820 2.
1077 792 1144 827 legi
1157 792 1202 820 ait
1217 793 1314 829 Oud.‚
1339 793 1385 821 ibi
1398 800 1463 821 non
1477 793 1650 827 reperitur,
1675 793 1732 821 sed
1748 793 1826 821 utin
1839 797 1912 822 cett.
1927 791 2055 830 largis-

247 842 340 871 sime.
387 840 526 877 reliquis
541 840 577 867 G.
594 840 623 867 1.
637 840 671 867 0.
696 837 863 876 reliquias
883 840 920 866 G.
933 839 964 867 2.
1013 844 1092 875 que,
1119 838 1201 871 quod
1220 838 1300 866 Oud.
1321 842 1474 873 excerpta
1493 839 1561 866 cod.
1577 839 1613 866 G.
1630 839 1657 865 1.
1682 840 1799 866 abesse
1812 840 1996 875 voluerunt⁷
2020 837 2055 866 in

248 896 285 917 eo
298 887 410 916 codIce
424 886 561 921 legitur,
587 887 620 913 at
634 884 814 918 separatim
827 883 985 917 scriptum
999 886 1060 911 est.
1107 885 1276 910 mese-atos
1291 883 1416 911 Vicent.
1465 885 1506 910 at
1518 881 1684 910 distentos
1698 890 1728 917 p.
1775 885 1905 910 noctem
1920 882 2056 910 unicam

247 933 285 961 F.
300 934 330 960 3.
345 934 381 960 G.
400 933 427 959 1.
440 933 470 959 2.
484 931 523 958 D.
539 929 560 958 f.
576 937 605 963 p.
621 926 650 957 δ.
675 931 712 957 ln
727 932 800 958 cett.
815 928 949 956 unicam
963 930 1106 956 noctem.
1154 927 1367 956 veneritne.
1384 930 1412 957 1.
1427 932 1474 957 est
1491 935 1510 956 a
1524 936 1564 956 m.
1579 937 1607 962 p.
1619 950 1627 964 ‚
1653 934 1669 955 s
1682 936 1703 956 a.
1716 936 1756 956 m.
1770 936 1797 956 S.
1817 932 1865 956 est
1879 928 2057 963 adpictum.

248 977 412 1005 meruisse
425 983 481 1010 pro
495 974 683 1002 meminisse
695 981 865 1010 perperam
879 975 915 1001 G.
932 975 961 1001 1.
1009 970 1200 1002 habituros.
1226 974 1309 1001 Num
1328 973 1375 1002 ita
1393 974 1459 1006 legi
1477 974 1615 1002 voluerit
1635 974 1821 1009 Puteanus,
1848 980 1890 1002 an
1907 982 1983 1002 vere
2001 973 2058 1001 lit-

248 1027 337 1050 terae
350 1021 531 1050 exciderint
546 1017 576 1046 B
588 1023 619 1048 et
634 1017 684 1056 M,
711 1023 745 1048 ut
764 1023 876 1047 notare
894 1018 1052 1054 voluerit,
1078 1018 1128 1047 sic
1147 1017 1181 1046 in
1201 1018 1314 1046 Bembi
1327 1020 1380 1047 vel
1393 1019 1553 1053 mangani
1570 1020 1624 1047 vel
1644 1023 1776 1053 utroque
1790 1018 1901 1047 codice
1914 1018 2058 1053 exarari,

248 1067 368 1095 dubius
381 1070 430 1094 est
444 1066 524 1094 oud.
549 1065 720 1093 Posterius
735 1068 841 1093 tamen
855 1064 968 1092 credit.
992 1065 1076 1092 Nam
1088 1061 1268 1091 habituros
1282 1063 1381 1092 etiam
1393 1063 1517 1092 invenit
1532 1063 1566 1092 in
1579 1060 1609 1091 ὃ.
1622 1067 1651 1091 et
1666 1063 1688 1092 f.
1737 1061 1877 1100 deniqne
1896 1072 1961 1092 non
1979 1070 2059 1092 con-

247 1112 386 1147 spicitur
398 1111 432 1139 in
445 1111 481 1138 B.
520 1109 628 1150 sacto
643 1117 707 1138 non
719 1113 881 1143 comparet
894 1109 929 1137 in
943 1105 973 1137 δ’.
1022 1111 1259 1136 remuneraret
1271 1109 1399 1137 Vicent.
1412 1110 1496 1137 lunt.
1513 1110 1541 1136 1.
1556 1110 1587 1137 2.
1600 1105 1674 1137 Am.
1688 1109 1836 1137 Beroald.
1850 1109 1933 1138 Elui.
1978 1107 2057 1144 pla-

248 1159 370 1185 cuerat
383 1154 514 1193 quidem
534 1153 702 1182 domz'm'ae
721 1153 914 1182 conclusum
928 1155 967 1182 R.
983 1153 1003 1182 t'.
1017 1154 1054 1182 P.
1074 1155 1126 1190 0.‚
1153 1155 1236 1187 quod
1255 1161 1318 1182 non
1337 1154 1456 1189 legitur
1475 1154 1508 1182 in
1529 1156 1564 1182 G.
1582 1155 1610 1182 1.
1625 1158 1654 1182 et
1670 1155 1718 1188 ⁴2..
1744 1154 1790 1182 uti
1811 1157 1965 1189 excerpta
1978 1154 2058 1182 Oud.

247 1204 484 1238 praebuerunt,
514 1202 572 1229 sed
592 1201 616 1229 ii
636 1208 710 1229 cum
732 1201 772 1229 Ι).
796 1201 908 1235 legunt
931 1197 1117 1235 placuerat
1142 1197 1272 1236 quidem
1297 1197 1472 1234 (ἰιιηιὴιαε,
1497 1200 1580 1233 quod
1609 1199 1748 1227 sortasse
1772 1199 1870 1227 etiam
1889 1199 1922 1227 in
1942 1199 2061 1227 ceteris

247 1247 378 1283 legitur.
402 1249 485 1275 Nam
498 1246 532 1274 in
545 1246 754 1275 adnotatione
767 1246 847 1274 Oud.
861 1242 1015 1271 dorm'nae
1027 1252 1140 1272 vocem
1152 1245 1335 1281 impugnat,
1350 1245 1436 1272 unde
1448 1244 1629 1273 verisimile
1641 1244 1689 1281 fit,
1704 1252 1811 1273 errore
1822 1246 2060 1279 typothetarum

248 1293 302 1321 vel
322 1293 402 1321 Oud.
415 1292 620 1327 negligentia
637 1292 691 1330 1¹³.
703 1294 890 1319 aberratum
908 1298 993 1318 esse.
1018 1291 1055 1318 ln
1069 1292 1106 1318 G.
1122 1291 1151 1318 1.
1171 1290 1255 1318 duae
1273 1293 1458 1324 postremae
1476 1289 1570 1318 vocis
1584 1288 1768 1326 placuerat
1788 1290 1916 1318 litterae
1934 1295 1954 1318 a
1971 1297 2012 1318 m.
2032 1298 2061 1318 s.

248 1341 324 1366 sunt
338 1337 556 1373 perscriptae,
582 1340 610 1365 et
626 1344 744 1365 rasura
758 1337 918 1370 quaedam
931 1335 1134 1369 conspicitur
1148 1336 1285 1363 duarum
1298 1335 1438 1363 triumve
1451 1335 1645 1371 litterarum,
1671 1342 1867 1369 quamquam
1881 1335 1956 1368 quid
1971 1335 2061 1368 prius

248 1384 351 1411 codex
375 1382 542 1418 habuerit,
567 1382 714 1417 dignosci
737 1384 888 1415 nequeat.

247 1427 357 1456 vz'ccz'a
371 1429 407 1456 G.
423 1429 452 1456 1.
477 1426 564 1455 villa
577 1427 704 1456 Vicent.
752 1426 898 1470 optinuit
913 1426 949 1454 G.
962 1427 993 1455 2.
1007 1426 1046 1454 D.

303 1528 518 1566 inescatos.
589 1525 721 1578 [Novo
758 1523 875 1577 plane
910 1524 1128 1576 significatu

249 1584 299 1622 ab
323 1582 495 1634 Apuleio
520 1582 598 1621 hoc
622 1581 855 1620 vocabulum
887 1581 1033 1620 dictum
1064 1585 1127 1619 est

249 1640 301 1679 de
331 1653 397 1685 eo,
435 1640 499 1689 qui
529 1642 729 1678 saturatus
759 1643 841 1685 est,
879 1651 997 1689 quum
1027 1637 1127 1676 alias

249 1696 399 1736 dicatur
423 1696 476 1741 is,
507 1695 571 1747 qui
602 1708 698 1734 esca
728 1698 868 1746 captus
907 1699 946 1733 et
971 1695 1126 1732 omnino

253 1753 446 1804 deceptus
483 1755 556 1790 est.
616 1751 712 1790 Item
749 1751 889 1801 legitur
924 1750 1022 1789 Met.
1056 1749 1125 1789 lX.

253 1825 288 1861 p.
316 1813 409 1850 641.
439 1809 642 1861 yracique
672 1808 804 1847 odore
833 1807 1045 1859 sulphuris
1069 1808 1128 1846 iu-

249 1867 358 1905 venis
392 1866 637 1904 inescatus
666 1864 688 1903 i.
715 1877 751 1903 e.
780 1863 957 1914 repletus
993 1867 1033 1901 et
1067 1876 1129 1902 sa-

250 1924 368 1961 tiatus
398 1920 451 1960 X.
477 1934 514 1972 p.
541 1924 633 1960 706.
697 1921 856 1959 Interea
893 1919 1130 1959 liberalibus

253 1979 392 2019 coenis
422 1979 670 2017 inescatus
701 1982 741 2016 et
763 1977 949 2016 humanis
973 1977 1130 2029 affatim

253 2036 355 2075 cibis
379 2033 620 2086 saqinatus]

310 2091 502 2130 habituri.
556 2090 621 2128 De
644 2090 722 2128 hoc
746 2103 862 2141 quem
889 2089 1021 2128 dicunt
1044 2088 1131 2127 Intt.

253 2148 482 2188 Graecismo
531 2147 751 2185 accuratius
800 2148 879 2198 agit
921 2145 1131 2192 Pricaeus,

254 2205 319 2257 qut
335 2204 430 2242 Tac.
446 2201 548 2241 Anu.
563 2202 654 2242 XV.
670 2207 736 2244 42.
748 2205 905 2256 fossam
921 2203 1134 2254 depressu-

253 2275 325 2300 ‘ros
332 2261 627 2313 promiserant,
654 2261 746 2298 citat
772 2259 895 2311 [quod
909 2258 1133 2310 exemplum

255 2331 322 2356 cur
334 2316 435 2355 Prie.
453 2315 670 2368 protulerit,
695 2316 878 2366 equidem
896 2330 971 2354 non
986 2314 1132 2368 capio].

255 2374 364 2425 Virg.
391 2373 491 2411 Aen.
511 2371 558 2411 II.
580 2376 676 2413 377.
725 2374 862 2412 Sensit
885 2373 1041 2412 medios
1066 2372 1133 2410 de-

257 2432 396 2482 lapsus
431 2430 476 2467 in
511 2429 659 2476 hostes,
695 2429 761 2467 ubi
787 2429 833 2467 cf.
860 2429 971 2468 Serv.
996 2428 1134 2467 Horat.

258 2487 383 2539 Epist.
415 2485 442 2524 I.
470 2486 563 2526 722.
625 2487 782 2538 Difflze's
811 2487 871 2525 ait
901 2499 981 2524 esse
1005 2499 1135 2537 para-

257 2550 320 2583 tus
357 2541 498 2581 Catull.
523 2541 592 2581 IV.
619 2547 656 2583 2.
717 2541 792 2581 Ait
812 2543 942 2592 fuisse
972 2542 1136 2581 navium

258 2601 501 2640 celerrimus.
536 2597 605 2650 [cf.
619 2598 712 2637 Tac.
727 2598 830 2637 Hist.
844 2597 911 2636 lv.
928 2602 993 2638 55.
1042 2597 1137 2649 Ipse

258 2657 382 2695 hostis
427 2669 547 2708 quam
582 2656 718 2695 socius
753 2655 947 2694 iactabat.
1019 2653 1137 2692 Ovid.

257 2712 355 2751 Met.
385 2711 491 2749 Xltl.
527 2716 619 2752 141.
656 2711 748 2750 Hor.
786 2710 914 2763 Epist.
946 2710 973 2750 l.
1006 2715 1029 2751 5
1073 2715 1122 2750 15

262 2772 322 2809 16.
339 2773 403 2809 30.
430 2768 508 2806 Od.
533 2767 559 2806 l.
580 2773 616 2809 2.
633 2772 699 2809 43.
759 2767 824 2806 De
849 2768 1137 2806 constructione

260 2825 307 2864 cf.
344 2824 501 2863 Watch.
538 2825 590 2863 ad
627 2824 721 2863 Tac.
757 2825 853 2876 Agr.
880 2828 946 2865 27.
976 2838 1015 2876 p.
1042 2827 1138 2864 319.

258 2881 360 2919 Jahn
393 2881 443 2920 ad
473 2880 592 2920 Ovid.
625 2880 741 2920 Trist.
769 2880 814 2920 ll.
845 2885 909 2921 10.
935 2880 1065 2919 Bentl.
1098 2884 1138 2918 et

260 2938 437 2976 Schmidt
461 2938 511 2976 ad
536 2937 629 2976 Hor.
656 2937 782 2990 Epist.
803 2937 830 2976 l.
851 2942 887 2978 7.
902 2941 967 2978 22.
994 2937 1138 2988 XVagn.

260 2994 309 3031 ad
334 2994 423 3031 Vnt.
450 2993 773 3035 Ftaec.V1.490.
799 2993 902 3032 Phil.
917 2993 1062 3044 NVagn.
1089 2994 1140 3032 ad

260 3050 373 3099 Eteg.
398 3050 448 3088 ad
460 3050 630 3089 Messal.
655 3065 691 3102 p.
707 3055 772 3091 43.
798 3055 838 3089 et
851 3050 1015 3097 Quaest.
1030 3049 1140 3101 tire.

261 3104 411 3143 XXlX
439 3110 489 3152 6.,
525 3108 591 3145 ubi
627 3107 739 3159 plura
770 3107 920 3157 xirgttii
957 3106 1143 3157 exempla
1201 3106 1355 3147 Ηώς

261 3161 446 3214 protulit}

937 1383 1028 1407 secto
1041 1381 1139 1409 Vulc.
1151 1381 1184 1409 2.

1208 1381 1293 1409 Elui.
1313 1380 1554 1409 Scriv.}··10rid.
1602 1378 1688 1408 lecto
1714 1378 1838 1407 hordeo
1852 1381 1888 1409 P.
1914 1382 1950 1409 G.
1965 1381 1996 1408 2.
2020 1380 2061 1408 D.

1236 1525 1460 1577 placuerat
1495 1525 1584 1570 uni,
1622 1525 1734 1563 domi
1763 1538 1834 1563 me.
1895 1522 2009 1570 Quae
2040 1537 2064 1562 a

1185 1581 1381 1619 nonnullis
1424 1580 1537 1619 codd.
1579 1581 1772 1632 profertur
1813 1581 1928 1619 lectio
1967 1580 2064 1633 pla-

1187 1642 1330 1677 cuerat
1366 1638 1531 1690 quidem
1569 1638 1760 1676 dorm'nae
1789 1651 1837 1675 eo
1869 1637 1958 1675 ferri
1987 1650 2064 1675 non

1186 1698 1340 1745 potest,
1373 1693 1477 1744 quod
1508 1693 1543 1731 si
1570 1695 1760 1733 dommac
1783 1694 1823 1732 id
1846 1693 2065 1746 placuisset

1189 1750 1404 1796 consilium,
1431 1750 1567 1800 reliqui
1594 1764 1669 1788 non
1697 1749 1821 1789 fuisse
1847 1750 2066 1789 dissensuri

1186 1806 1375 1846 videntur.
1434 1806 1500 1844 Ad
1525 1806 1625 1845 haec
1660 1808 1836 1857 sequitur
1866 1808 1989 1852 alius,
2025 1811 2068 1844 nt

1186 1863 1355 1901 advertit
1388 1861 1587 1902 Pricaeus.
1649 1862 1781 1909 Quare
1817 1862 1920 1902 Oud.
1957 1864 2067 1901 corri-

1188 1920 1359 1970 gendum
1372 1923 1494 1971 putat,
1515 1920 1589 1957 etsi
1604 1921 1807 1959 temerarie
1827 1919 1970 1959 factum
1990 1919 2068 1958 hoc

1189 1989 1284 2015 esse
1304 1979 1480 2014 autumo:
1512 1975 1743 2016 Placuerat
1756 1977 1932 2022 cuidam,
1954 1976 2067 2015 (lomi

1150 2055 1154 2059 ·
1188 2046 1248 2072 me
1273 2032 1517 2072 conclusum.

1251 2089 1426 2128 Hordeo
1463 2089 1582 2128 lecto.
1643 2088 1773 2135 Quum
1810 2090 1846 2127 in
1877 2089 2069 2140 prioribus

1191 2160 1265 2185 Sua
1296 2145 1533 2183 editionibus
1566 2146 1763 2184 Stewech.
1795 2147 1847 2184 ita
1877 2146 2069 2197 interpun-

1192 2203 1510 2242 ctuminveniret:
1539 2202 1711 2247 hordeo,
1734 2203 1851 2248 lecto,
1869 2203 2069 2255 fabaque.

1192 2263 1259 2298 aut
1288 2258 1594 2310 interpunctione
1623 2259 1781 2298 sublata
1806 2259 1965 2310 intelligi
1993 2258 2073 2297 vult

1193 2317 1244 2355 de
1268 2316 1476 2367 purissimo
1503 2320 1541 2354 et
1567 2315 1669 2354 lecto
1694 2315 1861 2361 hordeo,
1893 2319 1960 2354 aut
1983 2329 2071 2354 con-

1193 2374 1340 2411 iectura
1376 2371 1663 2410 emendandum
1699 2385 1794 2410 esse
1830 2372 1986 2411 iudicat:
2035 2377 2071 2410 e!

1196 2431 1367 2468 otiosum
1392 2429 1573 2474 hordeo.
1613 2429 1740 2474 lente,
1774 2430 1973 2481 fabaque,
2012 2430 2071 2466 cui

1194 2485 1456 2524 emendationi
1483 2485 1768 2524 confirmandae
1792 2485 1952 2524 adhibet
1964 2485 2073 2537 Apu-

1194 2542 1260 2581 leti
1283 2542 1405 2580 verba
1429 2539 1496 2581 Vl.
1523 2555 1559 2594 p.
1586 2544 1679 2582 398.
1712 2546 1751 2580 et
1781 2547 1955 2594 accepto
1982 2545 2072 2595 fru-

1194 2604 1327 2638 mento
1353 2603 1391 2637 et
1416 2598 1575 2637 hordeo
1600 2603 1638 2637 el
1663 2599 1778 2637 milio
1803 2603 1843 2637 et
1860 2611 2075 2652 papavere

1197 2661 1236 2694 et
1265 2656 1400 2694 cicere
1430 2659 1469 2693 et
1500 2655 1629 2694 lente
1654 2659 1698 2693 et
1718 2655 1851 2707 faba.
1913 2654 2073 2693 Colvius

1128 2741 1137 2750 .
1196 2726 1313 2764 porro
1338 2711 1568 2750 inconcinne
1594 2711 1748 2762 corrigit
1776 2717 1904 2757 seclo,
1935 2724 2075 2763 provo-

1197 2782 1293 2807 cans
1328 2768 1379 2806 ad
1421 2767 1518 2806 Met.
1555 2767 1622 2806 IV.
1666 2780 1704 2818 p.
1742 2771 1836 2808 285.
1875 2768 1932 2807 At
1972 2769 2075 2806 enim

1196 2825 1315 2864 nobis
1339 2838 1441 2864 anus
1464 2824 1541 2863 illa
1564 2837 1703 2863 recens
1729 2825 1898 2863 ordeum
1917 2825 2075 2878 affatim

1198 2882 1355 2934 laryita
1380 2885 1439 2920 est
1461 2911 1473 2922 .
1488 2910 1521 2920 ..
1537 2910 1546 2920 .
1583 2880 1683 2933 Eyo
1707 2894 1803 2919 vero
1829 2893 2077 2932 quamquam

1199 2939 1306 2977 alias
1321 2938 1489 2976 ordeum
1515 2942 1700 2977 tunsum
1723 2937 1994 2976 minutatim
2018 2936 2075 2974 in-

1200 2996 1258 3033 l'ra
1294 3008 1331 3045 p.
1357 2998 1450 3034 474.
1488 2993 1678 3045 IVamque
1714 2993 1913 3031 hordeum
1950 3007 2076 3033 meum

1196 3053 1391 3103 frwetmn.
1444 3049 1583 3102 inepte
1606 3062 1698 3087 vero
1724 3062 1812 3086 enm
1838 3050 1964 3088 secuti
1987 3053 2079 3087 sunt

1360 3105 2005 3155 .Etm.Sc1iv.Fto1i‹t.finctum
2031 3118 2078 3144 ac

1203 3137 1367 3202 fractuni
1390 3164 1453 3200 set
1480 3163 1596 3200 etiam
1617 3167 1775 3202 {nusum
1795 3162 1986 3200 hordeum
2012 3161 2077 3199 da-
