2221 3667
196 408 259 441 142

161 459 258 502 [124]
283 476 357 516 que
382 462 423 502 in
454 470 583 513 torum
610 464 801 520 porlrigit
825 464 1050 513 dexteram,
1091 470 1130 502 et
1154 464 1201 503 ad
1234 463 1363 504 instar
1387 471 1589 505 oratoriun
1617 467 1839 506 conformat
1863 468 2087 520 articulum3

288 155 369 199 124

540 156 589 196 L.
620 157 841 199 APULEII
870 157 1273 200 MADAURENSIS
1300 157 1849 200 METAMORPHOSEON

839 308 1276 357 CAPUT
1369 309 1537 356 XXI.

395 407 458 448 Ac
488 407 545 449 sic
576 408 778 462 aggeratis
805 409 843 447 in
877 407 1071 448 cumulum
1097 406 1288 459 stragulis
1315 414 1354 447 et
1376 406 1382 463 Ι
1404 407 1549 448 θΗυΙιίε
1575 408 1615 448 in
1642 408 1814 450 cubitum
1839 410 2088 453 suberectus-

282 515 509 574 duobusque
534 520 678 561 infimis
704 520 898 560 conclusis
924 519 1076 573 digitis,
1106 526 1259 560 ceteros
1292 521 1443 561 eminus
1475 521 1665 576 porrigit,
1706 530 1744 563 et
1774 523 1919 564 infesto
1950 525 2088 579 pollice

327 613 489 643 tumulum
513 616 550 644 F.
565 617 594 644 3.
610 617 644 644 Ρ.
660 625 692 649 φ.
717 617 754 643 In
780 614 916 648 reliquis
940 617 987 642 es!
1009 612 1175 642 mentulam
1202 613 1257 649 [de
1275 618 1338 644 hac
1356 616 1551 645 confusione
1587 617 1629 646 cf.
1648 617 1740 650 Vires.
1761 619 1873 653 Georg.
1891 620 1916 646 I.
1933 620 2017 650 105.ἶ
2030 621 2087 650 Dr.

279 661 320 689 ad
334 661 407 690 Liv.
421 662 460 689 X.
475 660 544 696 29]
593 660 788 697 aggregatis
803 661 836 687 P.
886 656 1029 695 efficltns
1044 661 1078 688 P.
1094 669 1126 693 φ.

1175 660 1208 687 iu
1224 664 1318 689 abest
1330 669 1351 690 a
1364 670 1386 695 φ
1400 665 1430 689 et
1443 663 1479 690 P.
1517 661 1767 700 saberet-cisque
1784 664 1821 692 B.
1836 665 1885 692 ed.
1900 672 1947 699 pr.
1960 665 2088 695 vicem.

278 706 393 735 Venet.
406 708 438 735 2.
450 708 534 735 lunt.
555 708 580 734 1.
595 706 670 734 ΑΜ.
696 704 926 740 subrectis-qne
940 705 1051 733 Colon.
1067 705 1157 734 Colv.
1172 710 1201 734 et
1215 707 1292 735 Bas.
1308 708 1337 735 1.
1364 705 1523 735 subiectis
1537 710 1642 743 Mai-g.
1657 709 1732 736 Bas.
1752 710 1778 737 l.
1804 708 1992 746 suberepeis
2005 712 2041 739 G.
2059 712 2088 739 1.

278 754 523 788 surreptusque
542 760 578 779 π.
610 749 852 785 subrectusque
873 750 907 777 Ο.
929 749 950 779 f.
1001 753 1107 777 tolum
1127 752 1242 780 Vener.
1264 754 1294 780 2.

613 794 796 833 conformi!
810 794 918 823 Paris.
967 794 1114 823 consulis
1127 795 1221 834 digit.
1235 798 1349 826 Vener.
1363 797 1394 826 4.

278 796 468 824 oratorium
482 798 518 825 F.
534 798 563 824 3.

1343 754 1374 778 ee
1396 752 1512 779 instar
1530 755 1568 781 R.
1589 758 1618 782 et
1639 754 1710 782 edd.
1726 757 1801 782 vett.
1817 758 1946 788 praeter
1958 757 2041 784 lunt.
2055 758 2087 784 2.

1444 796 1567 834 dt'gr'tos
1580 800 1617 827 R.
1656 798 1802 826 eminens
1815 799 1850 827 F.
1862 801 1890 829 1.
1907 798 1967 834 [ex
1978 803 2088 830 conat.

276 841 454 877 Lindenb]
474 844 504 870 3.
526 842 560 869 G.
577 843 605 868 1.
623 842 651 867 ἱ).
672 841 709 867 D.
723 841 758 868 P.
783 839 912 867 etm'nns
926 841 961 868 B.
979 849 1006 875 p.
1023 845 1051 869 et
1072 842 1142 870 edd.
1156 846 1234 871 vett.
1250 845 1277 870 el
1294 844 1329 871 F.
1347 844 1374 871 1.
1390 843 1424 871 in
1439 844 1603 877 excemiis
1617 845 1766 873 Elmenh.
1808 845 1990 882 porrigens
2005 847 2040 875 F.
2057 848 2086 875 1‘.

275 888 312 917 B.
328 896 357 922 p.
373 891 402 916 et
417 889 485 916 edd.
499 890 575 914 vett.
601 887 636 913 ln
653 888 727 913 celi.
742 888 788 913 est
800 884 961 922 porm'git.
1006 885 1130 923 pollice
1143 890 1236 916 abest
1249 895 1269 916 a
1284 889 1320 917 G.
1335 890 1365 916 2.

333 963 431 1001 CAP.
456 960 567 1000 XXI.
610 963 827 1013 ayycrcztis
863 963 905 1000 in
937 964 1150 1003 czmmlum.

276 1020 491 1073 Ayyerare
521 1016 623 1056 Oud.
656 1016 828 1068 explicat
859 1033 1057 1072 aquerem
1087 1020 1150 1058 vel

275 1076 473 1116 cumulzmz
501 1075 641 1127 quavis
666 1089 719 1113 ex
743 1088 787 1114 re
808 1077 954 1128 facere
980 1076 1028 1115 cs.
1054 1077 1151 1115 infra

272 1132 320 1171 ad
336 1131 402 1170 IX.
424 1136 460 1182 p.
479 1134 570 1171 639.
597 1131 811 1171 Tmnulmn
835 1146 927 1171 vero
954 1137 994 1171 et
1019 1147 1150 1174 cumu-

272 1190 352 1228 lum
377 1189 429 1225 ita
453 1188 550 1226 inter
573 1201 620 1225 se
645 1188 869 1240 discrepare
895 1190 998 1235 dicit,
1024 1195 1065 1229 ut
1085 1191 1152 1229 ille

269 1247 319 1283 sit
332 1244 561 1296 plerumque
575 1245 777 1284 naturalis
791 1245 853 1285 hic
862 1249 1016 1299 factus.
1050 1248 1151 1300 [Sed

268 1303 393 1340 minus
419 1302 521 1339 bene
540 1301 615 1340 hoc
636 1301 842 1341 discrimen
864 1304 1077 1342 institutum
1098 1305 1150 1341 vi-

270 1359 380 1397 detur
393 1371 499 1404 esse,
510 1371 627 1408 quum
641 1359 816 1398 tumulus
825 1361 952 1411 potius
966 1362 1018 1399 sit
1031 1355 1151 1413 ὄχθος

268 1410 368 1468 ὄχθη
396 1416 629 1468 quicunque
655 1416 774 1455 collis
801 1418 881 1455 sire
900 1423 1050 1457 natura
1071 1420 1150 1456 sire

268 1477 357 1511 arte
381 1472 557 1510 lmmcma
578 1477 746 1517 erectus,
766 1486 897 1526 neque.
917 1474 1005 1513 ullo
1024 1476 1148 1513 modo

268 1528 561 1581 (lisparabilis;
586 1529 769 1568 cumulus
790 1543 881 1568 vero
902 1544 1070 1569 (merrus
1090 1545 1147 1569 re-

264 1599 355 1625 rnm
387 1585 682 1637 dissipator-mn
716 1599 822 1638 qnae
858 1592 1005 1626 {curere
1036 1589 1147 1627 ewal-

266 1647 423 1689 tanturg
438 1641 486 1680 cs.
504 1640 606 1680 fort.
621 1641 829 1681 adLucan.
841 1642 903 1681 ΙΙΙ.
914 1647 1007 1684 375.
1023 1644 1145 1683 Bach.

265 1699 314 1736 ad
340 1698 454 1737 Ovid.
480 1698 577 1737 Met.
602 1697 689 1737 XII.
717 1704 810 1739 514.
837 1699 966 1738 Doed.
994 1701 1089 1751 Syn.
1118 1700 1144 1739 l.

265 1769 301 1809 p.
331 1760 421 1795 114.
449 1759 488 1793 et
515 1759 608 1795 122.
669 1754 783 1794 Unde
816 1761 980 1808 apparet
1011 1772 1143 1797 cunen-

266 1813 346 1851 lum
377 1812 492 1866 unice
521 1812 583 1850 hic
613 1813 798 1865 probari]
860 1813 924 1851 De
949 1816 1144 1852 sententia

264 1868 367 1907 Oud.
390 1867 555 1907 conferri
582 1868 665 1906 vult
689 1868 879 1907 Bourdel.
907 1870 957 1908 ad
982 1869 1142 1910 Heliod.

264 1938 299 1976 p.
328 1928 393 1966 29.
420 1925 480 1963 ed.
506 1924 597 1964 Par.
623 1926 659 1963 in
687 1929 724 1965 8.
787 1926 905 1978 [Sunt
929 1927 993 1965 hic
1019 1930 1142 1967 cerri·

263 1983 374 2021 colia
399 1978 686 2035 προςκεψάλαια
710 1984 879 2035 pulvi-lli
904 1986 1028 2023 serici
1055 1986 1140 2038 qui-

262 2039 334 2078 bus
355 2039 565 2078 brachium
584 2040 848 2093 nesJliyenter
867 2042 1046 2080 iacentes
1055 2042 1140 2094 sul-

261 2096 440 2134 ciebant:
478 2095 524 2134 cf.
551 2095 717 2147 Rupert.
745 2096 794 2133 ad
820 2096 990 2136 luvenal.
1017 2097 1045 2136 l.
1073 2103 1138 2139 65.

261 2151 454 2191 Schefl'er.
478 2152 528 2190 de
552 2165 594 2189 re
621 2152 786 2191 vehicul.
813 2152 858 2192 ll.
885 2159 920 2194 4.
947 2168 984 2206 p.
1008 2159 1072 2195 75.
1099 2161 1139 2194 et

258 2207 403 2258 Bottig.
430 2208 525 2247 Sal».
552 2207 596 2246 Π.
623 2222 658 2260 p.
687 2210 799 2262 213]

315 2266 547 2305 suberectus
583 2267 627 2303 in
664 2271 809 2305 lorum.
873 2265 928 2306 lta
960 2281 1008 2306 ex
1039 2273 1135 2322 optt.

258 2320 372 2360 codd.
398 2321 500 2360 Oud.
528 2322 644 2360 scribi
669 2324 800 2367 iussit.
833 2338 949 2374 quem
974 2330 1136 2364 secutus

257 2392 363 2424 sum,
396 2378 495 2416 conf.
522 2378 639 2417 Ovid.
665 2379 760 2417 Met.
789 2379 855 2418 lX.
883 2385 976 2422 518.
1003 2382 1135 2421 Burni.

257 2434 308 2472 ad
338 2434 437 2474 Met.
463 2434 549 2473 Vll.
576 2438 670 2475 343.
703 2435 815 2486 Fulg.
844 2437 1015 2488 Mythol.
1042 2438 1067 2477 l.
1096 2453 1133 2490 p.

258 2495 352 2532 608.
385 2492 493 2531 Stav.
524 2490 683 2530 Petron.
715 2507 748 2531 c.
785 2497 874 2533 132.
908 2494 972 2547 [cf.
1005 2495 1134 2535 Burni.

256 2547 307 2585 ad
326 2545 445 2599 Prop.
465 2547 491 2586 l.
508 2552 544 2588 3.
560 2552 625 2588 34.
675 2548 804 2599 Loqui
831 2552 931 2588 enim
953 2553 1134 2605 incipien-

256 2605 348 2643 tium
385 2608 464 2650 est,
501 2605 642 2643 suffixo
674 2606 802 2644 cubito
835 2610 1064 2647 accumbere
1096 2615 1135 2648 et

256 2661 473 2714 paullisper
496 2675 543 2700 se
568 2663 727 2713 erigere.
787 2662 851 2700 De
875 2677 958 2704 voc.
976 2667 1134 2717 fulc-ire

256 2717 305 2756 cs.
330 2717 458 2758 Hand.
484 2718 535 2758 ad
561 2718 660 2758 Stat.
688 2719 784 2758 Silv.
811 2718 855 2757 ll.
883 2724 919 2761 9.
946 2735 982 2773 p.
1012 2722 1129 2776 167.]

308 2777 499 2828 porriyit
512 2776 734 2815 (Ieoeteram.
762 2775 987 2829 [Deattram
996 2782 1135 2830 porri-

255 2844 354 2882 ηενρ
363 2845 493 2870 eorum
503 2833 649 2883 est,qui
659 2832 964 2879 silentiaiubcnt;
981 2835 1133 2885 cfiquae

259 2886 384 2925 fusius
409 2889 582 2940 disputat
611 2888 710 2929 Cort.
736 2891 786 2929 ad
807 2890 953 2929 Lucan.
970 2891 996 2930 Ι.
1018 2892 1130 2946 298]

313 2945 372 2982 ml
395 2946 526 2984 instar
553 2951 774 2986 oratorum.
808 2947 874 2999 [cf.
889 2947 1005 2999 Fulg.
1020 2948 1131 2988 Cont.

256 3000 365 3049 Virg.
392 3015 428 3052 p.
450 3006 543 3042 743.
570 3003 679 3041 Stav.
706 3004 854 3057 Itaque
878 3006 1128 3057 compositus

255 3058 269 3093 ἰ
274 3071 296 3095 ιι
313 3057 480 3096 (licendi
492 3060 657 3099 modum
679 3060 786 3112 [lege
799 3063 842 3099 in
860 3061 1034 3100 (licentis
1048 3077 1125 3100 mo-

256 3113 374 3165 dum]
402 3117 549 3154 erectis
573 3118 615 3154 in
641 3118 758 3156 islam
788 3118 947 3157 duobus
978 3119 1127 3171 dissitis

257 3171 414 3210 tertiam
435 3172 631 3224 pollicem
657 3176 923 3227 caemtpre'mcns
953 3176 1011 3213 ita
1045 3189 1124 3213 rer-

1212 965 1272 1003 lu‘s
1308 979 1485 1005 exorsus
1519 970 1588 1004 e'st.
1637 965 1685 1005 cf.
1714 966 1860 1018 Scalig.
1893 967 1943 1006 ad
1967 966 2085 1021 Prop.

1212 1020 1278 1060 IV.
1306 1026 1342 1061 7.
1371 1025 1434 1062 12.
1471 1021 1604 1068 Quint.
1628 1021 1698 1061 XI.
1725 1027 1760 1063 3.
1787 1024 1818 1075 ξ.
1845 1027 1897 1065 93
1923 1037 2010 1076 sqq.
2037 1025 2087 1064 ad

1210 1076 1323 1116 Mart.
1347 1077 1498 1129 Capell.
1513 1078 1563 1117 V.
1585 1079 1615 1130 ᾧ.
1637 1083 1732 1120 543.
1759 1094 1900 1120 manns
1923 1082 1967 1120 in
1992 1095 2086 1121 con-

1211 1136 1457 1175 tentionibus
1490 1138 1590 1187 fusa
1616 1138 1873 1187 porrectius,
1915 1138 1982 1176 ubi
2007 1138 2084 1178 vid.

1210 1190 1342 1243 Kopp.
1364 1206 1401 1244 p.
1418 1197 1513 1233 464.
1532 1191 1593 1230 Le
1613 1192 1705 1243 Roy
1725 1193 1776 1231 de
1793 1193 1949 1233 Achate
1970 1193 2085 1234 Tibe-

1210 1248 1304 1287 rinn.
1324 1250 1358 1286 in
1379 1248 1519 1287 Polen.
1534 1248 1656 1288 Thes,
1673 1249 1796 1302 Supp.
1812 1249 1857 1289 II.
1873 1264 1910 1302 p.
1930 1255 2026 1292 378.
2046 1256 2086 1290 et

1211 1318 1312 1355 quae
1339 1307 1503 1343 omnium
1529 1306 1823 1344 accuratissime
1849 1309 2010 1358 exponit
2035 1308 2085 1346 de

1210 1361 1248 1400 la
1269 1361 1438 1401 Ghauss.
1463 1363 1513 1400 de
1527 1361 1675 1401 Manib.
1704 1364 1840 1402 aeneis
1865 1368 1941 1402 vot.
1969 1364 2084 1405 refer.

1208 1417 1362 1457 tab.Xl.
1378 1420 1412 1456 in
1436 1418 1805 1459 G1·aov.'l‘hes.Xll.
1821 1434 1860 1472 p.
1877 1424 1958 1461 963
1972 1422 2079 1475 sqq]

1265 1477 1418 1515 eminus
1437 1477 1637 1527 porri-qil.
1688 1475 1816 1527 [Oud.
1850 1476 2003 1516 Heinsii
2029 1478 2080 1516 ad

1207 1530 1323 1570 ovid.
1343 1532 1442 1570 Met.
1457 1532 1508 1571 V.
1529 1535 1622 1572 540.
1650 1533 1910 1571 coniecturam
1937 1535 2082 1575 eminu-

1208 1588 1269 1627 los
1288 1589 1497 1640 amplexus
1518 1593 1593 1634 est,
1620 1603 1721 1639 <piae
1735 1591 1768 1628 si
1787 1590 1837 1628 ad
1850 1591 2081 1643 scripturam

1206 1645 1319 1683 codd.
1363 1645 1524 1696 propius
1567 1646 1797 1692 accederet,
1840 1648 2081 1698 probaretur.

1205 1700 1400 1752 Equidem
1415 1703 1583 1747 eminus,
1610 1703 1714 1753 quod
1728 1703 1763 1741 in
1779 1704 1951 1743 nonnull.
1967 1704 2079 1744 codd.

1206 1757 1345 1808 legitur
1369 1763 1409 1796 et
1431 1757 1536 1798 Mss.
1561 1763 1648 1798 cett.
1676 1759 1883 1798 lectionem
1908 1762 2080 1800 eminens

1202 1816 1381 1866 proxime
1413 1815 1558 1854 reddit.
1589 1817 1738 1854 retineo
1770 1821 1810 1855 et
1833 1818 1992 1870 propria
2015 1831 2080 1856 vo-

1203 1872 1287 1910 cab.
1313 1872 1597 1923 significatione
1623 1887 1643 1912 e
1667 1887 1790 1913 mmm
1815 1875 1961 1913 dictum
1984 1887 2079 1913 esse

1203 1929 1394 1968 existimo.
1445 1928 1502 1967 lta
1521 1944 1541 1968 e.
1561 1944 1683 1969 mame
1704 1932 1888 1982 opposito
1903 1931 1992 1970 adv.
2012 1946 2078 1970 co-

1199 1986 1330 2025 minus
1356 1986 1496 2037 legitur
1520 1999 1582 2037 ap.
1603 1986 1728 2031 Naev.
1750 1988 1785 2025 in
1806 1986 1924 2026 Hect.
1941 1987 2077 2039 Lytris

1200 2040 1304 2092 apud
1330 2041 1362 2080 F
1367 2047 1440 2081 est.
1469 2055 1506 2093 p.
1529 2047 1622 2084 226.
1649 2043 1779 2094 ibique
1805 2044 1952 2096 scalig.
1972 2045 2078 2096 apud

1198 2097 1377 2138 Lindem.
1403 2113 1441 2151 p.
1467 2101 1562 2140 638.
1588 2104 1627 2138 et
1653 2101 1837 2140 cautinus
1858 2102 1979 2152 prima
2003 2115 2078 2140 sua

1197 2158 1393 2194 sententia
1417 2157 1588 2207 positum
1615 2157 1720 2208 apud
1746 2157 1851 2208 Ving.
1879 2157 2023 2209 Georg.
2047 2157 2076 2197 l.

1202 2216 1293 2253 104.
1320 2213 1366 2251 cf.
1388 2212 1517 2252 Hand.
1544 2212 1713 2252 Tursell.
1740 2213 1785 2252 11.
1805 2227 1842 2265 p.
1859 2217 1923 2254 96.
1948 2214 2076 2254 vides.

1198 2268 1298 2307 Hinc
1312 2270 1499 2308 Doederl.
1517 2271 1646 2321 opinio
1657 2270 1863 2321 Synon.T.
1876 2270 1939 2309 VI.
1955 2284 1992 2322 p.
2009 2275 2075 2312 73.

1197 2327 1454 2377 improbatur,
1481 2328 1544 2377 qui
1571 2329 1753 2367 cominus
1778 2340 1827 2365 ex
1851 2324 2072 2379 καταμόνας

1195 2382 1414 2434 profectum
1446 2388 1669 2424 asseverat.
1710 2384 1759 2422 ad
1799 2385 1909 2422 cuius
1939 2384 2073 2422 simili-

1194 2440 1365 2477 tudinem
1397 2442 1550 2479 eminus
1587 2440 1729 2478 deinde
1768 2440 1971 2478 formatum
2006 2442 2071 2479 sit.

1197 2495 1316 2534 lnlimi
1342 2497 1444 2534 enim
1471 2497 1579 2547 digiti
1607 2501 1716 2534 erant
1738 2509 1762 2534 a
1785 2497 2072 2536 sermocinante

1194 2553 1359 2597 reclusi,
1392 2555 1434 2592 in
1466 2568 1607 2599 ma'nu,
1639 2553 1757 2591 ceteri
1789 2567 1809 2591 e
1840 2567 1963 2593 mmm
1986 2568 2072 2605 por-

1192 2612 1305 2655 recti,
1333 2623 1449 2661 quam
1470 2610 1700 2661 longissime
1721 2611 1884 2648 extensi.
1918 2609 1975 2649 lta
1994 2611 2072 2649 sibi

1192 2671 1396 2717 utrumque
1421 2667 1658 2719 opponitur]

1247 2724 1398 2776 infesto
1409 2723 1577 2775 pollice.
1593 2721 1740 2777 [Quum
1755 2723 1940 2775 populus,
1950 2724 1983 2761 si
1993 2724 2069 2762 vic-

1192 2785 1271 2818 tum
1291 2780 1548 2832 gladiatorem
1569 2780 1692 2818 occidi
1716 2780 1850 2826 vellet,
1870 2780 2070 2832 pollicem

1192 2842 1364 2876 rer-leret
1385 2850 1418 2875 s.
1445 2842 1706 2881 converteret,
1731 2842 1773 2874 ut
1798 2838 1846 2875 ab
1874 2838 1958 2875 eius
1979 2837 2070 2875 inde

1192 2898 1284 2931 nutu
1306 2895 1416 2945 quasi
1436 2894 1514 2931 vita
1533 2893 1776 2944 dependeret
1801 2892 1914 2944 Lips.
1939 2893 2067 2933 Satur.

1192 2950 1235 2988 ll.
1252 2954 1318 2990 22.
1341 2950 1483 2988 factum
1505 2954 1567 2988 est
1586 2954 1627 2988 ut
1643 2950 1791 3002 pollex
1810 2951 1973 3001 saepius
2000 2964 2065 2988 no-

1186 3008 1394 3045 minaretur
1408 3008 1591 3059 infeslns,
1607 3006 1654 3045 cs.
1666 3005 1874 3052 Quinum.
1885 3006 2066 3056 3.§.119.

1186 3063 1375 3102 VVernsd.
1401 3063 1451 3102 ad
1483 3062 1595 3101 Poet.
1615 3062 1711 3101 Min.
1739 3061 1783 3101 T.
1806 3062 1869 3102 ΠΙ.
1902 3076 1939 3114 p.
1966 3067 2062 3104 230.

1186 3119 1329 3158 Buttm.
1340 3124 1380 3158 et
1389 3119 1591 3171 Spalding.
1604 3118 1810 3165 adQuinct.
1820 3119 1842 3157 l.
1853 3133 1883 3157 c.
1896 3119 2059 3159 TomN.

1185 3189 1221 3225 p.
1244 3180 1336 3216 424.
1362 3176 1489 3215 Haud.
1506 3176 1555 3214 ad
1571 3176 1669 3215 Stat.
1686 3176 1781 3214 Silv.
1799 3175 1823 3215 l.
1843 3180 1907 3216 37.
1923 3189 1959 3227 p.
1974 3177 2058 3228 85]
