2221 3667
322 159 406 203 280

578 162 627 204 L.
652 163 871 204 APULEll
897 162 1298 204 MADAURENSIS
1322 161 1863 204 METAMORPHOSEON

820 370 854 415 C
919 370 958 414 A
1015 368 1052 414 Ρ
1112 367 1154 413 U
1214 367 1257 412 T
1362 367 1627 420 XXVII.

437 487 514 529 Sed
546 503 636 530 eme
673 490 903 530 saevissimo
942 488 1093 527 somnio
1124 488 1217 528 mihi
1254 503 1356 529 nuno
1388 489 1503 529 etiam
1542 490 1835 544 redintegratur
1869 491 1987 535 immo
2021 505 2118 537 vero

325 545 546 585 cumulatur
578 546 835 586 infortunium
867 558 1008 584 meum.

1058 542 1163 584 Nam
1195 545 1280 586 visa
1312 559 1397 586 sum
1429 546 1521 586 mihi
1547 547 1593 587 de
1619 521 1754 597 domno,
1782 548 1828 587 de
1854 547 2046 611 thalamo,
2073 549 2120 593 de

327 601 528 651 cubiculo,
562 603 607 642 de
633 610 719 641 toro
746 601 921 663 denique
935 600 1018 654 ipso
1046 601 1240 642 violenter
1263 609 1445 643 extracta
1475 616 1540 656 per
1564 603 1794 643 solitudines

1823 603 1828 659 1
1855 604 1964 644 avias
1996 604 2120 644 infor-

326 658 562 697 tunatissimi
590 658 719 697 mariti
746 670 885 696 nomen
912 656 978 696 inv
982 671 1120 708 orare3
1147 672 1312 711 eumque
1338 666 1380 698 ut
1404 659 1568 713 primum
1594 660 1690 700 meis
1715 660 1959 727 amplexibus
1984 661 2120 700 vidua-

329 720 389 754 tus
416 721 495 764 est,

418 851 491 869 eece
504 845 594 871 abest
617 843 648 869 in
668 843 739 870 sola
758 843 808 871 ed.
822 843 916 871 vulc.
930 844 962 872 2.

530 714 653 753 ··1(11111(
686 713 896 765 unguentis
923 727 957 752 m
963 714 1141 764 ididum,
1176 715 1333 755 coronis
1361 715 1536 755 floridum
1563 717 1750 770 consequi
1776 717 1905 772 vesti«
1908 717 1944 756 io
1970 731 2031 757 me
2056 730 2120 771 pe-

1010 842 1207 870 saevissimo
1221 843 1347 872 somnio
1368 845 1485 880 legitur
1504 844 1537 873 in
1558 846 1708 874 omnibus
1723 846 1819 874 Codd.
1835 853 1915 879 quos
1928 854 1985 881 ego
1999 849 2031 874 et
2043 847 2122 876 Oud.

327 889 470 917 vidimus
486 891 611 921 praeter
625 888 659 915 B.
671 909 678 920 ,
704 887 757 920 qui
777 895 849 916 cum
870 888 1020 917 omnibus
1040 890 1110 917 edd.
1129 893 1205 917 velt.
1220 891 1315 918 habet
1329 890 1561 917 saevissimum
1577 890 1718 918 munium
1733 899 1834 925 mmo,
1860 899 1989 926 proquo
2003 892 2079 925 Bas,
2091 892 2123 922 2.

327 934 456 961 exhibet
476 932 721 960 suavissimum.

770 931 854 959 mim
871 935 989 961 adesse
1009 937 1146 962 testatur
1164 936 1243 963 Oud.
1258 935 1291 963 in
1311 935 1331 963 f.
1351 936 1389 963 R.
1404 937 1439 964 P.
1467 943 1526 964 nec
1547 936 1580 964 in
1601 936 1718 964 ceteris
1738 936 1837 964 omini
1857 936 2124 969 existimaverim,

326 980 420 1006 (ferte
434 978 759 1007 inF.3.G.1.2.e11).
775 979 902 1013 legitur.
929 976 1011 1006 mila*
1025 978 1099 1006 υἱὲ-(1
1112 986 1183 1007 sum
1198 977 1227 1009 δ.
1254 980 1329 1007 visa
1343 978 1427 1007 mihi
1438 988 1508 1008 sum
1524 989 1552 1015 p.
1581 978 1775 1010 Ihalrmml).
1802 988 1939 1018 emaque
1952 984 1989 1008 uc
2008 983 2045 1010 G.
2056 982 2123 1015 1.2.

326 1025 364 1053 l).
380 1024 414 1051 P.
457 1021 579 1059 primis
593 1020 693 1060 ampl.
708 1024 744 1051 G.
760 1024 788 1051 1.
804 1026 837 1052 0,
886 1032 908 1050 a
922 1024 1002 1051 meis
1017 1021 1045 1053 δ.
1094 1027 1145 1052 est
1161 1029 1229 1059 post
1244 1023 1404 1054 viduatus
1418 1026 1621 1055 desideratur
1634 1026 1666 1054 iu
1680 1028 1717 1054 R.
1734 1026 1754 1055 f.
1803 1026 1943 1063 restv'gr‘e
1955 1024 1985 1056 ὃ.

326 1138 415 1173 sunt
447 1133 754 1175 famosissimae,
787 1134 875 1172 vide
907 1148 1007 1186 quae
1037 1135 1114 1173 dixi
1150 1135 1199 1173 ad

326 1206 365 1243 p.
380 1195 472 1231 253.
498 1189 652 1229 Nomen
679 1190 871 1230 Athracis
896 1192 1059 1230 librariis
1085 1192 1200 1243 plane

327 1250 500 1299 ignotum
527 1247 710 1284 facillime
736 1248 924 1299 corrumpi
950 1252 1114 1299 poterat.
1144 1250 1201 1288 At

326 1305 449 1343 maior
476 1308 537 1342 est
562 1303 790 1349 difficultas,
816 1306 965 1354 quaein
980 1319 1080 1343 voce
1094 1306 1199 1344 Pro-

326 1361 461 1400 tesilai
486 1360 591 1399 latet.
618 1359 723 1398 Ferri
749 1362 849 1399 enim
876 1376 947 1399 non
974 1366 1106 1412 potest
1124 1362 1199 1400 Be-

327 1417 451 1456 roaldi
488 1418 708 1456 emendatio
745 1418 948 1463 Pirithoi,
986 1431 1088 1468 quae
1124 1433 1198 1456 non

329 1474 459 1512 solum
483 1487 554 1524 per
578 1474 681 1512 Mss.
708 1475 935 1525 scripturam
966 1476 1201 1526 improbatur

328 1531 402 1569 sed
439 1531 555 1568 etiam
591 1534 750 1582 propter
786 1531 1010 1582 particulam
1036 1532 1103 1570 vel
1131 1532 1199 1570 de-

330 1587 435 1625 fendi
462 1588 610 1637 nequit,
635 1600 712 1636 qua
737 1588 891 1637 quidem
913 1601 1052 1626 novum
1074 1601 1201 1626 exem-

329 1645 436 1695 plum
462 1643 553 1681 addi
578 1644 779 1683 iudicatur.
811 1644 970 1682 Frustra
989 1649 1116 1683 tamen
1137 1645 1202 1682 ad-

330 1701 407 1739 huc
432 1700 557 1738 locum
583 1701 777 1751 quaesivi,
809 1701 912 1738 unde
937 1702 1091 1752 nuptias
1117 1702 1201 1740 eius

331 1757 516 1795 disiectas
531 1760 569 1794 et
582 1758 755 1795 turbatas
769 1770 862 1795 esse
882 1758 1200 1796 demonstrarem.

330 1813 495 1864 Propter
519 1826 711 1851 summum
735 1818 882 1852 tantum
906 1828 1098 1859 amorem,
1125 1829 1201 1865 quo

329 1869 575 1908 Protesilaus
595 1873 634 1907 et
646 1869 865 1908 Laodamia
878 1869 1102 1921 flagrabant.
1124 1872 1202 1909 noti

329 1931 420 1965 sunt
445 1927 630 1977 antiquis,
657 1930 696 1964 et
721 1928 792 1964 nisi
812 1927 862 1965 de
880 1926 1088 1965 simulacro
1110 1926 1202 1965 Pro-

329 1983 460 2021 tesilai
485 1996 609 2022 aeneo
629 1983 788 2033 intelligi
810 1983 927 2029 velis,
953 1997 1119 2034 quocum
1139 1998 1203 2022 nu-

329 2042 433 2091 ptias
460 2041 573 2090 quasi
607 2039 751 2078 fecerat
780 2039 1015 2083 Laodamia,
1047 2054 1204 2090 quoque

331 2098 492 2147 abrepto
514 2095 580 2133 illa
601 2100 761 2134 mortem
776 2096 851 2134 sibi
866 2096 971 2134 (ledit
996 2096 1043 2135 et'.
1058 2096 1202 2148 Hygin.

331 2153 408 2192 sab.
430 2150 534 2191 CIV.
557 2154 689 2190 neseio
715 2153 913 2203 quomodo
939 2157 978 2190 te
1003 2154 1205 2204 expedias

330 2208 433 2247 Oud.
449 2223 522 2247 non
536 2209 750 2260 persuadet
763 2209 897 2247 dicens
907 2241 915 2249 .
930 2223 1085 2247 errasse
1099 2211 1206 2261 Apu-

332 2265 448 2303 leium
475 2266 686 2303 memoriae
712 2265 771 2302 vel
800 2266 936 2303 calami
962 2268 1206 2317 properantis

332 2323 444 2367 vitio,
481 2326 521 2360 ut
558 2322 836 2360 Protesilaum
873 2336 941 2373 pro
968 2323 1205 2362 Pirithoum

332 2382 513 2430 poneret:
546 2378 651 2428 qnod
682 2378 759 2415 fieri
791 2393 863 2416 non
890 2381 1022 2429 potuit.
1073 2379 1203 2418 Alium

333 2435 527 2486 quendam
547 2437 583 2473 in
603 2439 733 2472 mente
755 2435 900 2472 habere
921 2437 1043 2486 potuit
1056 2440 1206 2481 auctor,

333 2505 449 2542 quem
482 2493 518 2529 in
552 2491 779 2530 Protesilai
803 2492 926 2529 vicem
966 2506 1113 2543 ponere
1141 2507 1205 2529 vo-

332 2548 458 2594 lebat,
490 2562 513 2586 a
538 2548 678 2599 quibus
714 2549 922 2586 memoriae
959 2550 1060 2587 vitiis
1099 2549 1204 2601 Apu-

333 2605 452 2644 leium
478 2604 692 2644 defendere
717 2604 825 2651 nolo;
852 2605 902 2644 cs.
928 2618 1027 2655 quae
1053 2606 1131 2643 dixi
1158 2606 1207 2643 ad

333 2662 432 2700 Met.
460 2661 487 2700 1.
513 2675 550 2713 p.
581 2661 667 2713 13]

391 2719 606 2771 dis-postne.
639 2717 765 2769 [Male
778 2717 939 2769 Lipsius
954 2720 1115 2757 coniecit
1130 2720 1209 2758 dis-

332 2776 480 2821 iectae,
524 2775 708 2814 Gulielm.
752 2775 978 2826 dispectae,
1029 2777 1140 2825 quasi
1181 2789 1206 2813 a

335 2833 554 2883 ‹Zispeeisei
613 2832 698 2869 sive
757 2835 912 2882 paetum
971 2831 1205 2877 convellere,

333 2902 436 2938 quae
472 2889 611 2927 eadem
647 2892 710 2926 est
740 2887 983 2926 Schikeradii
1017 2893 1057 2926 et
1087 2889 1208 2927 Gros—

337 2943 400 2982 lot.
438 2945 668 2984 coniectura.
717 2943 878 2997 Optima
914 2948 977 2982 est
1008 2945 1121 2982 lectio
1148 2946 1207 2984 di-

335 3006 511 3052 πρωίας»,
554 3015 656 3052 quae
700 3001 774 3040 levi
812 3005 958 3040 tantum
996 3001 1205 3040 litterarum

335 3059 546 3095 mutatione
577 3057 757 3103 eflicitur,
783 3061 823 3096 et
846 3062 1088 3110 separatae,
1126 3058 1204 3097 dis-

336 3113 510 3159 iunctae,
536 3115 732 3154 dissectae
754 3115 945 3165 significat
969 3128 993 3153 a
1017 3115 1206 3166 dispesco

338 3169 385 3208 cf.
417 3166 526 3209 Fest
563 3185 595 3209 s.
625 3184 660 3209 x.
698 3186 734 3223 p.
767 3176 830 3212 55.
869 3165 1046 3210 Lindem.
1084 3171 1203 3223 Apul.

1260 1135 1462 1176 F101·id.11.
1488 1150 1524 1188 p.
1551 1139 1615 1177 49.
1641 1141 1680 1175 et
1704 1136 1754 1175 de
1780 1136 1828 1176 D.
1844 1136 1952 1177 Socr.
1978 1150 2014 1188 p.
2036 1140 2128 1182 127.

1258 1194 1322 1231 ubi
1347 1192 1459 1245 plura
1488 1193 1535 1231 cf.
1562 1193 1785 1246 Dispeetae
1814 1195 1929 1232 etiam
1954 1207 2127 1246 compro.-

1260 1251 1335 1288 bat.
1350 1249 1482 1288 Barth.
1497 1248 1845 1292 AdverquXXV.
1865 1255 1925 1290 14.
1940 1250 2125 1302 p.1611.]

1317 1305 1579 1345 CARXXVH.
1605 1307 1834 1345 saevissimo
1848 1308 2013 1345 sonmio.
2037 1306 2129 1359 [Hic

1260 1363 1370 1400 locus
1394 1367 1618 1412 argumento
1644 1368 1717 1409 est,
1743 1368 1982 1414 quantopere
2005 1363 2127 1402 hallu-

1259 1420 1371 1457 cinati
1387 1421 1462 1457 sint
1475 1420 1637 1471 saepius
1657 1421 1887 1471 interpretes
1910 1422 1943 1457 in
1960 1420 2127 1471 Apuleio

1258 1476 1513 1514 emendando.
1535 1475 1610 1522 Qui
1626 1489 1740 1526 quum
1756 1478 1900 1528 optime
1914 1489 1960 1513 se
1973 1476 2129 1520 habeat,

1258 1537 1347 1570 vett.
1381 1533 1467 1570 edd.
1497 1533 1683 1583 praebent
1714 1546 1736 1570 e
1763 1533 1848 1571 cod.
1874 1533 1920 1571 B.
1951 1533 2129 1572 saevissi-

1260 1604 1364 1628 ‘mumv
1391 1591 1582 1634 ommam,
1608 1589 1712 1639 qnod
1730 1603 1797 1640 pro
1812 1603 1920 1626 more
1933 1603 2005 1627 suo
2020 1588 2129 1628 Colv.

1261 1647 1426 1683 correxit
1451 1647 1485 1683 in
1512 1647 1815 1685 scaevis-situum.
1842 1645 1943 1684 Oud.
1969 1647 2131 1697 probam

1261 1702 1465 1740 lectionem
1492 1707 1670 1748 Secutus,
1708 1703 1900 1740 coniectat
1925 1702 2132 1752 legendum

1259 1772 1355 1796 ess-e
1390 1760 1637 1797 scaevissime
1673 1761 1802 1797 ome'ne
1838 1761 1919 1798 iam,
1942 1759 2028 1799 sine
2052 1758 2133 1798 ulla

1261 1828 1415 1854 caussa.
1465 1815 1605 1866 Neque
1630 1816 1857 1854 saevissimo
1882 1817 2016 1854 mutari
2043 1815 2133 1854 lieet

1261 1873 1296 1909 in
1323 1873 1592 1917 seueeissimo,
1618 1872 1723 1923 quod
1747 1885 1859 1923 seqq.
1885 1873 2133 1923 apertissime

1263 1928 1471 1966 declarant.
1489 1928 1622 1967 Saeva
1637 1929 1737 1966 enim
1752 1929 1904 1966 somnia
1916 1933 2018 1973 sunt,
2033 1942 2133 1979 quae

1262 1997 1326 2022 res
1341 1985 1534 2022 terribiles
1553 1985 1739 2029 indicant;
1766 1985 1812 2022 cs.
1830 1985 1922 2024 Met.
1938 1984 1981 2023 ll.
1997 1999 2035 2036 p.
2049 1985 2132 2038 55.]

1322 2042 1490 2079 eorom's
1523 2042 1730 2094 flm-idmn.
1792 2041 1900 2081 (folv.
1936 2046 2134 2093 comparat

1265 2097 1315 2135 de
1340 2097 1415 2135 hoc
1438 2111 1544 2135 more
1565 2111 1816 2149 sponsorum,
1840 2098 1993 2136 coronis
2011 2111 2058 2135 se
2078 2111 2134 2136 re-

1266 2153 1455 2192 vinciendi
1472 2154 1633 2193 Tertull.
1646 2154 1697 2192 de
1712 2153 1846 2192 (Toron.
1862 2169 1893 2193 c.
1913 2159 1973 2195 13.
1987 2167 2023 2205 p.
2041 2158 2132 2196 109.

1265 2209 1311 2249 B.
1338 2210 1480 2260 Rigalt.
1507 2212 1636 2261 ibique
1663 2210 1745 2250 lntt.
1774 2210 1897 2249 l'laut.
1925 2210 2133 2250 Casin.IV.

1267 2271 1304 2307 2.
1333 2271 1394 2307 17.
1424 2272 1486 2307 18.
1519 2268 1653 2305 Sidon.
1690 2267 1814 2319 Epist.
1841 2266 1867 2305 1.
1893 2272 1929 2307 5.
1957 2267 2017 2306 fin.
2054 2269 2135 2307 iam

1265 2324 1429 2376 quidem
1452 2325 1577 2375 vir-qo
1599 2323 1759 2363 tradita
1773 2328 1845 2368 est,
1870 2325 1952 2363 ‘lam
1977 2336 2134 2364 corona

1263 2393 1433 2432 sponsus
1447 2380 1689 2420 honoratur.
1719 2380 1867 2418 Eodem
1884 2380 2003 2425 inodo
2019 2381 2134 2419 etiam

1264 2449 1451 2487 sponsam
1468 2436 1591 2474 fuisse
1607 2441 1826 2474 coronatam
1836 2468 1846 2483 ‚
1861 2436 1963 2476 idem
1977 2437 2133 2475 demon-

1265 2496 1361 2531 strat
1387 2490 1495 2530 Colv.
1522 2506 1571 2530 ex
1592 2492 1697 2530 Fest.
1718 2506 1749 2530 S.
1765 2506 1798 2531 v.
1827 2493 1992 2532 corolla,
2016 2507 2053 2545 p.
2068 2496 2132 2533 48.

1265 2548 1441 2587 Lindem.
1469 2549 1651 2587 Ambros.
1677 2549 1727 2587 de
1753 2549 1860 2600 Yirg.
1886 2548 1932 2587 L:
1959 2550 2056 2588 Non
2076 2551 2133 2588 in-

1267 2611 1378 2645 torto
1404 2607 1519 2644 crine
1543 2611 1669 2657 caput
1693 2611 1857 2657 compta
1871 2606 1943 2645 secl
1960 2605 2134 2651 Christo,

1267 2677 1348 2701 mm
1371 2662 1555 2715 flosculis
1586 2667 1713 2714 caput
1743 2662 1934 2701 redimita
1959 2663 2032 2702 sed
2054 2676 2134 2700 mo-

1270 2719 1394 2758 ribus.
1431 2718 1709 2770 Hermenopul.
1746 2717 1832 2757 Lib.
1864 2717 1930 2756 lV.
1964 2717 2039 2757 Tit.
2064 2718 2133 2758 IV.

1263 2775 1313 2813 de
1330 2775 1486 2827 nuptiis:
1506 2777 1632 2826 μηδεὶς
1643 2778 1831 2826 μυστικῶς
1843 2772 2134 2825 στεφανούσθω,

1263 2828 1365 2871 ἀλλὰ
1388 2829 1585 2884 παρόντων
1609 2830 1804 2878 πλειόνων,
1831 2831 1935 2881 quod
1950 2829 2058 2870 Colv.
2082 2831 2135 2875 ad

1265 2888 1433 2927 eundem
1463 2901 1610 2927 morem
1643 2887 1768 2926 refert.
1819 2886 1890 2925 His
1927 2887 2034 2926 addit
2069 2886 2133 2926 El-

1266 2945 1395 2984 menh.
1408 2944 1544 2983 Liban.
1560 2944 1736 2983 Declam.
1750 2948 1786 2984 8
1803 2943 1889 2982 sest.
1905 2947 1998 2984 327.
2018 2943 2133 2983 Deol.

1264 3005 1329 3042 39.
1363 3001 1387 3040 f.
1420 3001 1514 3042 830.
1552 3002 1631 3040 ἐπεὶ
1666 3001 1707 3039 δὲ
1740 3000 1853 3039 τοῦτο
1889 2999 1957 3052 οἰχ
1980 2998 2132 3053 ὑπῆρξε,

1263 3057 1329 3105 δὸς
1356 3057 1459 3110 ἡμῖν,
1496 3074 1526 3096 ω
1555 3054 1692 3109 πάτερ,
1727 3053 1832 3109 χάριν
1862 3059 2055 3109 μετρίαν..

1262 3115 1356 3166 μηδὲ
1385 3110 1629 3165 στεφανώσῃς
1661 3114 1755 3164 μηδὲ
1784 3115 1987 3164 προσείπῃς
2016 3108 2133 3160 αὖθις

1263 3173 1419 3223 νυμφίον
1444 3170 1611 3222 Oppian.
1634 3169 1783 3221 Cyneg.
1803 3169 1870 3209 lV.
1891 3174 1984 3211 337.
2011 3169 2131 3222 [Bris-

2205 0 2221 274 ‘'7*—?'*.⁷'‘-“;Tfl
