2221 3667
327 157 410 201 410
579 156 627 198 L.
659 157 879 198 APULEu
909 155 1308 200 MADAURENSIS
1335 154 1878 197 METAMORPHOSEON

919 362 1346 409 CAPUT
1463 363 1524 410 V.

438 483 520 525 Isto
545 499 698 540 quoque
720 485 916 525 Fortunae
938 482 1148 536 naufragio
1169 481 1322 537 Psyche
1349 485 1574 538 perterrita,
1603 499 1674 525 nec
1699 485 1878 540 indipisci
1904 486 1979 525 iam
2006 485 2123 526 mari-

325 548 405 581 tum
431 542 629 582 volatilem
657 542 816 595 quiens,
851 547 933 579 tota
958 553 1024 592 spe
1051 539 1190 579 salutis
1217 540 1407 593 deposita,
1436 540 1492 580 sie
1516 541 1601 595 ipsa
1626 556 1717 581 suas
1744 542 2004 594 cogitationes
2031 556 2123 582 con-

324 598 464 638 suluit:
495 597 576 639 Iam
603 612 701 652 quae
728 603 891 651 possunt
916 596 990 635 alia
1017 595 1113 635 meis
1140 596 1338 636 aerumnis
1366 598 1510 637 tentari
1535 598 1598 638 vel
1628 598 1801 638 adhiberi
1834 599 2028 648 subsidia,
2063 598 2125 638 cui

323 668 397 695 nec
422 655 581 695 dearum
608 655 775 708 quidem,
811 666 1044 705 quamquam
1075 651 1307 703 volentium,
1337 660 1547 706 potuerunt
1577 656 1761 707 prodesse
1787 656 2000 709 suffragia?
2036 653 2124 708 Quo

321 725 480 752 rursum
505 711 636 764 itaque
663 709 780 749 tantis
805 708 956 761 laqueis
987 708 1156 758 inclusa,
1190 709 1399 763 vestigium
1426 710 1646 763 porrigam,
1681 711 1896 764 quibusque
1924 711 2036 751 tectis
2062 711 2126 751 vel

323 768 441 808 etiam
467 768 640 808 tenebris
666 764 895 804 abscondita
921 777 1088 817 magnae
1117 764 1284 805 Veneris
1317 766 1565 806 inevitabiles
1597 767 1729 806 oculos
1763 768 1971 820 effugiam?
2019 767 2125 820 Quin

322 824 446 879 igitur
476 823 688 864 masculum
722 822 876 861 tandem
903 821 1024 860 sumis
1051 821 1246 871 animum,
1282 829 1321 862 et
1346 836 1482 863 cassae
1515 823 1695 877 speculae
1722 824 1925 863 renuntias
1952 825 2123 875 fortiter,

403 929 576 969 fortunae
591 936 720 965 quoque
729 928 750 956 f.
786 927 926 964 ipsaque
936 930 1080 964 possunt
1096 936 1151 962 pro
1165 926 1232 954 iam
1247 936 1333 965 qnae
1344 931 1487 964 possunt
1502 930 1536 957 P.
1560 929 1776 965 ipsumqueG.
1802 929 1975 966 ipsumque
1983 937 2129 965 prorsus

321 973 394 1002 alia
408 976 445 1003 D.
493 972 565 1001 alia
579 976 670 1002 abest
686 981 705 1001 a
718 974 754 1001 B.
801 980 861 1000 nec
875 971 1012 1001 dearum
1029 971 1157 1010 quidem
1173 974 1205 1001 in
1220 974 1381 1008 omnibus,
1397 978 1553 1008 quantum
1567 975 1645 1010 scio,
1663 977 1743 1002 Mss.
1759 978 1786 1001 et
1802 975 1872 1003 edd.
1887 975 2006 1009 legitur
2019 978 2048 1003 et
2062 981 2130 1003 una

321 1024 444 1048 tantum
458 1020 553 1048 Vulc.
568 1021 598 1048 ⁴2.
613 1019 662 1047 ed.
677 1020 770 1046 habet
785 1026 825 1045 ne
838 1016 978 1046 dearum
994 1017 1140 1056 quidem,
1167 1020 1249 1053 quod
1265 1027 1433 1054 perperam
1449 1021 1578 1048 Ruhnk.
1599 1020 1758 1054 corrigere
1777 1020 1895 1048 omisit.
1945 1028 2009 1056 qno
2029 1019 2128 1047 mise-

319 1073 393 1092 rum
407 1064 524 1101 itaque
537 1063 570 1102 β.
613 1070 772 1101 quorsum
792 1063 909 1100 itaque
930 1064 1137 1092 coniecerunt
1152 1067 1319 1092 Met-cerus
1338 1068 1366 1091 et
1388 1068 1458 1099 post
1474 1073 1546 1093 eum
1560 1066 1723 1099 Roaldus,
1749 1066 1886 1093 Groslot.
1901 1068 1931 1093 et
1944 1066 2085 1094 Salmas.
2100 1068 2130 1094 et

318 1111 484 1138 ediderunt
500 1110 593 1138 anc.
608 1110 665 1137 Ed.
680 1116 744 1137 sec.
758 1111 841 1138 Elin.
856 1110 1011 1144 Scriver..
1031 1113 1059 1137 et
1076 1110 1224 1144 probavit
1246 1117 1372 1143 quoque
1385 1109 1554 1138 Pricaeus.
1604 1111 1667 1137 Sed
1689 1117 1748 1137 non
1767 1110 1860 1137 video
1875 1118 2046 1146 caussam,
2073 1118 2130 1138 cur

319 1161 339 1183 a
363 1157 445 1183 Mss.
471 1157 500 1182 et
526 1156 606 1183 Edu.
628 1156 711 1183 Vett.
738 1162 802 1191 quo
823 1161 958 1182 rursum
979 1155 1190 1183 servantibus
1211 1156 1409 1183 recedamus.
1459 1156 1661 1183 Sententiam
1691 1155 1776 1183 enim
1809 1157 1962 1189 praebent
1982 1158 2130 1190 probam:

320 1198 392 1234 Quo
407 1199 524 1237 itaque
539 1200 712 1236 resumam
722 1200 898 1237 porrigam
912 1207 1058 1228 rursum.
1090 1200 1206 1236 utique
1220 1208 1275 1234 pro
1289 1200 1406 1237 itaque
1420 1197 1486 1235 (λῃ.
1513 1200 1675 1239 infraque
1684 1201 1718 1229 P.
1746 1200 1842 1227 lintis
1858 1200 1999 1236 laquens
2013 1202 2090 1230 Bas.
2102 1202 2132 1231 1.

319 1244 421 1272 tentis
435 1244 567 1282 laqueis
581 1247 697 1274 Venet.
712 1247 741 1274 4.
763 1246 940 1282 prorigam
956 1243 984 1274 ὃ.
1006 1244 1193 1282 porrigant
1207 1254 1235 1279 p.
1263 1244 1381 1281 quibus
1397 1246 1495 1273 tectis
1509 1247 1633 1275 omissa
1648 1253 1710 1282 qne
1725 1246 1887 1280 particula
1902 1246 1923 1274 f.
1949 1245 2051 1273 etiam
2066 1254 2129 1275 non

318 1291 466 1325 agnoscit
480 1280 528 1319 P.'
565 1289 699 1318 occulos
713 1292 751 1319 D.
776 1290 988 1318 inevitabiles
1004 1289 1136 1317 tandem
1152 1289 1265 1318 oculos
1276 1292 1309 1319 Β.
1338 1289 1451 1318 oculos
1468 1289 1601 1318 tandem
1615 1288 1777 1327 effugiam
1793 1292 1873 1319 Elm.
1888 1292 2008 1320 Florid.
2023 1291 2129 1320 Scriv.

321 1334 471 1372 tandem,
497 1337 580 1369 quod
595 1339 665 1370 post
681 1334 841 1363 mose-ulis
857 1336 889 1364 in
905 1336 1035 1371 optimis
1048 1336 1263 1370 plurimisque
1277 1337 1366 1364 codd.
1381 1336 1514 1369 legitur.
1540 1344 1604 1364 non
1625 1340 1786 1370 comparet
1809 1337 1840 1364 in
1856 1337 1891 1364 B.
1912 1338 1993 1365 l-Ilm.
2007 1337 2130 1366 Florid-

318 1382 460 1410 Scriver.
498 1379 616 1418 quibus
631 1380 738 1417 igitur
752 1389 807 1415 pro
821 1381 900 1418 quin
915 1379 944 1410 δ’.
981 1381 1084 1408 smm's
1097 1380 1232 1408 arlilms
1246 1381 1392 1408 «niumm
1407 1379 1436 1409 15.
1452 1385 1480 1409 et
1495 1384 1610 1410 lneert.
1624 1384 1687 1409 Ms.
1719 1382 1821 1409 sumis
1835 1381 1968 1409 actibus
1981 1382 2129 1409 animum

317 1427 356 1454 R.
371 1426 393 1455 f.
408 1427 493 1455 unde
506 1426 586 1456 oud.
599 1426 733 1455 coniecit
749 1426 903 1455 artubus.

319 1514 391 1566 qui
426 1513 532 1552 alios
565 1515 728 1566 sufflat,
771 1515 844 1553 secl
892 1516 963 1567 qui
1003 1515 1052 1554 ob
1088 1528 1198 1566 spem

320 1570 622 1610 commodorum
649 1571 707 1609 ml
728 1572 958 1623 quempae‘mn
974 1572 1197 1623 perfuyial

321 1630 360 1664 et
390 1625 437 1665 cf.
471 1626 555 1665 Intt.
591 1627 641 1665 ad
672 1627 709 1666 h.
738 1627 758 1665 l.
786 1641 821 1678 p.
849 1632 943 1668 568.
970 1627 1083 1666 Lind.
1133 1627 1196 1665 De

320 1683 543 1721 discrimine
568 1683 704 1722 horum
721 1685 884 1723 vocabb.
907 1689 1025 1734 agunt
1040 1683 1123 1722 Intt.
1145 1683 1194 1721 ad

320 1738 434 1777 Caes.
449 1738 494 1778 B.
512 1739 558 1778 G.
573 1739 620 1778 V.
637 1745 701 1780 45.
727 1740 813 1779 Liv.
828 1740 954 1779 XXII.
971 1745 1034 1781 22.
1061 1739 1194 1781 XXX.

319 1799 384 1836 43.
410 1795 538 1834 Doed.
567 1796 785 1848 Synonym.
814 1796 858 1836 T.
884 1797 950 1836 IV.
977 1812 1013 1849 p.
1037 1800 1116 1838 239
1133 1811 1193 1848 sq.

317 1851 401 1892 Intt.
429 1853 479 1891 ad
506 1852 603 1892 Sall.
631 1852 712 1892 Cat.
739 1853 844 1892 LIV.
873 1852 1120 1904 Quamquam
1140 1853 1194 1891 af-

318 1909 491 1948 feruntur
528 1909 619 1955 loci,
658 1911 722 1960 qui
760 1911 989 1948 contraritim
1027 1911 1195 1961 probare

316 1966 495 2004 videntur
526 1966 573 2005 cf.
608 1966 735 2005 Doed.
769 1967 859 2005 ibid.
892 1980 929 2017 p.
957 1970 1051 2007 240.
1101 1965 1194 2006 Tac.

315 2023 420 2061 Hist.
436 2022 502 2060 IV.
518 2026 582 2063 49.
612 2024 815 2076 quidame
842 2024 1077 2063 Vitellianis
1097 2024 1197 2063 urbe

312 2080 510 2132 ρτυβιιρί.
572 2079 655 2118 Sed
692 2081 829 2119 mirum
868 2084 948 2126 est,
993 2080 1192 2130 quomodo

318 2137 485 2187 optimos
511 2136 624 2175 codd.
652 2136 765 2176 lectio
787 2140 1004 2190 profugas
1028 2150 1193 2189 occupa-

315 2193 431 2237 verit,
457 2193 566 2231 cuius
587 2193 789 2244 glossema
811 2194 1009 2232 habuerim
1031 2193 1193 2232 alteram

312 2252 532 2302 perfuyas.
566 2249 679 2288 Licet
699 2250 773 2289 hoc
786 2251 1072 2289 substantivum
1088 2250 1192 2301 apud

315 2305 500 2352 Latinos,
539 2310 722 2357 quantum
749 2307 930 2357 equidem
962 2308 1066 2353 scio,
1104 2320 1192 2345 nus-

317 2376 432 2413 quam
452 2363 678 2414 reperiatur,
703 2367 831 2402 tamen
855 2378 928 2402 non
944 2363 1190 2402 refutaverim

316 2419 402 2457 eius
416 2419 704 2465 lormationem,
730 2421 858 2470 inquo
873 2421 1025 2460 dicendi
1046 2434 1191 2470 genere

316 2475 512 2527 Apuleius
538 2490 663 2528 saepe
688 2477 808 2515 multa
833 2479 996 2516 novavit.
1023 2476 1076 2516 Ut
1089 2478 1191 2516 enim

316 2532 422 2571 initio
465 2532 729 2585 Metamorph.
772 2534 912 2585 legitur
950 2535 1191 2586 indi-(lenum

316 2603 546 2634 sermonem,
554 2603 622 2640 pro
637 2591 757 2642 imliq
763 2604 889 2635 eumn,
899 2591 1003 2641 quod
1017 2591 1065 2629 ad
1075 2605 1191 2630 unum

318 2660 455 2684 omnes
465 2645 845 2697 cotltl.ssagitant,hic
854 2647 1014 2686 forsitan
1031 2647 1190 2686 defendi

316 2703 459 2755 poterit
484 2706 679 2757 profuga
713 2716 780 2755 pro
808 2708 1041 2757 prosapiis,
1080 2706 1190 2743 cuius

317 2760 524 2810 analogiae
538 2764 629 2798 sunt
644 2760 1047 2813 vocabulaperfuyu‚
1062 2767 1189 2801 trans-

313 2819 438 2868 fuya.
484 2815 572 2855 Hoc
606 2817 873 2856 tantummodo
905 2818 1190 2856 admonendum

318 2877 382 2910 est
405 2877 565 2925 propter
590 2877 754 2912 nasutos
780 2874 972 2926 quosdam
997 2874 1188 2922 homines,

318 2929 382 2979 qui
419 2929 629 2981 Apuleium
667 2932 900 2982 vituperant,
938 2931 1042 2981 quod
1079 2931 1191 2983 leges

317 2985 508 3024 humanas
544 2987 595 3025 ad
631 2987 729 3025 deos
766 2988 956 3034 retulerit,
993 3002 1068 3026 non
1105 2990 1191 3027 sine

319 3042 500 3093 exemplo
521 3043 559 3082 id
579 3044 627 3082 ab
649 3058 694 3082 eo
717 3044 858 3083 sactum
878 3058 983 3084 esse.
1009 3042 1066 3082 Ita
1086 3046 1190 3096 apud

321 3098 458 3136 Senec.
486 3099 520 3137 in
546 3100 713 3151 Apocol.
742 3100 875 3140 (fland.
900 3115 939 3153 p.
958 3105 1050 3142 834.
1077 3101 1187 3153 Lips.

321 3154 410 3205 lege
438 3154 616 3195 Cornelia
641 3157 691 3197 (le
715 3158 866 3197 sicariis
896 3159 932 3197 in
963 3159 1052 3210 ipso
1084 3157 1186 3199 Orco

951 1425 1137 1454 masculum
1151 1425 1284 1454 landem
1298 1427 1400 1455 sumis
1414 1426 1549 1455 artibus
1561 1426 1708 1454 animum
1723 1437 1755 1461 φ,

1257 1515 1460 1565 quaerItur.
1511 1514 1558 1552 cs.
1586 1513 1716 1565 Kopp.
1743 1513 1791 1553 ad
1818 1514 1933 1553 Mart.
1961 1513 2055 1566 Cap.
2081 1512 2128 1553 ΙΙ.

1256 1572 1287 1623 ξ.
1314 1576 1408 1611 217.
1435 1585 1471 1621 p.
1493 1575 1573 1611 250
1595 1570 1673 1623 sq]

1315 1627 1401 1665 Car.
1428 1627 1475 1666 V.
1527 1628 1737 1667 Fortunae
1762 1629 2003 1680 naufrasjio.
2042 1627 2130 1679 [De

1255 1685 1329 1723 hac
1353 1684 1521 1723 dictione
1548 1683 1594 1723 cf.
1610 1683 1742 1722 Barth.
1758 1683 2128 1723 Advers.XXX1V.

1259 1746 1321 1781 15.
1348 1756 1382 1792 p.
1414 1745 1531 1781 1571.
1559 1740 1606 1779 cs.
1628 1740 1762 1779 Munk.
1784 1739 1833 1778 ad
1849 1740 2026 1791 Fulgent.
2041 1738 2129 1792 My-

1253 1798 1349 1836 thol.
1375 1796 1419 1835 ll.
1446 1811 1482 1848 p.
1510 1801 1602 1839 663.
1652 1796 1760 1835 Idem
1786 1795 1880 1835 dixit
1904 1796 2073 1849 Mythol.
2100 1797 2128 1836 I.

1255 1869 1289 1905 p.
1307 1857 1403 1895 599:
1431 1856 1584 1893 evitans
1597 1868 1835 1893 aerumnosa
1851 1855 2128 1894 calamitatum

1255 1911 1499 1963 naufroyia.
1559 1910 1710 1949 Eadem
1752 1912 1899 1949 ratione
1942 1909 2018 1950 Cic.
2057 1926 2125 1964 pro

1254 1967 1387 2005 Rabir.
1403 1970 1440 2007 9.
1455 1969 1546 2006 etin
1563 1968 1708 2020 quibus
1727 1967 1945 2007 CDeciam'
1957 1972 2127 2021 naufra-

1253 2025 1369 2077 fflfum
1391 2026 1659 2076 fortunarum
1684 2024 1864 2070 videres,
1892 2038 2127 2076 quamquam

1252 2080 1490 2132 saepissime
1505 2081 1556 2119 ita
1572 2081 1727 2130 iegitur,
1752 2084 1793 2118 ut
1806 2081 1932 2132 imago
1947 2080 2127 2120 fluctuum

1253 2141 1292 2175 et
1315 2138 1433 2176 maris
1459 2137 1668 2189 periculosi
1697 2135 1885 2190 eluceat]

1310 2195 1481 2247 laqueis.
1541 2193 1715 2247 [Laquei
1757 2193 2024 2245 metaphorice
2067 2207 2128 2233 ca-

1250 2251 1498 2303 piendisunt.
1523 2255 1565 2289 ut
1578 2255 1686 2289 notet
1700 2250 1960 2297 difficultates,
1986 2251 2127 2302 quibus

1252 2309 1339 2358 quis
1377 2308 1536 2353 incidat,
1573 2311 1612 2346 et
1647 2321 1693 2346 se
1730 2311 1889 2359 propter
1925 2309 2127 2359 angustias

1251 2364 1438 2416 expedire
1463 2369 1643 2416 nequeat.
1669 2364 1717 2402 cs.
1731 2363 1832 2403 oud.
1847 2364 1896 2402 ad
1907 2364 2049 2416 Veget.
2062 2364 2127 2405 ΠΙ.

1252 2426 1315 2463 24.
1343 2422 1378 2459 in
1400 2421 1573 2461 Miscell.
1592 2420 1761 2460 Observ.
1777 2421 1867 2459 Vol.
1885 2420 1953 2461 ΙΧ.
1971 2420 2080 2462 Tom.
2096 2421 2126 2462 Ι.

1249 2493 1286 2531 p.
1314 2478 1396 2531 95]

1307 2535 1527 2575 masculum
1567 2535 1728 2574 iamlam
1769 2536 1890 2574 sumis
1937 2536 2124 2576 anz‘mum.

1251 2591 1379 2644 [Haec
1393 2592 1508 2630 lectio
1524 2595 1585 2629 est
1605 2592 1834 2642 optimorum
1851 2591 1982 2638 codd.,
2009 2605 2124 2642 quam

1249 2649 1404 2687 mirifice
1435 2648 1521 2687 lntt.
1552 2652 1712 2692 vexant,
1748 2648 1887 2686 sedem
1911 2648 2124 2701 particulae

1250 2707 1432 2750 landem,
1470 2718 1570 2757 quae
1606 2719 1679 2743 suo
1719 2704 1803 2743 loco
1835 2705 1882 2742 iis
1913 2709 2019 2744 stare
2045 2719 2121 2744 non

1250 2762 1460 2808 videretur,
1493 2762 1761 2800 diversissima
1791 2762 1938 2799 ratione
1970 2775 2122 2813 permu-

1247 2822 1390 2858 tantes.
1418 2818 1546 2865 Quum
1572 2820 1671 2857 enim
1697 2818 1830 2870 iyitm·
1854 2818 1904 2856 ad
1919 2819 1991 2856 vim
2007 2820 2123 2857 inter-

1247 2876 1461 2927 rogationis
1474 2875 1691 2926 augendam
1706 2875 1925 2926 appositum
1934 2875 2121 2922 viderent,

1252 2932 1415 2972 tandem
1428 2932 1475 2971 iis
1489 2931 1723 2983 superfluum
1737 2930 1940 2970 videbatur
1954 2945 2060 2978 esse,
2079 2937 2122 2972 ut

1248 2988 1312 3027 alii
1338 2988 1454 3041 plane
1480 2990 1713 3034 omitterent,
1738 2986 1800 3026 alii
1825 2989 1940 3039 priori
1965 2993 2120 3028 senten-

1247 3047 1324 3084 tiae
1360 3046 1582 3085 adsuerent.
1631 3045 1714 3083 Sed
1751 3045 1912 3084 {andem
1943 3047 1977 3084 in
2008 3047 2121 3085 inter-

1247 3103 1510 3153 rogationibus
1553 3115 1678 3153 saepe
1720 3103 1796 3140 vim
1840 3101 1959 3141 habet
2000 3104 2117 3142 vehe-

1245 3161 1412 3198 mentius
1439 3159 1617 3198 instantis
1642 3158 1689 3197 cf.
1716 3157 1785 3198 Dr.
1810 3158 1861 3196 ad
1885 3158 1971 3199 Liv.
1992 3158 2114 3211 111.‚9.
