2221 3667
305 163 388 205 538

557 164 606 202 L.
631 162 854 204 APULEII
884 160 1288 204 MADAURENSIS
1317 161 1862 204 METAMORPHOSEON

304 274 536 329 appulisset,
581 282 696 316 nocte
737 283 916 330 promota
957 273 1204 314 tabernulam
1246 273 1441 326 quandam
1483 274 1609 314 littori
1648 276 1817 329 navique
1858 277 2095 330 proximam,

303 401 469 440 applicuit
481 411 536 437 pro
551 402 736 440 appulisset
751 405 787 432 G.
804 403 833 431 1.
849 405 878 431 2².
891 403 930 430 D.
945 402 978 430 Ο.
994 408 1030 429 π.
1044 400 1080 429 Ρ.
1095 401 1116 429 f.
1164 399 1385 429 cavernulam
1398 403 1435 430 B.
1468 400 1684 430 cavernulam
1697 411 1727 438 p.
1759 402 1939 431 tabernula
1953 403 2100 441 quadam

297 447 463 484 proxima
475 445 505 477 ὃ.

302 556 523 610 Apuleium,
544 560 657 610 quiin
676 559 875 606 utriusque
896 556 1050 606 generis
1065 556 1172 594 verbi

302 616 582 664 permutatione
602 619 640 653 et
661 614 772 651 activi
786 616 825 649 et
839 612 1073 663 deponentis
1088 612 1171 662 plu-

300 671 418 709 rimus
445 675 523 717 est,
548 676 589 709 ut
613 671 771 719 saepius
798 672 930 706 eontra
948 682 1061 706 usum
1081 682 1171 706 non-

300 726 407 766 nulla
419 728 567 766 dixisse
581 727 754 763 videatur
779 725 825 761 cf.
840 725 889 762 ad
903 724 1001 763 Met.
1015 724 1041 763 1.
1057 739 1095 776 p.
1106 729 1171 764 74.

302 787 341 822 et
355 783 455 822 alibi.
486 782 776 823 Grassabamus
789 782 898 831 igitur
913 794 998 819 cum
1013 781 1170 833 optimis

301 840 414 879 codd.
439 841 596 877 retineo,
643 837 705 875 De
730 838 1010 888 significatione
1035 851 1170 876 vocum

298 896 484 948 yrctssari
492 898 529 932 et
541 899 768 947 yrassator,
778 907 878 944 quae
893 895 942 932 de
957 894 1170 932 latronibus

300 952 546 1003 potissimum
582 954 814 1001 usurpantur
862 950 909 988 cs.
948 951 1024 989 ind.
1070 950 1170 989 Elin.

297 1007 558 1057 Lindenbrog.
586 1007 622 1044 in
648 1006 777 1045 Burni.
797 1006 955 1045 Anthol.
977 1007 1065 1046 Lat.
1081 1006 1126 1045 T.
1141 1006 1170 1045 Ι.

297 1077 333 1114 p.
361 1067 452 1104 366.
500 1063 633 1102 Barth.
660 1063 829 1102 Advers.
854 1062 1046 1102 XXXIV.
1074 1077 1105 1102 c.
1133 1067 1169 1104 8.

296 1119 429 1159 Burm.
454 1120 505 1158 ad
530 1118 685 1159 Petron.
711 1134 742 1158 c.
763 1124 828 1160 82.
854 1119 912 1159 lta
936 1117 1170 1171 λωποδύτης,

295 1180 496 1226 grassatur
520 1177 737 1216 λωποδυτεῖ.
766 1177 901 1215 Gloss.
916 1176 1030 1214 Vulc.
1049 1191 1089 1228 p.
1104 1180 1169 1218 60.

294 1238 509 1284 yrassator
533 1231 756 1284 λωποδύτης
780 1237 819 1271 et
836 1234 1023 1286 yrcissari
1054 1249 1169 1271 κατα-

294 1286 471 1334 σκάπτω,
499 1290 603 1340 quod
630 1289 963 1341 Gloss.Cy1·ill.p.
980 1293 1073 1330 508.
1100 1303 1169 1327 ex-

293 1344 415 1397 plicat
440 1346 689 1397 confodere,
722 1346 827 1397 quod
852 1347 925 1384 nisi
951 1346 1168 1391 vulnerare,

294 1401 525 1453 transfigere
538 1402 745 1453 significat,
770 1403 835 1440 vix
849 1406 981 1454 potest
995 1403 1168 1454 intelligi.

295 1457 402 1503 Erat,
430 1472 545 1509 quum
561 1459 743 1509 equidem
758 1457 1036 1509 κτιτασᾳάττω,
1064 1459 1167 1510 quod

293 1515 459 1553 eaedem
498 1515 631 1554 Gloss.
669 1529 705 1566 p.
740 1520 833 1556 509.
864 1517 1074 1567 perimere,
1113 1517 1169 1553 in-

292 1572 468 1609 terlicere
533 1573 846 1622 interpretantur,
907 1573 1167 1610 emendarem.

293 1626 430 1667 Gloss.
457 1627 588 1678 Cyrill.
619 1641 656 1678 p.
683 1632 775 1668 532.
807 1631 1024 1668 λωποδυσιά
1053 1643 1169 1681 yras-

291 1685 410 1729 satio,
429 1689 682 1736 9rassatura,
707 1683 929 1735 λωποδύτης
940 1689 1169 1737 yrassatmn

291 1739 355 1777 De
403 1741 595 1791 scriptura
645 1742 848 1787 crassari,
898 1754 999 1791 quae
1053 1741 1169 1779 medii

290 1796 377 1833 aevi
399 1797 548 1834 videtur
568 1809 662 1834 esse
681 1797 837 1848 propria
850 1829 859 1843 ,
887 1797 934 1835 ef.
951 1811 1053 1848 quae
1067 1798 1169 1835 dicta

290 1856 380 1890 sunt
392 1853 442 1891 ad
451 1852 650 1904 Met.11.p.
662 1857 677 1893 1
688 1857 735 1893 31
746 1869 773 1900 .;
792 1854 925 1892 ubiubi
941 1855 1041 1893 enim
1061 1854 1166 1892 istud

289 1907 521 1947 vocabulum
535 1909 640 1960 apud
655 1910 865 1961 Apuleium
880 1910 1040 1962 legitur,
1065 1910 1167 1949 hanc

289 1966 547 2017 corruptelam
576 1966 613 2003 in
637 1981 714 2004 uno
728 1967 956 2017 pluribusve
977 1967 1091 2006 codd.
1111 1968 1165 2005 in-

287 2022 385 2059 veni.
407 2021 662 2073 Quantopere
676 2024 886 2062 erraverint
898 2025 934 2062 in
950 2024 997 2062 iis
1012 2022 1165 2069 librarii,

286 2082 513 2129 argumento
534 2092 629 2117 esse
647 2083 815 2131 possunt
834 2081 970 2119 Gloss.
986 2079 1160 2126 Philox.,

286 2134 322 2172 in
355 2135 496 2185 quibus
527 2149 648 2174 voces
679 2150 862 2189 grassem,
899 2139 1087 2191 9rassari
1112 2137 1161 2175 si-

285 2190 408 2237 milia,
434 2196 582 2230 temere
606 2193 849 2246 miscentur]

342 2249 580 2301 appulisset.
631 2249 787 2301 [Altera
811 2251 959 2301 aliquot
973 2250 1087 2289 codd.
1108 2250 1160 2288 le-

285 2306 359 2343 ctio
397 2309 461 2343 est
497 2305 775 2357 applicuisset.
836 2307 1075 2345 Alterutrum
1111 2321 1161 2345 ex

284 2361 626 2412 interpretamento
669 2363 888 2413 profectum
925 2367 988 2402 est
1018 2363 1160 2402 librarii

284 2418 504 2464 cuiusdam,
531 2431 649 2469 quum
674 2423 878 2471 utrumque
896 2421 998 2459 idem
1018 2421 1159 2471 signifi-

283 2479 356 2513 cet.
407 2474 635 2527 Appellare
666 2475 799 2515 locum
830 2477 927 2515 satis
966 2481 1058 2515 nota
1094 2481 1161 2515 est

282 2529 445 2576 locutio,
482 2545 553 2583 pro
592 2545 668 2583 qua
698 2536 905 2584 praeterea
935 2534 993 2573 ad
1025 2534 1161 2573 locum

281 2587 345 2625 vel
372 2588 465 2626 loco
490 2589 654 2639 saepius
679 2590 878 2628 invenitur.
906 2590 953 2628 cs.
974 2590 1073 2629 Met.
1088 2589 1157 2628 Vl.

279 2658 317 2695 p.
344 2648 438 2684 405.
481 2644 578 2684 Cum
610 2646 789 2697 primum
820 2647 1036 2697 praedicti
1066 2648 1159 2698 iuyi

281 2702 552 2740 conterminos
578 2702 692 2741 locos
716 2702 896 2753 appuli
906 2708 931 2741 t.
957 2702 1004 2741 cf.
1022 2702 1159 2742 Heins.

279 2756 515 2795 adAen.XI.
527 2762 619 2799 261.
648 2758 730 2796 Sed
746 2757 873 2809 magis
889 2759 1021 2809 placet
1034 2759 1156 2797 altera

278 2814 468 2864 scriptura
503 2814 722 2866 adplicuit.
774 2814 1021 2866 Quamquam
1054 2817 1155 2854 enim

278 2869 329 2907 ad
342 2869 469 2908 1000111
483 2869 568 2907 Liv.
584 2870 735 2910 XXIX.
751 2875 816 2911 31.
844 2872 873 2923 ξ.
893 2877 954 2912 11.
971 2876 1009 2910 et
1022 2871 1154 2910 XXX.

279 2928 345 2964 25.
370 2925 400 2974 ὃ.
420 2930 480 2966 12.
503 2940 718 2977 provocare
738 2929 932 2978 potueris,
959 2929 994 2966 in
1012 2929 1155 2979 quibus

278 2981 417 3019 eadem
429 2985 617 3033 reperitur
631 2985 811 3023 lectionis
832 2984 1056 3031 diversitas,
1078 3000 1156 3037 ap-

272 3037 432 3088 pellere
454 3053 546 3077 vero
574 3042 706 3091 optimi
733 3041 846 3080 codd.
873 3042 1081 3093 praebent,
1116 3046 1159 3080 ut

276 3098 408 3132 nostro
429 3108 584 3146 quoque
605 3097 692 3136 loco
715 3098 936 3149 applicare
955 3098 1161 3149 glossema

278 3151 409 3200 possit
435 3164 548 3197 esse,
573 3153 637 3191 hic
660 3157 790 3192 tamen
818 3154 924 3194 aliud
950 3159 1025 3201 est,
1053 3154 1160 3206 quod

1230 569 1293 594 me
1318 560 1467 600 movet,
1492 561 1534 595 ut
1559 558 1769 609 applicuit
1790 557 2020 609 praeferam.
2058 558 2099 596 In

1232 613 1411 651 omnibus
1438 614 1558 659 enim,
1591 627 1691 663 quos
1718 614 1901 664 equidem
1927 614 2102 652 conferre

1230 673 1424 722 poteram,
1452 673 1622 707 veterum
1645 669 1738 708 locis
1761 671 1978 722 adplicare
2001 684 2097 708 sem-

1230 739 1301 776 per
1314 739 1399 764 cum
1420 725 1549 764 dativo
1564 725 1628 763 vel
1641 727 1994 777 praepositionibus
2009 729 2048 765 iu
2064 731 2103 765 ct

1231 783 1289 821 ad
1302 783 1548 827 construitur,
1573 786 1614 820 ut
1627 781 1756 826 lustin.
1772 781 1816 820 ll.
1832 787 1868 823 4.
1895 797 1984 822 cum
2000 784 2102 822 Her-

1232 838 1340 877 cules
1365 853 1388 876 a
1400 839 1429 876 d
1454 839 1592 877 littus
1618 837 1862 878 Amazonum
1882 839 2105 891 appli‘cuit.

1232 893 1346 932 Ovid.
1373 894 1531 933 Heroid.
1544 893 1654 932 XVI.
1680 899 1770 935 123.
1796 895 2036 947 applicor
2060 897 2103 934 in

1232 956 1379 995 terras,
1404 951 1469 989 ubi
1495 950 1713 989 cf.Ruhnk.
1733 965 1770 1003 p.
1787 956 1851 991 94.
1879 950 2104 990 [300111130-

1230 1007 1447 1053 tummodo,
1480 1007 1584 1058 quod
1608 1007 1774 1046 afferunt
1799 1007 1942 1054 lexica,
1975 1021 2104 1046 exem-

1230 1062 1356 1115 plum,
1384 1077 1460 1115 quo
1482 1064 1730 1102 accusativus
1758 1063 1913 1115 legitur,
1940 1068 2002 1103 est
2032 1063 2103 1102 Ul-

1230 1120 1331 1171 pian.
1357 1119 1572 1172 Dig.l.16.
1599 1125 1635 1160 4.
1661 1121 1914 1160 Proconsuli
1940 1122 2105 1160 uecessi-

1230 1182 1351 1216 tatem
1385 1179 1633 1229 impositam,
1673 1191 1752 1228 per
1792 1191 1905 1217 mare
1941 1177 2105 1217 Asiam

1230 1234 1507 1286 applicare,
1523 1233 1950 1284 quemlocumnisiante
1966 1233 2104 1272 oeulos

1228 1289 1363 1328 habuit
1387 1289 1563 1336 Ruhnk.,
1601 1291 1735 1328 nescio
1768 1291 1830 1341 qui
1862 1291 1898 1328 in
1925 1290 2028 1329 Diet.
2054 1290 2105 1328 ad

1228 1344 1345 1384 Ovid.
1359 1345 1608 1386 He1·oid.VlI.
1627 1351 1716 1386 117.
1733 1346 1905 1397 proferre
1917 1348 2104 1398 potuerit:

1231 1404 1450 1454 applicare
1474 1403 1667 1441 nauticum
1692 1404 1852 1441 verbum
1872 1408 1933 1441 est
1953 1417 2022 1454 pro
2038 1417 2104 1455 ap-

1229 1460 1379 1511 pellere
1404 1473 1556 1505 navem,
1594 1464 1633 1497 et
1670 1461 1899 1498 construitur
1929 1459 1991 1496 vel
2018 1473 2102 1498 cum

1229 1516 1376 1557 dativo,
1403 1516 1465 1553 vel
1492 1530 1577 1553 0001
1602 1517 1913 1567 praepositione,
1940 1516 2003 1553 vel
2018 1530 2104 1554 cum

1229 1573 1464 1610 accusativo.
1485 1572 1586 1610 Nam
1603 1586 1719 1622 quum
1733 1573 1820 1623 ipse
1835 1574 2103 1623 111101010οο0-

1227 1630 1480 1666 structionum
1501 1628 1683 1679 exempla
1697 1633 1881 1680 apponat,
1906 1630 2103 1681 posterius

1228 1699 1302 1722 non
1318 1686 1525 1724 confirmat.
1551 1684 1652 1723 Hine
1670 1685 1783 1735 igitur
1801 1685 1932 1735 colligi
1951 1689 2103 1736 potest,

1230 1741 1423 1787 librarios,
1451 1743 1514 1792 qui
1535 1741 1635 1779 hanc
1649 1743 1976 1781 constructionem
1996 1743 2105 1781 verbi

1229 1799 1449 1850 applicare
1475 1812 1549 1836 0011
1576 1802 1850 1849 cognoverant,
1877 1800 2005 1850 potius
2032 1813 2104 1851 ap-

1220 1855 1412 1908 pulisset,
1440 1856 1548 1893 cuius
1569 1869 1654 1893 cum
1681 1857 1903 1893 accusativo
1929 1859 2103 1894 constru-

1226 1911 1301 1949 ctio
1314 1912 1517 1950 tritissima
1529 1915 1608 1957 est,
1623 1912 1872 1958 emendasse,
1888 1925 2003 1963 quam
2019 1913 2104 1950 vice

1224 1981 1343 2006 versa
1367 1969 1585 2020 applicuit.
1614 1967 1689 2006 Cur
1712 1969 1775 2007 isti
1800 1969 1927 2019 priore
1951 1968 2038 2007 loco
2065 1970 2101 2007 in

1226 2024 1440 2076 adpellere
1453 2038 1527 2062 non
1544 2024 1818 2064 offendebant?
1844 2024 1972 2063 Unum
1992 2039 2102 2076 prae-

1222 2084 1332 2119 terea
1361 2085 1501 2121 restat.
1541 2081 1646 2132 quod
1677 2081 1912 2120 monendum
1938 2082 2100 2120 videtur.

1222 2137 1323 2176 Fere
1348 2151 1506 2190 semper
1531 2139 1634 2176 enim
1671 2153 1760 2178 cum
1787 2139 1965 2190 primum
1996 2138 2102 2190 apud

1221 2193 1433 2246 Apuleium
1443 2208 1529 2233 cum
1544 2194 1669 2233 futuro
1685 2199 1824 2233 exacto
1839 2199 2101 2233 constructum

1223 2251 1367 2295 inveni,
1400 2252 1463 2289 ubi
1495 2253 1672 2302 sequitur
1704 2251 1890 2297 futurum,
1928 2251 2099 2302 alioquin

1222 2322 1309 2347 cum
1322 2308 1500 2360 perfeeto
1515 2308 1734 2347 indicative.
1753 2322 1829 2346 000
1849 2311 1995 2346 tantum
2012 2308 2100 2346 1000

1223 2378 1308 2403 cum
1323 2364 1698 2416 plusquamperfeeti
1726 2365 1932 2403 indicativo
1954 2368 1992 2402 et
2005 2365 2099 2402 sub-

1222 2421 1403 2460 iunctim.
1429 2420 1564 2460 Locos
1578 2435 1795 2473 apponam,
1821 2425 1863 2459 ut
1878 2421 1999 2459 lector
2012 2422 2100 2472 ipse

1221 2478 1401 2516 iudicium
1425 2478 1515 2516 inde
1540 2477 1648 2517 ferat.
1674 2477 1770 2516 Met.
1785 2478 1832 2515 V.
1852 2491 1890 2529 p.
1906 2481 2000 2518 354.
2026 2478 2100 2516 sed

1221 2549 1323 2574 cum.
1354 2536 1565 2586 primum
1596 2535 1945 2587 prae-ouationem
1980 2536 2099 2573 istam

1215 2592 1364 2643 plenus
1388 2606 1423 2630 m
1434 2606 1457 2630 a
1467 2596 1577 2630 tura
1588 2606 1606 2629 c
1616 2592 1687 2630 eri
1696 2596 1711 2629 t
1728 2596 1877 2636 uterus,
1895 2591 2099 2643 ophniorc

1217 2651 1363 2700 fructu
1396 2648 1635 2699 praeditam
1677 2647 1979 2687 devoraturum.
2028 2645 2096 2685 Vl.

1220 2708 1361 2755 p.l10l4.
1378 2709 1422 2742 et
1435 2705 1760 2756 cumprimum
1775 2704 2097 2757 niitiqalafuria

1218 2761 1265 2799 la
1277 2775 1340 2799 :ca
1351 2762 1512 2799 verint
1532 2774 1620 2799 ores
1639 2761 1815 2799 animum
1830 2790 1857 2798 ..
1870 2790 1877 2798 .
1888 2791 1897 2799 .
1913 2760 2099 2799 lanosum

1217 2831 1361 2856 auriam
1387 2818 1576 2868 reperies.
1603 2816 1698 2854 Met.
1713 2815 1781 2854 Vl.
1796 2830 1832 2867 p.
1848 2820 1942 2857 430.
1973 2816 2098 2854 Certo

1217 2887 1316 2926 09⁰2
1356 2887 1456 2912 (sum
1490 2874 1695 2925 primum
1719 2874 1945 2911 sarcinas
1982 2873 2095 2915 istas,

1219 2930 1399 2982 quamvis
1430 2930 1579 2968 inritus
1605 2929 1895 2981 pertulerit,
1929 2930 2094 2981 praeci-

1213 2986 1376 3040 pitabo,
1417 2986 1512 3024 Cum
1525 2986 1729 3024 indicativo
1745 2984 1907 3036 perfecti
1922 2988 2097 3023 constru-

1220 3046 1322 3080 ctum
1338 3043 1494 3093 legitur:
1520 3042 1619 3080 Met.
1632 3041 1680 3079 V.
1696 3054 1732 3091 p.
1748 3045 1841 3082 360.
1869 3055 1969 3081 cum
1990 3042 2095 3094 pri-

1219 3113 1336 3138 mum
1374 3100 1536 3139 Iumim‘s
1573 3099 1782 3137 oblatione
1817 3100 1901 3137 tori
1936 3102 2095 3137 secreta

1222 3156 1531 3200 claruerunt,
1567 3155 1678 3194 videt
1718 3154 1898 3194 bestiam.
1934 3167 1972 3205 p.
1999 3156 2094 3196 369.
